<?xml version="1.0" encoding="UTF-8"?>
<root><XmlDocVersion/><ChainId/><SubChainId>1</SubChainId><StoreId>64</StoreId><BikoretNo>9</BikoretNo><Items><item><PriceUpdateDate>2015-11-12 17:55:31</PriceUpdateDate><ItemCode>1002186</ItemCode><ItemType>3</ItemType><ItemName>זיתים מיוחדים במשקל</ItemName><ManufacturerName>לא ידוע</ManufacturerName><ManufactureCountry>ישראל</ManufactureCountry><ManufacturerItemDescription>זיתים מיוחדים במשקל</ManufacturerItemDescription><SoldByWeight/><Quantity>1.00</Quantity><UnitOfMeasure>ק"ג</UnitOfMeasure><QtyInPackage>לא ידוע</QtyInPackage><UnitOfMeasurePrice>52.0000</UnitOfMeasurePrice><AllowDiscount>1</AllowDiscount><ItemStatus>1</ItemStatus><ItemPrice>52.00</ItemPrice></item><item><PriceUpdateDate>2015-11-12 17:55:31</PriceUpdateDate><ItemCode>1002188</ItemCode><ItemType>3</ItemType><ItemName>זיתים מיוחדים במשקל</ItemName><ManufacturerName>לא ידוע</ManufacturerName><ManufactureCountry>ישראל</ManufactureCountry><ManufacturerItemDescription>זיתים מיוחדים במשקל</ManufacturerItemDescription><SoldByWeight/><Quantity>1.00</Quantity><UnitOfMeasure>ק"ג</UnitOfMeasure><QtyInPackage>לא ידוע</QtyInPackage><UnitOfMeasurePrice>52.0000</UnitOfMeasurePrice><AllowDiscount>1</AllowDiscount><ItemStatus>1</ItemStatus><ItemPrice>52.00</ItemPrice></item><item><PriceUpdateDate>2015-11-12 17:55:31</PriceUpdateDate><ItemCode>1002773</ItemCode><ItemType>3</ItemType><ItemName>זיתים שחור/ירוק/חרוז</ItemName><ManufacturerName>B.B.B</ManufacturerName><ManufactureCountry>ישראל</ManufactureCountry><ManufacturerItemDescription>זיתים שחור/ירוק/חרוז</ManufacturerItemDescription><SoldByWeight/><Quantity>1.00</Quantity><UnitOfMeasure>ק"ג</UnitOfMeasure><QtyInPackage>לא ידוע</QtyInPackage><UnitOfMeasurePrice>42.0000</UnitOfMeasurePrice><AllowDiscount>1</AllowDiscount><ItemStatus>1</ItemStatus><ItemPrice>42.00</ItemPrice></item><item><PriceUpdateDate>2015-11-12 17:55:31</PriceUpdateDate><ItemCode>1002775</ItemCode><ItemType>3</ItemType><ItemName>זיתים שחור/ירוק/חרוז</ItemName><ManufacturerName>B.B.B</ManufacturerName><ManufactureCountry>ישראל</ManufactureCountry><ManufacturerItemDescription>זיתים שחור/ירוק/חרוז</ManufacturerItemDescription><SoldByWeight/><Quantity>1.00</Quantity><UnitOfMeasure>ק"ג</UnitOfMeasure><QtyInPackage>לא ידוע</QtyInPackage><UnitOfMeasurePrice>42.0000</UnitOfMeasurePrice><AllowDiscount>1</AllowDiscount><ItemStatus>1</ItemStatus><ItemPrice>42.00</ItemPrice></item><item><PriceUpdateDate>2016-03-22 08:35:43</PriceUpdateDate><ItemCode>1014</ItemCode><ItemType>3</ItemType><ItemName>אבוקדו</ItemName><ManufacturerName>לא ידוע</ManufacturerName><ManufactureCountry>ישראל</ManufactureCountry><ManufacturerItemDescription>אבוקדו</ManufacturerItemDescription><SoldByWeight/><Quantity>1.00</Quantity><UnitOfMeasure>ק"ג</UnitOfMeasure><QtyInPackage>לא ידוע</QtyInPackage><UnitOfMeasurePrice>19.9000</UnitOfMeasurePrice><AllowDiscount>1</AllowDiscount><ItemStatus>1</ItemStatus><ItemPrice>19.90</ItemPrice></item><item><PriceUpdateDate>2016-05-26 09:14:29</PriceUpdateDate><ItemCode>1038</ItemCode><ItemType>3</ItemType><ItemName>אגס לבן</ItemName><ManufacturerName>.N.Y.C</ManufacturerName><ManufactureCountry>ישראל</ManufactureCountry><ManufacturerItemDescription>אגס לבן</ManufacturerItemDescription><SoldByWeight/><Quantity>1.00</Quantity><UnitOfMeasure>ק"ג</UnitOfMeasure><QtyInPackage>לא ידוע</QtyInPackage><UnitOfMeasurePrice>12.9000</UnitOfMeasurePrice><AllowDiscount>1</AllowDiscount><ItemStatus>1</ItemStatus><ItemPrice>12.90</ItemPrice></item><item><PriceUpdateDate>2016-06-17 09:26:05</PriceUpdateDate><ItemCode>1083</ItemCode><ItemType>3</ItemType><ItemName>אפרסקים</ItemName><ManufacturerName>B.B.B</ManufacturerName><ManufactureCountry>ישראל</ManufactureCountry><ManufacturerItemDescription>אפרסקים</ManufacturerItemDescription><SoldByWeight/><Quantity>1.00</Quantity><UnitOfMeasure>ק"ג</UnitOfMeasure><QtyInPackage>לא ידוע</QtyInPackage><UnitOfMeasurePrice>9.9000</UnitOfMeasurePrice><AllowDiscount>1</AllowDiscount><ItemStatus>1</ItemStatus><ItemPrice>9.90</ItemPrice></item><item><PriceUpdateDate>2016-06-07 13:13:18</PriceUpdateDate><ItemCode>1090</ItemCode><ItemType>3</ItemType><ItemName>נקטרינה</ItemName><ManufacturerName>B.B.B</ManufacturerName><ManufactureCountry>ישראל</ManufactureCountry><ManufacturerItemDescription>נקטרינה</ManufacturerItemDescription><SoldByWeight/><Quantity>1.00</Quantity><UnitOfMeasure>ק"ג</UnitOfMeasure><QtyInPackage>לא ידוע</QtyInPackage><UnitOfMeasurePrice>9.9000</UnitOfMeasurePrice><AllowDiscount>1</AllowDiscount><ItemStatus>1</ItemStatus><ItemPrice>9.90</ItemPrice></item><item><PriceUpdateDate>2016-05-03 11:47:50</PriceUpdateDate><ItemCode>1113</ItemCode><ItemType>3</ItemType><ItemName>אשכולית לבנה</ItemName><ManufacturerName>לא ידוע</ManufacturerName><ManufactureCountry>ישראל</ManufactureCountry><ManufacturerItemDescription>אשכולית לבנה</ManufacturerItemDescription><SoldByWeight/><Quantity>1.00</Quantity><UnitOfMeasure>ק"ג</UnitOfMeasure><QtyInPackage>לא ידוע</QtyInPackage><UnitOfMeasurePrice>5.9000</UnitOfMeasurePrice><AllowDiscount>1</AllowDiscount><ItemStatus>1</ItemStatus><ItemPrice>5.90</ItemPrice></item><item><PriceUpdateDate>2015-05-31 10:04:35</PriceUpdateDate><ItemCode>11182700930</ItemCode><ItemType>1</ItemType><ItemName>שעועית אדומה כהה קינ</ItemName><ManufacturerName>קינג קול</ManufacturerName><ManufactureCountry>ישראל</ManufactureCountry><ManufacturerItemDescription>שעועית אדומה כהה קינ</ManufacturerItemDescription><SoldByWeight/><Quantity>439.00</Quantity><UnitOfMeasure>גרם     </UnitOfMeasure><QtyInPackage>לא ידוע</QtyInPackage><UnitOfMeasurePrice>0.0223</UnitOfMeasurePrice><AllowDiscount>1</AllowDiscount><ItemStatus>1</ItemStatus><ItemPrice>9.80</ItemPrice></item><item><PriceUpdateDate>2015-05-31 10:04:35</PriceUpdateDate><ItemCode>11182700954</ItemCode><ItemType>1</ItemType><ItemName>שעועית שחורה 439 גרם</ItemName><ManufacturerName>קינג קול</ManufacturerName><ManufactureCountry>ישראל</ManufactureCountry><ManufacturerItemDescription>שעועית שחורה 439 גרם</ManufacturerItemDescription><SoldByWeight/><Quantity>439.00</Quantity><UnitOfMeasure>גרם     </UnitOfMeasure><QtyInPackage>לא ידוע</QtyInPackage><UnitOfMeasurePrice>0.0223</UnitOfMeasurePrice><AllowDiscount>1</AllowDiscount><ItemStatus>1</ItemStatus><ItemPrice>9.80</ItemPrice></item><item><PriceUpdateDate>2016-06-09 13:07:16</PriceUpdateDate><ItemCode>1120</ItemCode><ItemType>3</ItemType><ItemName>בננות</ItemName><ManufacturerName>B.B.B</ManufacturerName><ManufactureCountry>ישראל</ManufactureCountry><ManufacturerItemDescription>בננות</ManufacturerItemDescription><SoldByWeight/><Quantity>1.00</Quantity><UnitOfMeasure>ק"ג</UnitOfMeasure><QtyInPackage>לא ידוע</QtyInPackage><UnitOfMeasurePrice>13.9000</UnitOfMeasurePrice><AllowDiscount>1</AllowDiscount><ItemStatus>1</ItemStatus><ItemPrice>13.90</ItemPrice></item><item><PriceUpdateDate>2014-11-03 06:38:22</PriceUpdateDate><ItemCode>11210006508</ItemCode><ItemType>1</ItemType><ItemName>רוטב טבסקוחריף 60 מ"</ItemName><ManufacturerName>טבסקו</ManufacturerName><ManufactureCountry>ארצות הברית</ManufactureCountry><ManufacturerItemDescription>רד בול          יה פח250</ManufacturerItemDescription><SoldByWeight/><Quantity>60.00</Quantity><UnitOfMeasure>מ"ל</UnitOfMeasure><QtyInPackage>לא ידוע</QtyInPackage><UnitOfMeasurePrice>0.3700</UnitOfMeasurePrice><AllowDiscount>1</AllowDiscount><ItemStatus>1</ItemStatus><ItemPrice>22.20</ItemPrice></item><item><PriceUpdateDate>2016-03-01 06:42:35</PriceUpdateDate><ItemCode>11210007253</ItemCode><ItemType>1</ItemType><ItemName>רוטב רוטב טבסקו 60 מ</ItemName><ManufacturerName>נתן צבי</ManufacturerName><ManufactureCountry>ארצות הברית</ManufactureCountry><ManufacturerItemDescription>אורביט שלישיה    מנטה3יח</ManufacturerItemDescription><SoldByWeight/><Quantity>60.00</Quantity><UnitOfMeasure>מ"ל</UnitOfMeasure><QtyInPackage>לא ידוע</QtyInPackage><UnitOfMeasurePrice>0.2417</UnitOfMeasurePrice><AllowDiscount>1</AllowDiscount><ItemStatus>1</ItemStatus><ItemPrice>14.50</ItemPrice></item><item><PriceUpdateDate>2016-06-17 09:26:05</PriceUpdateDate><ItemCode>1168</ItemCode><ItemType>3</ItemType><ItemName>לימון מובחר</ItemName><ManufacturerName>.N.Y.C</ManufacturerName><ManufactureCountry>ישראל</ManufactureCountry><ManufacturerItemDescription>לימון מובחר</ManufacturerItemDescription><SoldByWeight/><Quantity>1.00</Quantity><UnitOfMeasure>ק"ג</UnitOfMeasure><QtyInPackage>לא ידוע</QtyInPackage><UnitOfMeasurePrice>12.9000</UnitOfMeasurePrice><AllowDiscount>1</AllowDiscount><ItemStatus>1</ItemStatus><ItemPrice>12.90</ItemPrice></item><item><PriceUpdateDate>2016-06-16 09:40:01</PriceUpdateDate><ItemCode>1182</ItemCode><ItemType>3</ItemType><ItemName>מלון</ItemName><ManufacturerName>לא ידוע</ManufacturerName><ManufactureCountry>ישראל</ManufactureCountry><ManufacturerItemDescription>מלון</ManufacturerItemDescription><SoldByWeight/><Quantity>1.00</Quantity><UnitOfMeasure>ק"ג</UnitOfMeasure><QtyInPackage>לא ידוע</QtyInPackage><UnitOfMeasurePrice>5.9000</UnitOfMeasurePrice><AllowDiscount>1</AllowDiscount><ItemStatus>1</ItemStatus><ItemPrice>5.90</ItemPrice></item><item><PriceUpdateDate>2016-06-17 09:26:05</PriceUpdateDate><ItemCode>1199</ItemCode><ItemType>3</ItemType><ItemName>מנגו</ItemName><ManufacturerName>B.B.B</ManufacturerName><ManufactureCountry>ישראל</ManufactureCountry><ManufacturerItemDescription>מנגו</ManufacturerItemDescription><SoldByWeight/><Quantity>1.00</Quantity><UnitOfMeasure>ק"ג</UnitOfMeasure><QtyInPackage>לא ידוע</QtyInPackage><UnitOfMeasurePrice>15.9000</UnitOfMeasurePrice><AllowDiscount>1</AllowDiscount><ItemStatus>1</ItemStatus><ItemPrice>15.90</ItemPrice></item><item><PriceUpdateDate>2016-05-26 09:14:29</PriceUpdateDate><ItemCode>1205</ItemCode><ItemType>3</ItemType><ItemName>משמש</ItemName><ManufacturerName>7 DAYS</ManufacturerName><ManufactureCountry>ישראל</ManufactureCountry><ManufacturerItemDescription>משמש</ManufacturerItemDescription><SoldByWeight/><Quantity>1.00</Quantity><UnitOfMeasure>ק"ג</UnitOfMeasure><QtyInPackage>לא ידוע</QtyInPackage><UnitOfMeasurePrice>18.9000</UnitOfMeasurePrice><AllowDiscount>1</AllowDiscount><ItemStatus>1</ItemStatus><ItemPrice>18.90</ItemPrice></item><item><PriceUpdateDate>2016-06-15 07:21:28</PriceUpdateDate><ItemCode>1243</ItemCode><ItemType>3</ItemType><ItemName>ענבים שחורים</ItemName><ManufacturerName>.N.Y.C</ManufacturerName><ManufactureCountry>ישראל</ManufactureCountry><ManufacturerItemDescription>ענבים שחורים</ManufacturerItemDescription><SoldByWeight/><Quantity>1.00</Quantity><UnitOfMeasure>ק"ג</UnitOfMeasure><QtyInPackage>לא ידוע</QtyInPackage><UnitOfMeasurePrice>16.9000</UnitOfMeasurePrice><AllowDiscount>1</AllowDiscount><ItemStatus>1</ItemStatus><ItemPrice>16.90</ItemPrice></item><item><PriceUpdateDate>2014-11-03 06:37:49</PriceUpdateDate><ItemCode>1244991</ItemCode><ItemType>3</ItemType><ItemName>פילה חזה עוף טרי</ItemName><ManufacturerName>לא ידוע</ManufacturerName><ManufactureCountry>ישראל</ManufactureCountry><ManufacturerItemDescription>פילה חזה עוף טרי</ManufacturerItemDescription><SoldByWeight/><Quantity>1.00</Quantity><UnitOfMeasure>ק"ג</UnitOfMeasure><QtyInPackage>לא ידוע</QtyInPackage><UnitOfMeasurePrice>40.1000</UnitOfMeasurePrice><AllowDiscount>1</AllowDiscount><ItemStatus>1</ItemStatus><ItemPrice>40.10</ItemPrice></item><item><PriceUpdateDate>2014-11-03 06:37:49</PriceUpdateDate><ItemCode>1244999</ItemCode><ItemType>3</ItemType><ItemName>פילה חזה עוף טרי</ItemName><ManufacturerName>לא ידוע</ManufacturerName><ManufactureCountry>ישראל</ManufactureCountry><ManufacturerItemDescription>פילה חזה עוף טרי</ManufacturerItemDescription><SoldByWeight/><Quantity>1.00</Quantity><UnitOfMeasure>ק"ג</UnitOfMeasure><QtyInPackage>לא ידוע</QtyInPackage><UnitOfMeasurePrice>40.1000</UnitOfMeasurePrice><AllowDiscount>1</AllowDiscount><ItemStatus>1</ItemStatus><ItemPrice>40.10</ItemPrice></item><item><PriceUpdateDate>2016-05-26 10:59:42</PriceUpdateDate><ItemCode>1250</ItemCode><ItemType>3</ItemType><ItemName>אבטיח</ItemName><ManufacturerName>B.B.B</ManufacturerName><ManufactureCountry>ישראל</ManufactureCountry><ManufacturerItemDescription>אבטיח</ManufacturerItemDescription><SoldByWeight/><Quantity>1.00</Quantity><UnitOfMeasure>ק"ג</UnitOfMeasure><QtyInPackage>לא ידוע</QtyInPackage><UnitOfMeasurePrice>3.9000</UnitOfMeasurePrice><AllowDiscount>1</AllowDiscount><ItemStatus>1</ItemStatus><ItemPrice>3.90</ItemPrice></item><item><PriceUpdateDate>2015-10-13 08:51:56</PriceUpdateDate><ItemCode>1274</ItemCode><ItemType>3</ItemType><ItemName>פומלה</ItemName><ManufacturerName>B.B.B</ManufacturerName><ManufactureCountry>ישראל</ManufactureCountry><ManufacturerItemDescription>פומלה</ManufacturerItemDescription><SoldByWeight/><Quantity>1.00</Quantity><UnitOfMeasure>ק"ג</UnitOfMeasure><QtyInPackage>לא ידוע</QtyInPackage><UnitOfMeasurePrice>7.9000</UnitOfMeasurePrice><AllowDiscount>1</AllowDiscount><ItemStatus>1</ItemStatus><ItemPrice>7.90</ItemPrice></item><item><PriceUpdateDate>2015-11-04 06:48:08</PriceUpdateDate><ItemCode>1298</ItemCode><ItemType>3</ItemType><ItemName>פומלית</ItemName><ManufacturerName>B.B.B</ManufacturerName><ManufactureCountry>ישראל</ManufactureCountry><ManufacturerItemDescription>פומלית</ManufacturerItemDescription><SoldByWeight/><Quantity>1.00</Quantity><UnitOfMeasure>ק"ג</UnitOfMeasure><QtyInPackage>לא ידוע</QtyInPackage><UnitOfMeasurePrice>6.9000</UnitOfMeasurePrice><AllowDiscount>1</AllowDiscount><ItemStatus>1</ItemStatus><ItemPrice>6.90</ItemPrice></item><item><PriceUpdateDate>2016-05-30 22:02:34</PriceUpdateDate><ItemCode>13495113506</ItemCode><ItemType>1</ItemType><ItemName>חטיף קליק ביסקויט 75</ItemName><ManufacturerName>קליק ורד הגליל</ManufacturerName><ManufactureCountry>ישראל</ManufactureCountry><ManufacturerItemDescription>קליק ביסקוויט 75 גר</ManufacturerItemDescription><SoldByWeight/><Quantity>75.00</Quantity><UnitOfMeasure>גרם     </UnitOfMeasure><QtyInPackage>לא ידוע</QtyInPackage><UnitOfMeasurePrice>0.0720</UnitOfMeasurePrice><AllowDiscount>1</AllowDiscount><ItemStatus>1</ItemStatus><ItemPrice>5.40</ItemPrice></item><item><PriceUpdateDate>2016-05-30 22:02:34</PriceUpdateDate><ItemCode>13495113513</ItemCode><ItemType>1</ItemType><ItemName>חטיף קליק כדורים 75</ItemName><ManufacturerName>קליק ורד הגליל</ManufacturerName><ManufactureCountry>ישראל</ManufactureCountry><ManufacturerItemDescription>קליק חלב 75 גר</ManufacturerItemDescription><SoldByWeight/><Quantity>75.00</Quantity><UnitOfMeasure>גרם     </UnitOfMeasure><QtyInPackage>לא ידוע</QtyInPackage><UnitOfMeasurePrice>0.0720</UnitOfMeasurePrice><AllowDiscount>1</AllowDiscount><ItemStatus>1</ItemStatus><ItemPrice>5.40</ItemPrice></item><item><PriceUpdateDate>2016-05-30 22:02:35</PriceUpdateDate><ItemCode>13495113520</ItemCode><ItemType>1</ItemType><ItemName>חטיף קליק קורנפלקס 7</ItemName><ManufacturerName>קליק ורד הגליל</ManufacturerName><ManufactureCountry>ישראל</ManufactureCountry><ManufacturerItemDescription>קליק קורנפלקס 75 גר</ManufacturerItemDescription><SoldByWeight/><Quantity>75.00</Quantity><UnitOfMeasure>גרם     </UnitOfMeasure><QtyInPackage>לא ידוע</QtyInPackage><UnitOfMeasurePrice>0.0720</UnitOfMeasurePrice><AllowDiscount>1</AllowDiscount><ItemStatus>1</ItemStatus><ItemPrice>5.40</ItemPrice></item><item><PriceUpdateDate>2016-05-30 22:02:35</PriceUpdateDate><ItemCode>13495113537</ItemCode><ItemType>1</ItemType><ItemName>חטיף קליק חום לבן 75</ItemName><ManufacturerName>קליק ורד הגליל</ManufacturerName><ManufactureCountry>ישראל</ManufactureCountry><ManufacturerItemDescription>קליק חום לבן 75 גרם</ManufacturerItemDescription><SoldByWeight/><Quantity>75.00</Quantity><UnitOfMeasure>גרם     </UnitOfMeasure><QtyInPackage>לא ידוע</QtyInPackage><UnitOfMeasurePrice>0.0720</UnitOfMeasurePrice><AllowDiscount>1</AllowDiscount><ItemStatus>1</ItemStatus><ItemPrice>5.40</ItemPrice></item><item><PriceUpdateDate>2016-05-30 22:02:35</PriceUpdateDate><ItemCode>13495113582</ItemCode><ItemType>1</ItemType><ItemName>חטיף קליק כריות 75 ג</ItemName><ManufacturerName>קליק ורד הגליל</ManufacturerName><ManufactureCountry>ישראל</ManufactureCountry><ManufacturerItemDescription>קליק כריות 75 גר</ManufacturerItemDescription><SoldByWeight/><Quantity>75.00</Quantity><UnitOfMeasure>גרם     </UnitOfMeasure><QtyInPackage>לא ידוע</QtyInPackage><UnitOfMeasurePrice>0.0720</UnitOfMeasurePrice><AllowDiscount>1</AllowDiscount><ItemStatus>1</ItemStatus><ItemPrice>5.40</ItemPrice></item><item><PriceUpdateDate>2015-05-14 09:44:04</PriceUpdateDate><ItemCode>1359</ItemCode><ItemType>3</ItemType><ItemName>שסק</ItemName><ManufacturerName>B.B.B</ManufacturerName><ManufactureCountry>ישראל</ManufactureCountry><ManufacturerItemDescription>שסק</ManufacturerItemDescription><SoldByWeight/><Quantity>1.00</Quantity><UnitOfMeasure>ק"ג</UnitOfMeasure><QtyInPackage>לא ידוע</QtyInPackage><UnitOfMeasurePrice>18.9000</UnitOfMeasurePrice><AllowDiscount>1</AllowDiscount><ItemStatus>1</ItemStatus><ItemPrice>18.90</ItemPrice></item><item><PriceUpdateDate>2014-11-03 06:38:05</PriceUpdateDate><ItemCode>1410</ItemCode><ItemType>3</ItemType><ItemName>תפוח גרנד סמיט</ItemName><ManufacturerName>לא ממותג</ManufacturerName><ManufactureCountry>ישראל</ManufactureCountry><ManufacturerItemDescription>תפוח גרנד סמיט</ManufacturerItemDescription><SoldByWeight/><Quantity>1.00</Quantity><UnitOfMeasure>ק"ג</UnitOfMeasure><QtyInPackage>לא ידוע</QtyInPackage><UnitOfMeasurePrice>9.9000</UnitOfMeasurePrice><AllowDiscount>1</AllowDiscount><ItemStatus>1</ItemStatus><ItemPrice>9.90</ItemPrice></item><item><PriceUpdateDate>2014-11-03 06:38:05</PriceUpdateDate><ItemCode>1427</ItemCode><ItemType>3</ItemType><ItemName>תפוח זהוב גדול</ItemName><ManufacturerName>לא ידוע</ManufacturerName><ManufactureCountry>ישראל</ManufactureCountry><ManufacturerItemDescription>תפוח זהוב גדול</ManufacturerItemDescription><SoldByWeight/><Quantity>1.00</Quantity><UnitOfMeasure>ק"ג</UnitOfMeasure><QtyInPackage>לא ידוע</QtyInPackage><UnitOfMeasurePrice>9.9000</UnitOfMeasurePrice><AllowDiscount>1</AllowDiscount><ItemStatus>1</ItemStatus><ItemPrice>9.90</ItemPrice></item><item><PriceUpdateDate>2016-05-26 09:14:29</PriceUpdateDate><ItemCode>1441</ItemCode><ItemType>3</ItemType><ItemName>תפוח חרמון</ItemName><ManufacturerName>לא ממותג</ManufacturerName><ManufactureCountry>ישראל</ManufactureCountry><ManufacturerItemDescription>תפוח חרמון</ManufacturerItemDescription><SoldByWeight/><Quantity>1.00</Quantity><UnitOfMeasure>ק"ג</UnitOfMeasure><QtyInPackage>לא ידוע</QtyInPackage><UnitOfMeasurePrice>13.9000</UnitOfMeasurePrice><AllowDiscount>1</AllowDiscount><ItemStatus>1</ItemStatus><ItemPrice>13.90</ItemPrice></item><item><PriceUpdateDate>2016-04-11 06:56:15</PriceUpdateDate><ItemCode>1533</ItemCode><ItemType>3</ItemType><ItemName>בצל יבש מובחר</ItemName><ManufacturerName>B.B.B</ManufacturerName><ManufactureCountry>ישראל</ManufactureCountry><ManufacturerItemDescription>בצל יבש מובחר</ManufacturerItemDescription><SoldByWeight/><Quantity>1.00</Quantity><UnitOfMeasure>ק"ג</UnitOfMeasure><QtyInPackage>לא ידוע</QtyInPackage><UnitOfMeasurePrice>4.9000</UnitOfMeasurePrice><AllowDiscount>1</AllowDiscount><ItemStatus>1</ItemStatus><ItemPrice>4.90</ItemPrice></item><item><PriceUpdateDate>2016-05-20 07:21:02</PriceUpdateDate><ItemCode>1540</ItemCode><ItemType>3</ItemType><ItemName>דלורית</ItemName><ManufacturerName>B.B.B</ManufacturerName><ManufactureCountry>ישראל</ManufactureCountry><ManufacturerItemDescription>דלורית</ManufacturerItemDescription><SoldByWeight/><Quantity>1.00</Quantity><UnitOfMeasure>ק"ג</UnitOfMeasure><QtyInPackage>לא ידוע</QtyInPackage><UnitOfMeasurePrice>6.9000</UnitOfMeasurePrice><AllowDiscount>1</AllowDiscount><ItemStatus>1</ItemStatus><ItemPrice>6.90</ItemPrice></item><item><PriceUpdateDate>2016-05-24 09:40:08</PriceUpdateDate><ItemCode>1557</ItemCode><ItemType>3</ItemType><ItemName>בטטה מובחרת</ItemName><ManufacturerName>B.B.B</ManufacturerName><ManufactureCountry>ישראל</ManufactureCountry><ManufacturerItemDescription>בטטה מובחרת</ManufacturerItemDescription><SoldByWeight/><Quantity>1.00</Quantity><UnitOfMeasure>ק"ג</UnitOfMeasure><QtyInPackage>לא ידוע</QtyInPackage><UnitOfMeasurePrice>11.9000</UnitOfMeasurePrice><AllowDiscount>1</AllowDiscount><ItemStatus>1</ItemStatus><ItemPrice>11.90</ItemPrice></item><item><PriceUpdateDate>2016-03-29 13:00:12</PriceUpdateDate><ItemCode>1571</ItemCode><ItemType>3</ItemType><ItemName>גזר ארוז</ItemName><ManufacturerName>B.B.B</ManufacturerName><ManufactureCountry>ישראל</ManufactureCountry><ManufacturerItemDescription>גזר ארוז</ManufacturerItemDescription><SoldByWeight/><Quantity>1.00</Quantity><UnitOfMeasure>ק"ג</UnitOfMeasure><QtyInPackage>לא ידוע</QtyInPackage><UnitOfMeasurePrice>4.9000</UnitOfMeasurePrice><AllowDiscount>1</AllowDiscount><ItemStatus>1</ItemStatus><ItemPrice>4.90</ItemPrice></item><item><PriceUpdateDate>2016-05-20 07:21:02</PriceUpdateDate><ItemCode>1595</ItemCode><ItemType>3</ItemType><ItemName>דלעת</ItemName><ManufacturerName>B.B.B</ManufacturerName><ManufactureCountry>ישראל</ManufactureCountry><ManufacturerItemDescription>דלעת</ManufacturerItemDescription><SoldByWeight/><Quantity>1.00</Quantity><UnitOfMeasure>ק"ג</UnitOfMeasure><QtyInPackage>לא ידוע</QtyInPackage><UnitOfMeasurePrice>9.9000</UnitOfMeasurePrice><AllowDiscount>1</AllowDiscount><ItemStatus>1</ItemStatus><ItemPrice>9.90</ItemPrice></item><item><PriceUpdateDate>2016-05-30 22:02:35</PriceUpdateDate><ItemCode>16000281684</ItemCode><ItemType>1</ItemType><ItemName>נייטשר וואלי קראנצ'י</ItemName><ManufacturerName>Nature Valley</ManufacturerName><ManufactureCountry>ארצות הברית</ManufactureCountry><ManufacturerItemDescription>חמצוצים קולה    ה 100גרם</ManufacturerItemDescription><SoldByWeight/><Quantity>210.00</Quantity><UnitOfMeasure>גרם     </UnitOfMeasure><QtyInPackage>לא ידוע</QtyInPackage><UnitOfMeasurePrice>0.0757</UnitOfMeasurePrice><AllowDiscount>1</AllowDiscount><ItemStatus>1</ItemStatus><ItemPrice>15.90</ItemPrice></item><item><PriceUpdateDate>2016-05-30 22:02:35</PriceUpdateDate><ItemCode>16000423534</ItemCode><ItemType>1</ItemType><ItemName>נייטשר וואלי קראנצ'י</ItemName><ManufacturerName>Nature Valley</ManufacturerName><ManufactureCountry>ארצות הברית</ManufactureCountry><ManufacturerItemDescription>רוטב ברביקיו    'ס 510 ג</ManufacturerItemDescription><SoldByWeight/><Quantity>175.00</Quantity><UnitOfMeasure>גרם     </UnitOfMeasure><QtyInPackage>לא ידוע</QtyInPackage><UnitOfMeasurePrice>0.0909</UnitOfMeasurePrice><AllowDiscount>1</AllowDiscount><ItemStatus>1</ItemStatus><ItemPrice>15.90</ItemPrice></item><item><PriceUpdateDate>2016-05-30 22:02:35</PriceUpdateDate><ItemCode>16000461888</ItemCode><ItemType>1</ItemType><ItemName>נייטשר וואלי קראנצ'י</ItemName><ManufacturerName>Nature Valley</ManufacturerName><ManufactureCountry>ארצות הברית</ManufactureCountry><ManufacturerItemDescription>רוטב ברביקיו    ל ודבש</ManufacturerItemDescription><SoldByWeight/><Quantity>210.00</Quantity><UnitOfMeasure>גרם     </UnitOfMeasure><QtyInPackage>לא ידוע</QtyInPackage><UnitOfMeasurePrice>0.0757</UnitOfMeasurePrice><AllowDiscount>1</AllowDiscount><ItemStatus>1</ItemStatus><ItemPrice>15.90</ItemPrice></item><item><PriceUpdateDate>2016-05-30 22:02:35</PriceUpdateDate><ItemCode>16000548404</ItemCode><ItemType>1</ItemType><ItemName>נייטשר וואלי קראנצ'י</ItemName><ManufacturerName>Nature Valley</ManufacturerName><ManufactureCountry>ספרד</ManufactureCountry><ManufacturerItemDescription>חמוציות במיץ רימונים 142</ManufacturerItemDescription><SoldByWeight/><Quantity>210.00</Quantity><UnitOfMeasure>גרם     </UnitOfMeasure><QtyInPackage>לא ידוע</QtyInPackage><UnitOfMeasurePrice>0.0757</UnitOfMeasurePrice><AllowDiscount>1</AllowDiscount><ItemStatus>1</ItemStatus><ItemPrice>15.90</ItemPrice></item><item><PriceUpdateDate>2016-05-30 22:02:35</PriceUpdateDate><ItemCode>16000548503</ItemCode><ItemType>1</ItemType><ItemName>נייטשר וואלי קראנצ'י</ItemName><ManufacturerName>Nature Valley</ManufacturerName><ManufactureCountry>ספרד</ManufactureCountry><ManufacturerItemDescription>משחת שיניים      פרש100מ</ManufacturerItemDescription><SoldByWeight/><Quantity>210.00</Quantity><UnitOfMeasure>גרם     </UnitOfMeasure><QtyInPackage>לא ידוע</QtyInPackage><UnitOfMeasurePrice>0.0757</UnitOfMeasurePrice><AllowDiscount>1</AllowDiscount><ItemStatus>1</ItemStatus><ItemPrice>15.90</ItemPrice></item><item><PriceUpdateDate>2016-05-30 07:13:20</PriceUpdateDate><ItemCode>1618</ItemCode><ItemType>3</ItemType><ItemName>חציל חממה מובחר</ItemName><ManufacturerName>B.B.B</ManufacturerName><ManufactureCountry>ישראל</ManufactureCountry><ManufacturerItemDescription>חציל חממה מובחר</ManufacturerItemDescription><SoldByWeight/><Quantity>1.00</Quantity><UnitOfMeasure>ק"ג</UnitOfMeasure><QtyInPackage>לא ידוע</QtyInPackage><UnitOfMeasurePrice>6.9000</UnitOfMeasurePrice><AllowDiscount>1</AllowDiscount><ItemStatus>1</ItemStatus><ItemPrice>6.90</ItemPrice></item><item><PriceUpdateDate>2016-06-17 09:26:05</PriceUpdateDate><ItemCode>1625</ItemCode><ItemType>3</ItemType><ItemName>כרובית</ItemName><ManufacturerName>B.B.B</ManufacturerName><ManufactureCountry>ישראל</ManufactureCountry><ManufacturerItemDescription>כרובית</ManufacturerItemDescription><SoldByWeight/><Quantity>1.00</Quantity><UnitOfMeasure>ק"ג</UnitOfMeasure><QtyInPackage>לא ידוע</QtyInPackage><UnitOfMeasurePrice>9.9000</UnitOfMeasurePrice><AllowDiscount>1</AllowDiscount><ItemStatus>1</ItemStatus><ItemPrice>9.90</ItemPrice></item><item><PriceUpdateDate>2016-01-14 09:15:35</PriceUpdateDate><ItemCode>1632</ItemCode><ItemType>3</ItemType><ItemName>כרוב לבן</ItemName><ManufacturerName>.N.Y.C</ManufacturerName><ManufactureCountry>ישראל</ManufactureCountry><ManufacturerItemDescription>כרוב לבן</ManufacturerItemDescription><SoldByWeight/><Quantity>1.00</Quantity><UnitOfMeasure>ק"ג</UnitOfMeasure><QtyInPackage>לא ידוע</QtyInPackage><UnitOfMeasurePrice>5.9000</UnitOfMeasurePrice><AllowDiscount>1</AllowDiscount><ItemStatus>1</ItemStatus><ItemPrice>5.90</ItemPrice></item><item><PriceUpdateDate>2016-03-15 09:11:30</PriceUpdateDate><ItemCode>1649</ItemCode><ItemType>3</ItemType><ItemName>כרוב אדום</ItemName><ManufacturerName>.N.Y.C</ManufacturerName><ManufactureCountry>ישראל</ManufactureCountry><ManufacturerItemDescription>כרוב אדום</ManufacturerItemDescription><SoldByWeight/><Quantity>1.00</Quantity><UnitOfMeasure>ק"ג</UnitOfMeasure><QtyInPackage>לא ידוע</QtyInPackage><UnitOfMeasurePrice>5.9000</UnitOfMeasurePrice><AllowDiscount>1</AllowDiscount><ItemStatus>1</ItemStatus><ItemPrice>5.90</ItemPrice></item><item><PriceUpdateDate>2016-02-17 07:53:58</PriceUpdateDate><ItemCode>1670</ItemCode><ItemType>3</ItemType><ItemName>לוף כרישה</ItemName><ManufacturerName>B.B.B</ManufacturerName><ManufactureCountry>ישראל</ManufactureCountry><ManufacturerItemDescription>לוף כרישה</ManufacturerItemDescription><SoldByWeight/><Quantity>1.00</Quantity><UnitOfMeasure>ק"ג</UnitOfMeasure><QtyInPackage>לא ידוע</QtyInPackage><UnitOfMeasurePrice>9.9000</UnitOfMeasurePrice><AllowDiscount>1</AllowDiscount><ItemStatus>1</ItemStatus><ItemPrice>9.90</ItemPrice></item><item><PriceUpdateDate>2016-06-01 06:52:45</PriceUpdateDate><ItemCode>16800204470</ItemCode><ItemType>1</ItemType><ItemName>פחם רויאל נדלק בקלות</ItemName><ManufacturerName>לא ממותג</ManufacturerName><ManufactureCountry>ישראל</ManufactureCountry><ManufacturerItemDescription>פחם רויאל נדלק בקלות</ManufacturerItemDescription><SoldByWeight/><Quantity>3000.00</Quantity><UnitOfMeasure>גרם     </UnitOfMeasure><QtyInPackage>לא ידוע</QtyInPackage><UnitOfMeasurePrice>0.0117</UnitOfMeasurePrice><AllowDiscount>1</AllowDiscount><ItemStatus>1</ItemStatus><ItemPrice>35.00</ItemPrice></item><item><PriceUpdateDate>2016-06-16 10:11:36</PriceUpdateDate><ItemCode>1694</ItemCode><ItemType>3</ItemType><ItemName>מלפפון מובחר</ItemName><ManufacturerName>B.B.B</ManufacturerName><ManufactureCountry>ישראל</ManufactureCountry><ManufacturerItemDescription>מלפפון מובחר</ManufacturerItemDescription><SoldByWeight/><Quantity>1.00</Quantity><UnitOfMeasure>ק"ג</UnitOfMeasure><QtyInPackage>לא ידוע</QtyInPackage><UnitOfMeasurePrice>5.9000</UnitOfMeasurePrice><AllowDiscount>1</AllowDiscount><ItemStatus>1</ItemStatus><ItemPrice>5.90</ItemPrice></item><item><PriceUpdateDate>2016-04-21 09:41:31</PriceUpdateDate><ItemCode>1724</ItemCode><ItemType>3</ItemType><ItemName>סלק אדום מובחר</ItemName><ManufacturerName>B.B.B</ManufacturerName><ManufactureCountry>ישראל</ManufactureCountry><ManufacturerItemDescription>סלק אדום מובחר</ManufacturerItemDescription><SoldByWeight/><Quantity>1.00</Quantity><UnitOfMeasure>ק"ג</UnitOfMeasure><QtyInPackage>לא ידוע</QtyInPackage><UnitOfMeasurePrice>5.9000</UnitOfMeasurePrice><AllowDiscount>1</AllowDiscount><ItemStatus>1</ItemStatus><ItemPrice>5.90</ItemPrice></item><item><PriceUpdateDate>2015-10-11 10:36:18</PriceUpdateDate><ItemCode>175210</ItemCode><ItemType>3</ItemType><ItemName>גבינה מרוסקת צהובה ב</ItemName><ManufacturerName>לא ממותג</ManufacturerName><ManufactureCountry>ישראל</ManufactureCountry><ManufacturerItemDescription>גבינה מרוסקת צהובה ב</ManufacturerItemDescription><SoldByWeight/><Quantity>1.00</Quantity><UnitOfMeasure>ק"ג</UnitOfMeasure><QtyInPackage>לא ידוע</QtyInPackage><UnitOfMeasurePrice>48.9000</UnitOfMeasurePrice><AllowDiscount>1</AllowDiscount><ItemStatus>1</ItemStatus><ItemPrice>48.90</ItemPrice></item><item><PriceUpdateDate>2015-10-11 10:36:18</PriceUpdateDate><ItemCode>175218</ItemCode><ItemType>3</ItemType><ItemName>גבינה מרוסקת צהובה ב</ItemName><ManufacturerName>לא ממותג</ManufacturerName><ManufactureCountry>ישראל</ManufactureCountry><ManufacturerItemDescription>גבינה מרוסקת צהובה ב</ManufacturerItemDescription><SoldByWeight/><Quantity>1.00</Quantity><UnitOfMeasure>ק"ג</UnitOfMeasure><QtyInPackage>לא ידוע</QtyInPackage><UnitOfMeasurePrice>48.9000</UnitOfMeasurePrice><AllowDiscount>1</AllowDiscount><ItemStatus>1</ItemStatus><ItemPrice>48.90</ItemPrice></item><item><PriceUpdateDate>2016-05-24 09:29:59</PriceUpdateDate><ItemCode>1755</ItemCode><ItemType>3</ItemType><ItemName>עגבנייה מובחרת</ItemName><ManufacturerName>B.B.B</ManufacturerName><ManufactureCountry>ישראל</ManufactureCountry><ManufacturerItemDescription>עגבנייה מובחרת</ManufacturerItemDescription><SoldByWeight/><Quantity>1.00</Quantity><UnitOfMeasure>ק"ג</UnitOfMeasure><QtyInPackage>לא ידוע</QtyInPackage><UnitOfMeasurePrice>5.9000</UnitOfMeasurePrice><AllowDiscount>1</AllowDiscount><ItemStatus>1</ItemStatus><ItemPrice>5.90</ItemPrice></item><item><PriceUpdateDate>2014-11-03 06:37:10</PriceUpdateDate><ItemCode>17600087379</ItemCode><ItemType>1</ItemType><ItemName>פלפל חלפניו שלם חריף</ItemName><ManufacturerName>לא ממותג</ManufacturerName><ManufactureCountry>ישראל</ManufactureCountry><ManufacturerItemDescription>פלפל חלפניו שלם חריף</ManufacturerItemDescription><SoldByWeight/><Quantity>340.00</Quantity><UnitOfMeasure>גרם     </UnitOfMeasure><QtyInPackage>לא ידוע</QtyInPackage><UnitOfMeasurePrice>0.0526</UnitOfMeasurePrice><AllowDiscount>1</AllowDiscount><ItemStatus>1</ItemStatus><ItemPrice>17.90</ItemPrice></item><item><PriceUpdateDate>2016-06-02 12:20:27</PriceUpdateDate><ItemCode>1779</ItemCode><ItemType>3</ItemType><ItemName>פלפל בהיר</ItemName><ManufacturerName>B.B.B</ManufacturerName><ManufactureCountry>ישראל</ManufactureCountry><ManufacturerItemDescription>פלפל בהיר</ManufacturerItemDescription><SoldByWeight/><Quantity>1.00</Quantity><UnitOfMeasure>ק"ג</UnitOfMeasure><QtyInPackage>לא ידוע</QtyInPackage><UnitOfMeasurePrice>9.9000</UnitOfMeasurePrice><AllowDiscount>1</AllowDiscount><ItemStatus>1</ItemStatus><ItemPrice>9.90</ItemPrice></item><item><PriceUpdateDate>2016-05-30 07:13:20</PriceUpdateDate><ItemCode>1786</ItemCode><ItemType>3</ItemType><ItemName>פלפל ירוק כהה</ItemName><ManufacturerName>B.B.B</ManufacturerName><ManufactureCountry>ישראל</ManufactureCountry><ManufacturerItemDescription>פלפל ירוק כהה</ManufacturerItemDescription><SoldByWeight/><Quantity>1.00</Quantity><UnitOfMeasure>ק"ג</UnitOfMeasure><QtyInPackage>לא ידוע</QtyInPackage><UnitOfMeasurePrice>9.9000</UnitOfMeasurePrice><AllowDiscount>1</AllowDiscount><ItemStatus>1</ItemStatus><ItemPrice>9.90</ItemPrice></item><item><PriceUpdateDate>2016-06-09 13:07:16</PriceUpdateDate><ItemCode>1793</ItemCode><ItemType>3</ItemType><ItemName>פלפל חריף</ItemName><ManufacturerName>B.B.B</ManufacturerName><ManufactureCountry>ישראל</ManufactureCountry><ManufacturerItemDescription>פלפל חריף</ManufacturerItemDescription><SoldByWeight/><Quantity>1.00</Quantity><UnitOfMeasure>ק"ג</UnitOfMeasure><QtyInPackage>לא ידוע</QtyInPackage><UnitOfMeasurePrice>9.9000</UnitOfMeasurePrice><AllowDiscount>1</AllowDiscount><ItemStatus>1</ItemStatus><ItemPrice>9.90</ItemPrice></item><item><PriceUpdateDate>2016-03-09 12:57:30</PriceUpdateDate><ItemCode>18000701223</ItemCode><ItemType>1</ItemType><ItemName>תערובת לעוגת שוקולד</ItemName><ManufacturerName>ליימן חטיבת המותגים</ManufacturerName><ManufactureCountry>ישראל</ManufactureCountry><ManufacturerItemDescription>תערובת לעוגת שוק.דוילספוד</ManufacturerItemDescription><SoldByWeight/><Quantity>500.00</Quantity><UnitOfMeasure>גרם     </UnitOfMeasure><QtyInPackage>לא ידוע</QtyInPackage><UnitOfMeasurePrice>0.0398</UnitOfMeasurePrice><AllowDiscount>1</AllowDiscount><ItemStatus>1</ItemStatus><ItemPrice>19.90</ItemPrice></item><item><PriceUpdateDate>2016-03-09 12:57:30</PriceUpdateDate><ItemCode>18000703517</ItemCode><ItemType>1</ItemType><ItemName>תערובת לעוגת שיש 500</ItemName><ManufacturerName>ליימן חטיבת המותגים</ManufacturerName><ManufactureCountry>ישראל</ManufactureCountry><ManufacturerItemDescription>תערובת לעוגת שיש 559 גר</ManufacturerItemDescription><SoldByWeight/><Quantity>550.00</Quantity><UnitOfMeasure>גרם     </UnitOfMeasure><QtyInPackage>לא ידוע</QtyInPackage><UnitOfMeasurePrice>0.0362</UnitOfMeasurePrice><AllowDiscount>1</AllowDiscount><ItemStatus>1</ItemStatus><ItemPrice>19.90</ItemPrice></item><item><PriceUpdateDate>2016-03-09 12:57:30</PriceUpdateDate><ItemCode>18000766413</ItemCode><ItemType>1</ItemType><ItemName>תערובת לבראוניס 550</ItemName><ManufacturerName>ליימן חטיבת המותגים</ManufacturerName><ManufactureCountry>ישראל</ManufactureCountry><ManufacturerItemDescription>תערובת לעוגת בראוניס 550</ManufacturerItemDescription><SoldByWeight/><Quantity>550.00</Quantity><UnitOfMeasure>גרם     </UnitOfMeasure><QtyInPackage>לא ידוע</QtyInPackage><UnitOfMeasurePrice>0.0362</UnitOfMeasurePrice><AllowDiscount>1</AllowDiscount><ItemStatus>1</ItemStatus><ItemPrice>19.90</ItemPrice></item><item><PriceUpdateDate>2016-06-01 08:22:27</PriceUpdateDate><ItemCode>1809</ItemCode><ItemType>3</ItemType><ItemName>פלפל אדום מובחר</ItemName><ManufacturerName>B.B.B</ManufacturerName><ManufactureCountry>ישראל</ManufactureCountry><ManufacturerItemDescription>פלפל אדום מובחר</ManufacturerItemDescription><SoldByWeight/><Quantity>1.00</Quantity><UnitOfMeasure>ק"ג</UnitOfMeasure><QtyInPackage>לא ידוע</QtyInPackage><UnitOfMeasurePrice>10.9000</UnitOfMeasurePrice><AllowDiscount>1</AllowDiscount><ItemStatus>1</ItemStatus><ItemPrice>10.90</ItemPrice></item><item><PriceUpdateDate>2016-05-23 06:46:15</PriceUpdateDate><ItemCode>1830</ItemCode><ItemType>3</ItemType><ItemName>קולורבי</ItemName><ManufacturerName>B.B.B</ManufacturerName><ManufactureCountry>ישראל</ManufactureCountry><ManufacturerItemDescription>קולורבי</ManufacturerItemDescription><SoldByWeight/><Quantity>1.00</Quantity><UnitOfMeasure>ק"ג</UnitOfMeasure><QtyInPackage>לא ידוע</QtyInPackage><UnitOfMeasurePrice>8.9000</UnitOfMeasurePrice><AllowDiscount>1</AllowDiscount><ItemStatus>1</ItemStatus><ItemPrice>8.90</ItemPrice></item><item><PriceUpdateDate>2016-06-14 15:39:26</PriceUpdateDate><ItemCode>1847</ItemCode><ItemType>3</ItemType><ItemName>קישואים לבנים</ItemName><ManufacturerName>B.B.B</ManufacturerName><ManufactureCountry>ישראל</ManufactureCountry><ManufacturerItemDescription>קישואים לבנים</ManufacturerItemDescription><SoldByWeight/><Quantity>1.00</Quantity><UnitOfMeasure>ק"ג</UnitOfMeasure><QtyInPackage>לא ידוע</QtyInPackage><UnitOfMeasurePrice>8.9000</UnitOfMeasurePrice><AllowDiscount>1</AllowDiscount><ItemStatus>1</ItemStatus><ItemPrice>8.90</ItemPrice></item><item><PriceUpdateDate>2016-01-18 09:36:53</PriceUpdateDate><ItemCode>1908</ItemCode><ItemType>3</ItemType><ItemName>שעועית ירוקה</ItemName><ManufacturerName>B.B.B</ManufacturerName><ManufactureCountry>ישראל</ManufactureCountry><ManufacturerItemDescription>שעועית ירוקה</ManufacturerItemDescription><SoldByWeight/><Quantity>1.00</Quantity><UnitOfMeasure>ק"ג</UnitOfMeasure><QtyInPackage>לא ידוע</QtyInPackage><UnitOfMeasurePrice>19.9000</UnitOfMeasurePrice><AllowDiscount>1</AllowDiscount><ItemStatus>1</ItemStatus><ItemPrice>19.90</ItemPrice></item><item><PriceUpdateDate>2016-05-31 12:02:35</PriceUpdateDate><ItemCode>1939</ItemCode><ItemType>3</ItemType><ItemName>תירס אמריקאי</ItemName><ManufacturerName>B.B.B</ManufacturerName><ManufactureCountry>ישראל</ManufactureCountry><ManufacturerItemDescription>תירס אמריקאי</ManufacturerItemDescription><SoldByWeight/><Quantity>1.00</Quantity><UnitOfMeasure>ק"ג</UnitOfMeasure><QtyInPackage>לא ידוע</QtyInPackage><UnitOfMeasurePrice>8.9000</UnitOfMeasurePrice><AllowDiscount>1</AllowDiscount><ItemStatus>1</ItemStatus><ItemPrice>8.90</ItemPrice></item><item><PriceUpdateDate>2016-05-31 12:02:35</PriceUpdateDate><ItemCode>1946</ItemCode><ItemType>3</ItemType><ItemName>תפוח אדמה לבן</ItemName><ManufacturerName>B.B.B</ManufacturerName><ManufactureCountry>ישראל</ManufactureCountry><ManufacturerItemDescription>תפוח אדמה לבן</ManufacturerItemDescription><SoldByWeight/><Quantity>1.00</Quantity><UnitOfMeasure>ק"ג</UnitOfMeasure><QtyInPackage>לא ידוע</QtyInPackage><UnitOfMeasurePrice>4.9000</UnitOfMeasurePrice><AllowDiscount>1</AllowDiscount><ItemStatus>1</ItemStatus><ItemPrice>4.90</ItemPrice></item><item><PriceUpdateDate>2015-10-14 07:07:32</PriceUpdateDate><ItemCode>195480030088</ItemCode><ItemType>1</ItemType><ItemName>צימקאו מריר 300 גרם</ItemName><ManufacturerName>לא ממותג</ManufacturerName><ManufactureCountry>לא ידוע</ManufactureCountry><ManufacturerItemDescription>צימקאו מריר 300 גרם</ManufacturerItemDescription><SoldByWeight/><Quantity>300.00</Quantity><UnitOfMeasure>גרם     </UnitOfMeasure><QtyInPackage>לא ידוע</QtyInPackage><UnitOfMeasurePrice>0.0330</UnitOfMeasurePrice><AllowDiscount>1</AllowDiscount><ItemStatus>1</ItemStatus><ItemPrice>9.90</ItemPrice></item><item><PriceUpdateDate>2016-03-29 13:00:12</PriceUpdateDate><ItemCode>2028</ItemCode><ItemType>3</ItemType><ItemName>ברוקולי</ItemName><ManufacturerName>B.B.B</ManufacturerName><ManufactureCountry>ישראל</ManufactureCountry><ManufacturerItemDescription>ברוקולי</ManufacturerItemDescription><SoldByWeight/><Quantity>1.00</Quantity><UnitOfMeasure>ק"ג</UnitOfMeasure><QtyInPackage>לא ידוע</QtyInPackage><UnitOfMeasurePrice>18.9000</UnitOfMeasurePrice><AllowDiscount>1</AllowDiscount><ItemStatus>1</ItemStatus><ItemPrice>18.90</ItemPrice></item><item><PriceUpdateDate>2016-06-09 13:07:16</PriceUpdateDate><ItemCode>2073</ItemCode><ItemType>3</ItemType><ItemName>קיווי</ItemName><ManufacturerName>B.B.B</ManufacturerName><ManufactureCountry>ישראל</ManufactureCountry><ManufacturerItemDescription>קיווי</ManufacturerItemDescription><SoldByWeight/><Quantity>1.00</Quantity><UnitOfMeasure>ק"ג</UnitOfMeasure><QtyInPackage>לא ידוע</QtyInPackage><UnitOfMeasurePrice>35.9000</UnitOfMeasurePrice><AllowDiscount>1</AllowDiscount><ItemStatus>1</ItemStatus><ItemPrice>35.90</ItemPrice></item><item><PriceUpdateDate>2016-04-15 07:25:29</PriceUpdateDate><ItemCode>2127</ItemCode><ItemType>3</ItemType><ItemName>תפוח עץ  קירפס פינק</ItemName><ManufacturerName>דוד פרנקו</ManufacturerName><ManufactureCountry>ישראל</ManufactureCountry><ManufacturerItemDescription>תפוח עץ  קירפס פינק</ManufacturerItemDescription><SoldByWeight/><Quantity>1.00</Quantity><UnitOfMeasure>ק"ג</UnitOfMeasure><QtyInPackage>לא ידוע</QtyInPackage><UnitOfMeasurePrice>16.9000</UnitOfMeasurePrice><AllowDiscount>1</AllowDiscount><ItemStatus>1</ItemStatus><ItemPrice>16.90</ItemPrice></item><item><PriceUpdateDate>2015-08-04 09:21:43</PriceUpdateDate><ItemCode>2133986</ItemCode><ItemType>3</ItemType><ItemName>חמאת עיזים במשקל</ItemName><ManufacturerName>מחלבת השומרון</ManufacturerName><ManufactureCountry>לא ידוע</ManufactureCountry><ManufacturerItemDescription>חמאת עיזים במשקל</ManufacturerItemDescription><SoldByWeight/><Quantity>1.00</Quantity><UnitOfMeasure>ק"ג</UnitOfMeasure><QtyInPackage>לא ידוע</QtyInPackage><UnitOfMeasurePrice>69.0000</UnitOfMeasurePrice><AllowDiscount>1</AllowDiscount><ItemStatus>1</ItemStatus><ItemPrice>69.00</ItemPrice></item><item><PriceUpdateDate>2016-02-09 09:00:17</PriceUpdateDate><ItemCode>215</ItemCode><ItemType>3</ItemType><ItemName>בצל אדום</ItemName><ManufacturerName>B.B.B</ManufacturerName><ManufactureCountry>ישראל</ManufactureCountry><ManufacturerItemDescription>בצל אדום</ManufacturerItemDescription><SoldByWeight/><Quantity>1.00</Quantity><UnitOfMeasure>ק"ג</UnitOfMeasure><QtyInPackage>לא ידוע</QtyInPackage><UnitOfMeasurePrice>6.9000</UnitOfMeasurePrice><AllowDiscount>1</AllowDiscount><ItemStatus>1</ItemStatus><ItemPrice>6.90</ItemPrice></item><item><PriceUpdateDate>2016-05-26 09:14:29</PriceUpdateDate><ItemCode>2196</ItemCode><ItemType>3</ItemType><ItemName>תפוח יונתן</ItemName><ManufacturerName>לא ממותג</ManufacturerName><ManufactureCountry>ישראל</ManufactureCountry><ManufacturerItemDescription>תפוח יונתן</ManufacturerItemDescription><SoldByWeight/><Quantity>1.00</Quantity><UnitOfMeasure>ק"ג</UnitOfMeasure><QtyInPackage>לא ידוע</QtyInPackage><UnitOfMeasurePrice>13.9000</UnitOfMeasurePrice><AllowDiscount>1</AllowDiscount><ItemStatus>1</ItemStatus><ItemPrice>13.90</ItemPrice></item><item><PriceUpdateDate>2016-05-30 22:02:35</PriceUpdateDate><ItemCode>22200956949</ItemCode><ItemType>1</ItemType><ItemName>דאו' ג'ל ספיד סטיק 7</ItemName><ManufacturerName>ספיד סטיק</ManufacturerName><ManufactureCountry>ארצות הברית</ManufactureCountry><ManufacturerItemDescription>קוואקר אינסטנט  ימוק430ג</ManufacturerItemDescription><SoldByWeight/><Quantity>85.00</Quantity><UnitOfMeasure>גרם     </UnitOfMeasure><QtyInPackage>לא ידוע</QtyInPackage><UnitOfMeasurePrice>0.4553</UnitOfMeasurePrice><AllowDiscount>1</AllowDiscount><ItemStatus>1</ItemStatus><ItemPrice>38.70</ItemPrice></item><item><PriceUpdateDate>2015-11-05 08:58:13</PriceUpdateDate><ItemCode>2233</ItemCode><ItemType>3</ItemType><ItemName>תפוזים</ItemName><ManufacturerName>לא ידוע</ManufacturerName><ManufactureCountry>ישראל</ManufactureCountry><ManufacturerItemDescription>תפוזים</ManufacturerItemDescription><SoldByWeight/><Quantity>1.00</Quantity><UnitOfMeasure>ק"ג</UnitOfMeasure><QtyInPackage>לא ידוע</QtyInPackage><UnitOfMeasurePrice>6.9000</UnitOfMeasurePrice><AllowDiscount>1</AllowDiscount><ItemStatus>1</ItemStatus><ItemPrice>6.90</ItemPrice></item><item><PriceUpdateDate>2016-06-16 09:40:02</PriceUpdateDate><ItemCode>2264</ItemCode><ItemType>3</ItemType><ItemName>ענבים לבנים</ItemName><ManufacturerName>B.B.B</ManufacturerName><ManufactureCountry>ישראל</ManufactureCountry><ManufacturerItemDescription>ענבים לבנים</ManufacturerItemDescription><SoldByWeight/><Quantity>1.00</Quantity><UnitOfMeasure>ק"ג</UnitOfMeasure><QtyInPackage>לא ידוע</QtyInPackage><UnitOfMeasurePrice>14.9000</UnitOfMeasurePrice><AllowDiscount>1</AllowDiscount><ItemStatus>1</ItemStatus><ItemPrice>14.90</ItemPrice></item><item><PriceUpdateDate>2015-12-01 08:40:48</PriceUpdateDate><ItemCode>2288</ItemCode><ItemType>3</ItemType><ItemName>קלמנטינה</ItemName><ManufacturerName>.N.Y.C</ManufacturerName><ManufactureCountry>ישראל</ManufactureCountry><ManufacturerItemDescription>קלמנטינה</ManufacturerItemDescription><SoldByWeight/><Quantity>1.00</Quantity><UnitOfMeasure>ק"ג</UnitOfMeasure><QtyInPackage>לא ידוע</QtyInPackage><UnitOfMeasurePrice>6.9000</UnitOfMeasurePrice><AllowDiscount>1</AllowDiscount><ItemStatus>1</ItemStatus><ItemPrice>6.90</ItemPrice></item><item><PriceUpdateDate>2016-05-01 21:46:13</PriceUpdateDate><ItemCode>2300885</ItemCode><ItemType>3</ItemType><ItemName>גבינה צ'דר אנגלי כתו</ItemName><ManufacturerName>נטו סחר</ManufacturerName><ManufactureCountry>לא ידוע</ManufactureCountry><ManufacturerItemDescription>גבינה צ'דר אנגלי כתו</ManufacturerItemDescription><SoldByWeight/><Quantity>1.00</Quantity><UnitOfMeasure>ק"ג</UnitOfMeasure><QtyInPackage>לא ידוע</QtyInPackage><UnitOfMeasurePrice>110.0000</UnitOfMeasurePrice><AllowDiscount>1</AllowDiscount><ItemStatus>1</ItemStatus><ItemPrice>110.00</ItemPrice></item><item><PriceUpdateDate>2016-03-29 13:00:20</PriceUpdateDate><ItemCode>2395408</ItemCode><ItemType>3</ItemType><ItemName>נעם גבינה צהובה 28%</ItemName><ManufacturerName>ג.נ'עם</ManufacturerName><ManufactureCountry>ישראל</ManufactureCountry><ManufacturerItemDescription>נעם גבינה צהובה 28%</ManufacturerItemDescription><SoldByWeight/><Quantity>1.00</Quantity><UnitOfMeasure>ק"ג</UnitOfMeasure><QtyInPackage>לא ידוע</QtyInPackage><UnitOfMeasurePrice>41.3000</UnitOfMeasurePrice><AllowDiscount>1</AllowDiscount><ItemStatus>1</ItemStatus><ItemPrice>41.30</ItemPrice></item><item><PriceUpdateDate>2016-03-29 13:00:20</PriceUpdateDate><ItemCode>2395409</ItemCode><ItemType>3</ItemType><ItemName>נעם גבינה צהובה 28%</ItemName><ManufacturerName>ג.נ'עם</ManufacturerName><ManufactureCountry>ישראל</ManufactureCountry><ManufacturerItemDescription>נעם גבינה צהובה 28%</ManufacturerItemDescription><SoldByWeight/><Quantity>1.00</Quantity><UnitOfMeasure>ק"ג</UnitOfMeasure><QtyInPackage>לא ידוע</QtyInPackage><UnitOfMeasurePrice>41.3000</UnitOfMeasurePrice><AllowDiscount>1</AllowDiscount><ItemStatus>1</ItemStatus><ItemPrice>41.30</ItemPrice></item><item><PriceUpdateDate>2015-11-12 14:41:35</PriceUpdateDate><ItemCode>2395415</ItemCode><ItemType>3</ItemType><ItemName>חריץ גבינה צהובה 9%</ItemName><ManufacturerName>ג.נ'עם</ManufacturerName><ManufactureCountry>ישראל</ManufactureCountry><ManufacturerItemDescription>חריץ גבינה צהובה 9%</ManufacturerItemDescription><SoldByWeight/><Quantity>1.00</Quantity><UnitOfMeasure>ק"ג</UnitOfMeasure><QtyInPackage>לא ידוע</QtyInPackage><UnitOfMeasurePrice>71.3000</UnitOfMeasurePrice><AllowDiscount>1</AllowDiscount><ItemStatus>1</ItemStatus><ItemPrice>71.30</ItemPrice></item><item><PriceUpdateDate>2015-11-12 14:41:35</PriceUpdateDate><ItemCode>2395416</ItemCode><ItemType>3</ItemType><ItemName>חריץ גבינה צהובה 9%</ItemName><ManufacturerName>ג.נ'עם</ManufacturerName><ManufactureCountry>ישראל</ManufactureCountry><ManufacturerItemDescription>חריץ גבינה צהובה 9%</ManufacturerItemDescription><SoldByWeight/><Quantity>1.00</Quantity><UnitOfMeasure>ק"ג</UnitOfMeasure><QtyInPackage>לא ידוע</QtyInPackage><UnitOfMeasurePrice>71.3000</UnitOfMeasurePrice><AllowDiscount>1</AllowDiscount><ItemStatus>1</ItemStatus><ItemPrice>71.30</ItemPrice></item><item><PriceUpdateDate>2016-03-01 06:42:33</PriceUpdateDate><ItemCode>2395422</ItemCode><ItemType>3</ItemType><ItemName>נעם גבינה צהובה 22%</ItemName><ManufacturerName>ג.נ'עם</ManufacturerName><ManufactureCountry>ישראל</ManufactureCountry><ManufacturerItemDescription>נעם גבינה צהובה 22%</ManufacturerItemDescription><SoldByWeight/><Quantity>1.00</Quantity><UnitOfMeasure>ק"ג</UnitOfMeasure><QtyInPackage>לא ידוע</QtyInPackage><UnitOfMeasurePrice>39.2500</UnitOfMeasurePrice><AllowDiscount>1</AllowDiscount><ItemStatus>1</ItemStatus><ItemPrice>39.25</ItemPrice></item><item><PriceUpdateDate>2016-03-01 06:42:33</PriceUpdateDate><ItemCode>2395423</ItemCode><ItemType>3</ItemType><ItemName>נעם גבינה צהובה 22%</ItemName><ManufacturerName>ג.נ'עם</ManufacturerName><ManufactureCountry>ישראל</ManufactureCountry><ManufacturerItemDescription>נעם גבינה צהובה 22%</ManufacturerItemDescription><SoldByWeight/><Quantity>1.00</Quantity><UnitOfMeasure>ק"ג</UnitOfMeasure><QtyInPackage>לא ידוע</QtyInPackage><UnitOfMeasurePrice>39.2500</UnitOfMeasurePrice><AllowDiscount>1</AllowDiscount><ItemStatus>1</ItemStatus><ItemPrice>39.25</ItemPrice></item><item><PriceUpdateDate>2016-04-20 07:20:15</PriceUpdateDate><ItemCode>24</ItemCode><ItemType>3</ItemType><ItemName>סברס</ItemName><ManufacturerName>7 אפ</ManufacturerName><ManufactureCountry>ישראל</ManufactureCountry><ManufacturerItemDescription>סברס</ManufacturerItemDescription><SoldByWeight/><Quantity>1.00</Quantity><UnitOfMeasure>ק"ג</UnitOfMeasure><QtyInPackage>לא ידוע</QtyInPackage><UnitOfMeasurePrice>26.9000</UnitOfMeasurePrice><AllowDiscount>1</AllowDiscount><ItemStatus>1</ItemStatus><ItemPrice>26.90</ItemPrice></item><item><PriceUpdateDate>2016-03-01 06:42:35</PriceUpdateDate><ItemCode>24000154617</ItemCode><ItemType>1</ItemType><ItemName>אננס שלם DEL MONTE ב</ItemName><ManufacturerName>לא ממותג</ManufacturerName><ManufactureCountry>ישראל</ManufactureCountry><ManufacturerItemDescription>אננס שלם בסירופ קל 825 גר</ManufacturerItemDescription><SoldByWeight/><Quantity>825.00</Quantity><UnitOfMeasure>גרם     </UnitOfMeasure><QtyInPackage>לא ידוע</QtyInPackage><UnitOfMeasurePrice>0.0155</UnitOfMeasurePrice><AllowDiscount>1</AllowDiscount><ItemStatus>1</ItemStatus><ItemPrice>12.80</ItemPrice></item><item><PriceUpdateDate>2014-11-03 06:37:50</PriceUpdateDate><ItemCode>2446200</ItemCode><ItemType>3</ItemType><ItemName>שוק הודו טחון טרי</ItemName><ManufacturerName>לא ממותג</ManufacturerName><ManufactureCountry>ישראל</ManufactureCountry><ManufacturerItemDescription>שוק הודו טחון טרי</ManufacturerItemDescription><SoldByWeight/><Quantity>1.00</Quantity><UnitOfMeasure>ק"ג</UnitOfMeasure><QtyInPackage>לא ידוע</QtyInPackage><UnitOfMeasurePrice>47.1000</UnitOfMeasurePrice><AllowDiscount>1</AllowDiscount><ItemStatus>1</ItemStatus><ItemPrice>47.10</ItemPrice></item><item><PriceUpdateDate>2014-11-03 06:37:50</PriceUpdateDate><ItemCode>2446209</ItemCode><ItemType>3</ItemType><ItemName>שוק הודו טחון טרי</ItemName><ManufacturerName>לא ממותג</ManufacturerName><ManufactureCountry>ישראל</ManufactureCountry><ManufacturerItemDescription>שוק הודו טחון טרי</ManufacturerItemDescription><SoldByWeight/><Quantity>1.00</Quantity><UnitOfMeasure>ק"ג</UnitOfMeasure><QtyInPackage>לא ידוע</QtyInPackage><UnitOfMeasurePrice>47.1000</UnitOfMeasurePrice><AllowDiscount>1</AllowDiscount><ItemStatus>1</ItemStatus><ItemPrice>47.10</ItemPrice></item><item><PriceUpdateDate>2016-05-03 11:47:50</PriceUpdateDate><ItemCode>2462</ItemCode><ItemType>3</ItemType><ItemName>תפוזים קטנים למיץ בר</ItemName><ManufacturerName>B.B.B</ManufacturerName><ManufactureCountry>ישראל</ManufactureCountry><ManufacturerItemDescription>תפוזים קטנים למיץ בר</ManufacturerItemDescription><SoldByWeight/><Quantity>1.00</Quantity><UnitOfMeasure>ק"ג</UnitOfMeasure><QtyInPackage>לא ידוע</QtyInPackage><UnitOfMeasurePrice>5.9000</UnitOfMeasurePrice><AllowDiscount>1</AllowDiscount><ItemStatus>1</ItemStatus><ItemPrice>5.90</ItemPrice></item><item><PriceUpdateDate>2016-05-03 11:47:50</PriceUpdateDate><ItemCode>2479</ItemCode><ItemType>3</ItemType><ItemName>אשכולית אדומה</ItemName><ManufacturerName>לא ידוע</ManufacturerName><ManufactureCountry>ישראל</ManufactureCountry><ManufacturerItemDescription>אשכולית אדומה</ManufacturerItemDescription><SoldByWeight/><Quantity>1.00</Quantity><UnitOfMeasure>ק"ג</UnitOfMeasure><QtyInPackage>לא ידוע</QtyInPackage><UnitOfMeasurePrice>5.9000</UnitOfMeasurePrice><AllowDiscount>1</AllowDiscount><ItemStatus>1</ItemStatus><ItemPrice>5.90</ItemPrice></item><item><PriceUpdateDate>2016-04-13 07:25:43</PriceUpdateDate><ItemCode>260</ItemCode><ItemType>3</ItemType><ItemName>תפוח אדמה אדום</ItemName><ManufacturerName>B.B.B</ManufacturerName><ManufactureCountry>ישראל</ManufactureCountry><ManufacturerItemDescription>תפוח אדמה אדום</ManufacturerItemDescription><SoldByWeight/><Quantity>1.00</Quantity><UnitOfMeasure>ק"ג</UnitOfMeasure><QtyInPackage>לא ידוע</QtyInPackage><UnitOfMeasurePrice>5.5000</UnitOfMeasurePrice><AllowDiscount>1</AllowDiscount><ItemStatus>1</ItemStatus><ItemPrice>5.50</ItemPrice></item><item><PriceUpdateDate>2016-05-30 22:02:35</PriceUpdateDate><ItemCode>27000609019</ItemCode><ItemType>1</ItemType><ItemName>רוטב ברביקיו אורגינל</ItemName><ManufacturerName>הנט'ס</ManufacturerName><ManufactureCountry>ארצות הברית</ManufactureCountry><ManufacturerItemDescription>רוטב טריאקי     מן 296מל</ManufacturerItemDescription><SoldByWeight/><Quantity>510.00</Quantity><UnitOfMeasure>גרם     </UnitOfMeasure><QtyInPackage>לא ידוע</QtyInPackage><UnitOfMeasurePrice>0.0312</UnitOfMeasurePrice><AllowDiscount>1</AllowDiscount><ItemStatus>1</ItemStatus><ItemPrice>15.90</ItemPrice></item><item><PriceUpdateDate>2016-05-30 22:02:36</PriceUpdateDate><ItemCode>27000609040</ItemCode><ItemType>1</ItemType><ItemName>רוטב ברביקיו היקורי</ItemName><ManufacturerName>הנט'ס</ManufacturerName><ManufactureCountry>ארצות הברית</ManufactureCountry><ManufacturerItemDescription>רוטב סויה קיקומן 444 מ"ל</ManufacturerItemDescription><SoldByWeight/><Quantity>510.00</Quantity><UnitOfMeasure>גרם     </UnitOfMeasure><QtyInPackage>לא ידוע</QtyInPackage><UnitOfMeasurePrice>0.0312</UnitOfMeasurePrice><AllowDiscount>1</AllowDiscount><ItemStatus>1</ItemStatus><ItemPrice>15.90</ItemPrice></item><item><PriceUpdateDate>2016-05-03 11:47:51</PriceUpdateDate><ItemCode>28200101907</ItemCode><ItemType>1</ItemType><ItemName>ס.מרלבורו לייט ארוך</ItemName><ManufacturerName>מרלבורו</ManufacturerName><ManufactureCountry>ארצות הברית</ManufactureCountry><ManufacturerItemDescription>פריסקיז לחתול    2.86ק"ג</ManufacturerItemDescription><SoldByWeight/><Quantity>0.00</Quantity><UnitOfMeasure>יח'</UnitOfMeasure><QtyInPackage>לא ידוע</QtyInPackage><UnitOfMeasurePrice>0.0000</UnitOfMeasurePrice><AllowDiscount>1</AllowDiscount><ItemStatus>1</ItemStatus><ItemPrice>350.00</ItemPrice></item><item><PriceUpdateDate>2016-05-03 11:47:51</PriceUpdateDate><ItemCode>28200112507</ItemCode><ItemType>1</ItemType><ItemName>ס.פרלמנט ארוך פאקט</ItemName><ManufacturerName>פארלמנט</ManufacturerName><ManufactureCountry>ארצות הברית</ManufactureCountry><ManufacturerItemDescription>סיגריות פרלמנט</ManufacturerItemDescription><SoldByWeight/><Quantity>0.00</Quantity><UnitOfMeasure>יח'</UnitOfMeasure><QtyInPackage>לא ידוע</QtyInPackage><UnitOfMeasurePrice>0.0000</UnitOfMeasurePrice><AllowDiscount>1</AllowDiscount><ItemStatus>1</ItemStatus><ItemPrice>380.00</ItemPrice></item><item><PriceUpdateDate>2016-05-03 11:47:51</PriceUpdateDate><ItemCode>28200114907</ItemCode><ItemType>1</ItemType><ItemName>ס.פרלמנט קצר פאקט</ItemName><ManufacturerName>פארלמנט</ManufacturerName><ManufactureCountry>ארצות הברית</ManufactureCountry><ManufacturerItemDescription>פריסקיז לחתול   ול2.86קג</ManufacturerItemDescription><SoldByWeight/><Quantity>0.00</Quantity><UnitOfMeasure>יח'</UnitOfMeasure><QtyInPackage>לא ידוע</QtyInPackage><UnitOfMeasurePrice>0.0000</UnitOfMeasurePrice><AllowDiscount>1</AllowDiscount><ItemStatus>1</ItemStatus><ItemPrice>380.00</ItemPrice></item><item><PriceUpdateDate>2016-05-03 11:47:51</PriceUpdateDate><ItemCode>28200174604</ItemCode><ItemType>1</ItemType><ItemName>ס.פרלמנט לייט פאקט א</ItemName><ManufacturerName>פארלמנט</ManufacturerName><ManufactureCountry>ארצות הברית</ManufactureCountry><ManufacturerItemDescription>סיגריות פרלמנט בל ארוך</ManufacturerItemDescription><SoldByWeight/><Quantity>0.00</Quantity><UnitOfMeasure>יח'</UnitOfMeasure><QtyInPackage>לא ידוע</QtyInPackage><UnitOfMeasurePrice>0.0000</UnitOfMeasurePrice><AllowDiscount>1</AllowDiscount><ItemStatus>1</ItemStatus><ItemPrice>380.00</ItemPrice></item><item><PriceUpdateDate>2016-05-03 11:47:50</PriceUpdateDate><ItemCode>28270294</ItemCode><ItemType>1</ItemType><ItemName>ס.מרלבורו פלאבור מיק</ItemName><ManufacturerName>מרלבורו</ManufacturerName><ManufactureCountry>ישראל</ManufactureCountry><ManufacturerItemDescription>ס.מרלבורו פלאבור מיק</ManufacturerItemDescription><SoldByWeight/><Quantity>0.00</Quantity><UnitOfMeasure>יח'</UnitOfMeasure><QtyInPackage>לא ידוע</QtyInPackage><UnitOfMeasurePrice>0.0000</UnitOfMeasurePrice><AllowDiscount>1</AllowDiscount><ItemStatus>1</ItemStatus><ItemPrice>35.00</ItemPrice></item><item><PriceUpdateDate>2015-08-18 06:43:45</PriceUpdateDate><ItemCode>29424000557</ItemCode><ItemType>1</ItemType><ItemName>גלילי וופל ממולאים ש</ItemName><ManufacturerName>"המותג"</ManufacturerName><ManufactureCountry>לא ידוע</ManufactureCountry><ManufacturerItemDescription>גלילי וופל ממולאים ש</ManufacturerItemDescription><SoldByWeight/><Quantity>100.00</Quantity><UnitOfMeasure>גרם     </UnitOfMeasure><QtyInPackage>לא ידוע</QtyInPackage><UnitOfMeasurePrice>0.0490</UnitOfMeasurePrice><AllowDiscount>1</AllowDiscount><ItemStatus>1</ItemStatus><ItemPrice>4.90</ItemPrice></item><item><PriceUpdateDate>2016-06-06 11:52:42</PriceUpdateDate><ItemCode>29424000854</ItemCode><ItemType>1</ItemType><ItemName>גלילי ופל שוקו 100 ג</ItemName><ManufacturerName>מנעמים</ManufacturerName><ManufactureCountry>ישראל</ManufactureCountry><ManufacturerItemDescription>גלילי ופל שוקו 100 ג</ManufacturerItemDescription><SoldByWeight/><Quantity>100.00</Quantity><UnitOfMeasure>גרם     </UnitOfMeasure><QtyInPackage>לא ידוע</QtyInPackage><UnitOfMeasurePrice>0.0490</UnitOfMeasurePrice><AllowDiscount>1</AllowDiscount><ItemStatus>1</ItemStatus><ItemPrice>4.90</ItemPrice></item><item><PriceUpdateDate>2016-03-29 13:00:21</PriceUpdateDate><ItemCode>29424001455</ItemCode><ItemType>1</ItemType><ItemName>ופל מצופה במילוי קרם</ItemName><ManufacturerName>"המותג"</ManufacturerName><ManufactureCountry>לא ידוע</ManufactureCountry><ManufacturerItemDescription>ופל מצופה במילוי קרם</ManufacturerItemDescription><SoldByWeight/><Quantity>800.00</Quantity><UnitOfMeasure>גרם     </UnitOfMeasure><QtyInPackage>לא ידוע</QtyInPackage><UnitOfMeasurePrice>0.0211</UnitOfMeasurePrice><AllowDiscount>1</AllowDiscount><ItemStatus>1</ItemStatus><ItemPrice>16.90</ItemPrice></item><item><PriceUpdateDate>2016-05-30 22:02:36</PriceUpdateDate><ItemCode>29801025203</ItemCode><ItemType>1</ItemType><ItemName>בלג'יאן באטרס עוגיות</ItemName><ManufacturerName>ק.א.שוקולד</ManufacturerName><ManufactureCountry>בלגיה</ManufactureCountry><ManufacturerItemDescription>עוגיות חמאה בלגיאן באטרס</ManufacturerItemDescription><SoldByWeight/><Quantity>200.00</Quantity><UnitOfMeasure>גרם     </UnitOfMeasure><QtyInPackage>לא ידוע</QtyInPackage><UnitOfMeasurePrice>0.0845</UnitOfMeasurePrice><AllowDiscount>1</AllowDiscount><ItemStatus>1</ItemStatus><ItemPrice>16.90</ItemPrice></item><item><PriceUpdateDate>2016-05-01 21:46:16</PriceUpdateDate><ItemCode>3014260022082</ItemCode><ItemType>1</ItemType><ItemName>זוג. מב.שיניים פרו א</ItemName><ManufacturerName>אורל בי</ManufacturerName><ManufactureCountry>אירלנד</ManufactureCountry><ManufacturerItemDescription>זוג. מב.שיניים פרו א</ManufacturerItemDescription><SoldByWeight/><Quantity>2.00</Quantity><UnitOfMeasure>יח</UnitOfMeasure><QtyInPackage>לא ידוע</QtyInPackage><UnitOfMeasurePrice>22.5000</UnitOfMeasurePrice><AllowDiscount>1</AllowDiscount><ItemStatus>1</ItemStatus><ItemPrice>45.00</ItemPrice></item><item><PriceUpdateDate>2016-05-01 21:46:16</PriceUpdateDate><ItemCode>3014260022730</ItemCode><ItemType>1</ItemType><ItemName>זוג מב.שיניים אדוונט</ItemName><ManufacturerName>אורל בי</ManufacturerName><ManufactureCountry>אירלנד</ManufactureCountry><ManufacturerItemDescription>זוג מב.שיניים אדוונט</ManufacturerItemDescription><SoldByWeight/><Quantity>2.00</Quantity><UnitOfMeasure>בודד</UnitOfMeasure><QtyInPackage>לא ידוע</QtyInPackage><UnitOfMeasurePrice>13.9500</UnitOfMeasurePrice><AllowDiscount>1</AllowDiscount><ItemStatus>1</ItemStatus><ItemPrice>27.90</ItemPrice></item><item><PriceUpdateDate>2016-05-01 21:46:16</PriceUpdateDate><ItemCode>3014260023089</ItemCode><ItemType>1</ItemType><ItemName>מברשת שיניים קלאסיק</ItemName><ManufacturerName>אורל בי</ManufacturerName><ManufactureCountry>הודו</ManufactureCountry><ManufacturerItemDescription>מברשת שיניים קלאסיק</ManufacturerItemDescription><SoldByWeight/><Quantity>3.00</Quantity><UnitOfMeasure>יח'</UnitOfMeasure><QtyInPackage>לא ידוע</QtyInPackage><UnitOfMeasurePrice>4.9667</UnitOfMeasurePrice><AllowDiscount>1</AllowDiscount><ItemStatus>1</ItemStatus><ItemPrice>14.90</ItemPrice></item><item><PriceUpdateDate>2014-11-03 06:37:14</PriceUpdateDate><ItemCode>3014260228842</ItemCode><ItemType>1</ItemType><ItemName>ג''ילט קצף גילוח רגי</ItemName><ManufacturerName>גילט</ManufacturerName><ManufactureCountry>ישראל</ManufactureCountry><ManufacturerItemDescription>גילט קצף גילוח קלסיק רגיל</ManufacturerItemDescription><SoldByWeight/><Quantity>200.00</Quantity><UnitOfMeasure>מ"ל</UnitOfMeasure><QtyInPackage>לא ידוע</QtyInPackage><UnitOfMeasurePrice>0.0820</UnitOfMeasurePrice><AllowDiscount>1</AllowDiscount><ItemStatus>1</ItemStatus><ItemPrice>16.40</ItemPrice></item><item><PriceUpdateDate>2016-05-17 09:15:08</PriceUpdateDate><ItemCode>3045140105502</ItemCode><ItemType>1</ItemType><ItemName>שוקולד מילקה חלב 100</ItemName><ManufacturerName>מילקה</ManufacturerName><ManufactureCountry>גרמניה</ManufactureCountry><ManufacturerItemDescription>ג'ל גילוח ניוואה.רגיש200</ManufacturerItemDescription><SoldByWeight/><Quantity>100.00</Quantity><UnitOfMeasure>גרם     </UnitOfMeasure><QtyInPackage>לא ידוע</QtyInPackage><UnitOfMeasurePrice>0.0890</UnitOfMeasurePrice><AllowDiscount>1</AllowDiscount><ItemStatus>1</ItemStatus><ItemPrice>8.90</ItemPrice></item><item><PriceUpdateDate>2016-05-17 09:15:08</PriceUpdateDate><ItemCode>3045140280902</ItemCode><ItemType>1</ItemType><ItemName>שוקולד מילקה צימוק 1</ItemName><ManufacturerName>מילקה</ManufacturerName><ManufactureCountry>גרמניה</ManufactureCountry><ManufacturerItemDescription>דאודורנט ניוואה ון 50מ"ל</ManufacturerItemDescription><SoldByWeight/><Quantity>100.00</Quantity><UnitOfMeasure>גרם     </UnitOfMeasure><QtyInPackage>לא ידוע</QtyInPackage><UnitOfMeasurePrice>0.0890</UnitOfMeasurePrice><AllowDiscount>1</AllowDiscount><ItemStatus>1</ItemStatus><ItemPrice>8.90</ItemPrice></item><item><PriceUpdateDate>2016-05-01 21:46:17</PriceUpdateDate><ItemCode>3046920027281</ItemCode><ItemType>1</ItemType><ItemName>שוקולד לינדט אקסלנס</ItemName><ManufacturerName>לינדט</ManufacturerName><ManufactureCountry>ישראל</ManufactureCountry><ManufacturerItemDescription>שוקולד לינדט אקסלנס</ManufacturerItemDescription><SoldByWeight/><Quantity>100.00</Quantity><UnitOfMeasure>גרם     </UnitOfMeasure><QtyInPackage>לא ידוע</QtyInPackage><UnitOfMeasurePrice>0.1800</UnitOfMeasurePrice><AllowDiscount>1</AllowDiscount><ItemStatus>1</ItemStatus><ItemPrice>18.00</ItemPrice></item><item><PriceUpdateDate>2016-05-01 21:46:17</PriceUpdateDate><ItemCode>3046920027458</ItemCode><ItemType>1</ItemType><ItemName>שוקולד לינדט אקסלנס</ItemName><ManufacturerName>לינדט</ManufacturerName><ManufactureCountry>צרפת</ManufactureCountry><ManufacturerItemDescription>לינדט אקסלנס סטרוברי 100</ManufacturerItemDescription><SoldByWeight/><Quantity>100.00</Quantity><UnitOfMeasure>גרם     </UnitOfMeasure><QtyInPackage>לא ידוע</QtyInPackage><UnitOfMeasurePrice>0.1800</UnitOfMeasurePrice><AllowDiscount>1</AllowDiscount><ItemStatus>1</ItemStatus><ItemPrice>18.00</ItemPrice></item><item><PriceUpdateDate>2016-05-01 21:46:17</PriceUpdateDate><ItemCode>3046920028004</ItemCode><ItemType>1</ItemType><ItemName>שוקולד לינדט אקסלנס</ItemName><ManufacturerName>לא ממותג</ManufacturerName><ManufactureCountry>צרפת</ManufactureCountry><ManufacturerItemDescription>שוקולד לינדט אקסלנס 100 7</ManufacturerItemDescription><SoldByWeight/><Quantity>100.00</Quantity><UnitOfMeasure>גרם     </UnitOfMeasure><QtyInPackage>לא ידוע</QtyInPackage><UnitOfMeasurePrice>0.1800</UnitOfMeasurePrice><AllowDiscount>1</AllowDiscount><ItemStatus>1</ItemStatus><ItemPrice>18.00</ItemPrice></item><item><PriceUpdateDate>2016-05-01 21:46:17</PriceUpdateDate><ItemCode>3046920028752</ItemCode><ItemType>1</ItemType><ItemName>שוקולד לינדט אקסלנס</ItemName><ManufacturerName>לינדט</ManufacturerName><ManufactureCountry>צרפת</ManufactureCountry><ManufacturerItemDescription>שוקולד לינדט אקסלנס נענע</ManufacturerItemDescription><SoldByWeight/><Quantity>100.00</Quantity><UnitOfMeasure>גרם     </UnitOfMeasure><QtyInPackage>לא ידוע</QtyInPackage><UnitOfMeasurePrice>0.1800</UnitOfMeasurePrice><AllowDiscount>1</AllowDiscount><ItemStatus>1</ItemStatus><ItemPrice>18.00</ItemPrice></item><item><PriceUpdateDate>2016-05-01 21:46:17</PriceUpdateDate><ItemCode>3046920029759</ItemCode><ItemType>1</ItemType><ItemName>שוקולד לינדט אקסלנס</ItemName><ManufacturerName>לינדט</ManufacturerName><ManufactureCountry>ישראל</ManufactureCountry><ManufacturerItemDescription>שוקולד לינדט אקסלנס</ManufacturerItemDescription><SoldByWeight/><Quantity>100.00</Quantity><UnitOfMeasure>גרם     </UnitOfMeasure><QtyInPackage>לא ידוע</QtyInPackage><UnitOfMeasurePrice>0.1800</UnitOfMeasurePrice><AllowDiscount>1</AllowDiscount><ItemStatus>1</ItemStatus><ItemPrice>18.00</ItemPrice></item><item><PriceUpdateDate>2016-05-30 22:02:42</PriceUpdateDate><ItemCode>3059943015104</ItemCode><ItemType>1</ItemType><ItemName>מב מטהר אויר איירויק</ItemName><ManufacturerName>איירויק</ManufacturerName><ManufactureCountry>פולין</ManufactureCountry><ManufacturerItemDescription>מב מטהר אויר איירויק</ManufacturerItemDescription><SoldByWeight/><Quantity>345.00</Quantity><UnitOfMeasure>מ"ל</UnitOfMeasure><QtyInPackage>לא ידוע</QtyInPackage><UnitOfMeasurePrice>0.0432</UnitOfMeasurePrice><AllowDiscount>1</AllowDiscount><ItemStatus>1</ItemStatus><ItemPrice>14.90</ItemPrice></item><item><PriceUpdateDate>2016-05-30 22:02:42</PriceUpdateDate><ItemCode>3059943016507</ItemCode><ItemType>1</ItemType><ItemName>מב אירוויק ספריי מטה</ItemName><ManufacturerName>איירויק</ManufacturerName><ManufactureCountry>אנגליה</ManufactureCountry><ManufacturerItemDescription>אירוויק ספריי לבנדר וקמומ</ManufacturerItemDescription><SoldByWeight/><Quantity>250.00</Quantity><UnitOfMeasure>מ"ל</UnitOfMeasure><QtyInPackage>לא ידוע</QtyInPackage><UnitOfMeasurePrice>0.0400</UnitOfMeasurePrice><AllowDiscount>1</AllowDiscount><ItemStatus>1</ItemStatus><ItemPrice>10.00</ItemPrice></item><item><PriceUpdateDate>2016-05-01 21:46:17</PriceUpdateDate><ItemCode>3059946156330</ItemCode><ItemType>1</ItemType><ItemName>פיניש מנקה ומחדש מדי</ItemName><ManufacturerName>פיניש</ManufacturerName><ManufactureCountry>פולין</ManufactureCountry><ManufacturerItemDescription>פיניש מנקה ומחדש מדי</ManufacturerItemDescription><SoldByWeight/><Quantity>250.00</Quantity><UnitOfMeasure>מ"ל</UnitOfMeasure><QtyInPackage>לא ידוע</QtyInPackage><UnitOfMeasurePrice>0.0796</UnitOfMeasurePrice><AllowDiscount>1</AllowDiscount><ItemStatus>1</ItemStatus><ItemPrice>19.90</ItemPrice></item><item><PriceUpdateDate>2014-11-03 06:36:47</PriceUpdateDate><ItemCode>3067140033852</ItemCode><ItemType>1</ItemType><ItemName>לרו תחליף קפה עולש ע</ItemName><ManufacturerName>לארו</ManufacturerName><ManufactureCountry>ישראל</ManufactureCountry><ManufacturerItemDescription>לרו תחליף קפה עולש ע</ManufacturerItemDescription><SoldByWeight/><Quantity>125.00</Quantity><UnitOfMeasure>גרם     </UnitOfMeasure><QtyInPackage>לא ידוע</QtyInPackage><UnitOfMeasurePrice>0.2008</UnitOfMeasurePrice><AllowDiscount>1</AllowDiscount><ItemStatus>1</ItemStatus><ItemPrice>25.10</ItemPrice></item><item><PriceUpdateDate>2014-11-03 06:36:47</PriceUpdateDate><ItemCode>3067140243114</ItemCode><ItemType>1</ItemType><ItemName>לרו תחליף קפה ציקורי</ItemName><ManufacturerName>לארו</ManufacturerName><ManufactureCountry>ישראל</ManufactureCountry><ManufacturerItemDescription>לרו תחליף קפה ציקורי</ManufacturerItemDescription><SoldByWeight/><Quantity>100.00</Quantity><UnitOfMeasure>גרם     </UnitOfMeasure><QtyInPackage>לא ידוע</QtyInPackage><UnitOfMeasurePrice>0.2510</UnitOfMeasurePrice><AllowDiscount>1</AllowDiscount><ItemStatus>1</ItemStatus><ItemPrice>25.10</ItemPrice></item><item><PriceUpdateDate>2014-11-03 06:36:47</PriceUpdateDate><ItemCode>3068320014067</ItemCode><ItemType>1</ItemType><ItemName>מים מינרלים  אוויאן</ItemName><ManufacturerName>אוויאן</ManufacturerName><ManufactureCountry>ישראל</ManufactureCountry><ManufacturerItemDescription>אוויאן מים מינרלים 750 ספ</ManufacturerItemDescription><SoldByWeight/><Quantity>750.00</Quantity><UnitOfMeasure>מ"ל</UnitOfMeasure><QtyInPackage>לא ידוע</QtyInPackage><UnitOfMeasurePrice>0.0211</UnitOfMeasurePrice><AllowDiscount>1</AllowDiscount><ItemStatus>1</ItemStatus><ItemPrice>15.80</ItemPrice></item><item><PriceUpdateDate>2016-06-06 11:51:08</PriceUpdateDate><ItemCode>31200002938</ItemCode><ItemType>1</ItemType><ItemName>חמוציות אושן ספריי 1</ItemName><ManufacturerName>לא ממותג</ManufacturerName><ManufactureCountry>ישראל</ManufactureCountry><ManufacturerItemDescription>חמוציות אושן ספריי 1</ManufacturerItemDescription><SoldByWeight/><Quantity>142.00</Quantity><UnitOfMeasure>גרם     </UnitOfMeasure><QtyInPackage>לא ידוע</QtyInPackage><UnitOfMeasurePrice>0.0979</UnitOfMeasurePrice><AllowDiscount>1</AllowDiscount><ItemStatus>1</ItemStatus><ItemPrice>13.90</ItemPrice></item><item><PriceUpdateDate>2016-03-29 06:35:55</PriceUpdateDate><ItemCode>3141360050001</ItemCode><ItemType>1</ItemType><ItemName>ג'ל קלגוןלמכונה 750</ItemName><ManufacturerName>קלגון</ManufacturerName><ManufactureCountry>איטליה</ManufactureCountry><ManufacturerItemDescription>ג'ל קלגוןלמכונה 750</ManufacturerItemDescription><SoldByWeight/><Quantity>750.00</Quantity><UnitOfMeasure>מ"ל</UnitOfMeasure><QtyInPackage>לא ידוע</QtyInPackage><UnitOfMeasurePrice>0.0359</UnitOfMeasurePrice><AllowDiscount>1</AllowDiscount><ItemStatus>1</ItemStatus><ItemPrice>26.90</ItemPrice></item><item><PriceUpdateDate>2016-03-01 06:42:40</PriceUpdateDate><ItemCode>3161911229199</ItemCode><ItemType>1</ItemType><ItemName>חמאה רכה אלוויר 250</ItemName><ManufacturerName>אלוויר</ManufacturerName><ManufactureCountry>ישראל</ManufactureCountry><ManufacturerItemDescription>חמאה רכה אלוויר250 גר</ManufacturerItemDescription><SoldByWeight/><Quantity>250.00</Quantity><UnitOfMeasure>גרם     </UnitOfMeasure><QtyInPackage>לא ידוע</QtyInPackage><UnitOfMeasurePrice>0.0852</UnitOfMeasurePrice><AllowDiscount>1</AllowDiscount><ItemStatus>1</ItemStatus><ItemPrice>21.30</ItemPrice></item><item><PriceUpdateDate>2016-03-01 06:42:40</PriceUpdateDate><ItemCode>3161911364531</ItemCode><ItemType>1</ItemType><ItemName>חמאת נורמנדי אלוויר</ItemName><ManufacturerName>אלוויר</ManufacturerName><ManufactureCountry>צרפת</ManufactureCountry><ManufacturerItemDescription>חמאת נורמנד אלויר200 גר</ManufacturerItemDescription><SoldByWeight/><Quantity>200.00</Quantity><UnitOfMeasure>גרם     </UnitOfMeasure><QtyInPackage>לא ידוע</QtyInPackage><UnitOfMeasurePrice>0.0840</UnitOfMeasurePrice><AllowDiscount>1</AllowDiscount><ItemStatus>1</ItemStatus><ItemPrice>16.80</ItemPrice></item><item><PriceUpdateDate>2016-03-01 06:42:40</PriceUpdateDate><ItemCode>3161911366429</ItemCode><ItemType>1</ItemType><ItemName>חמאה רכה מלוחה אלווי</ItemName><ManufacturerName>אלוויר</ManufacturerName><ManufactureCountry>ישראל</ManufactureCountry><ManufacturerItemDescription>חמאה רכה מלוחה250 גר</ManufacturerItemDescription><SoldByWeight/><Quantity>250.00</Quantity><UnitOfMeasure>גרם     </UnitOfMeasure><QtyInPackage>לא ידוע</QtyInPackage><UnitOfMeasurePrice>0.0852</UnitOfMeasurePrice><AllowDiscount>1</AllowDiscount><ItemStatus>1</ItemStatus><ItemPrice>21.30</ItemPrice></item><item><PriceUpdateDate>2015-11-12 17:28:16</PriceUpdateDate><ItemCode>32147230</ItemCode><ItemType>1</ItemType><ItemName>מיץ לימון 200 מ''ל</ItemName><ManufacturerName>סיצילייה</ManufacturerName><ManufactureCountry>ישראל</ManufactureCountry><ManufacturerItemDescription>מיץ לימון משומר 200 מ"ל</ManufacturerItemDescription><SoldByWeight/><Quantity>200.00</Quantity><UnitOfMeasure>מ"ל</UnitOfMeasure><QtyInPackage>לא ידוע</QtyInPackage><UnitOfMeasurePrice>0.0490</UnitOfMeasurePrice><AllowDiscount>1</AllowDiscount><ItemStatus>1</ItemStatus><ItemPrice>9.80</ItemPrice></item><item><PriceUpdateDate>2016-05-30 22:02:43</PriceUpdateDate><ItemCode>3228022910023</ItemCode><ItemType>1</ItemType><ItemName>מב חמאה צרפתית פרזיד</ItemName><ManufacturerName>פרזידנט</ManufacturerName><ManufactureCountry>ישראל</ManufactureCountry><ManufacturerItemDescription>מב חמאה צרפתית פרזיד</ManufacturerItemDescription><SoldByWeight/><Quantity>200.00</Quantity><UnitOfMeasure>גרם     </UnitOfMeasure><QtyInPackage>לא ידוע</QtyInPackage><UnitOfMeasurePrice>0.0695</UnitOfMeasurePrice><AllowDiscount>1</AllowDiscount><ItemStatus>1</ItemStatus><ItemPrice>13.90</ItemPrice></item><item><PriceUpdateDate>2015-07-08 09:28:20</PriceUpdateDate><ItemCode>325450033217</ItemCode><ItemType>1</ItemType><ItemName>גבינת ברי מרובע 220</ItemName><ManufacturerName>נטו סחר</ManufacturerName><ManufactureCountry>לא ידוע</ManufactureCountry><ManufacturerItemDescription>גבינת ברי מרובע 220</ManufacturerItemDescription><SoldByWeight/><Quantity>220.00</Quantity><UnitOfMeasure>גרם     </UnitOfMeasure><QtyInPackage>לא ידוע</QtyInPackage><UnitOfMeasurePrice>0.1268</UnitOfMeasurePrice><AllowDiscount>1</AllowDiscount><ItemStatus>1</ItemStatus><ItemPrice>27.90</ItemPrice></item><item><PriceUpdateDate>2016-03-25 09:54:59</PriceUpdateDate><ItemCode>3278310005207</ItemCode><ItemType>1</ItemType><ItemName>חמאה צרפתית אלין 250</ItemName><ManufacturerName>נטו סחר</ManufacturerName><ManufactureCountry>לא ידוע</ManufactureCountry><ManufacturerItemDescription>חמאה צרפתית אלין 250</ManufacturerItemDescription><SoldByWeight/><Quantity>250.00</Quantity><UnitOfMeasure>גרם     </UnitOfMeasure><QtyInPackage>לא ידוע</QtyInPackage><UnitOfMeasurePrice>0.0360</UnitOfMeasurePrice><AllowDiscount>1</AllowDiscount><ItemStatus>1</ItemStatus><ItemPrice>9.00</ItemPrice></item><item><PriceUpdateDate>2015-12-02 07:06:46</PriceUpdateDate><ItemCode>328225</ItemCode><ItemType>3</ItemType><ItemName>חלבה אחווה ללא סוכר</ItemName><ManufacturerName>אחווה</ManufacturerName><ManufactureCountry>לא ידוע</ManufactureCountry><ManufacturerItemDescription>חלבה אחווה ללא סוכר</ManufacturerItemDescription><SoldByWeight/><Quantity>1.00</Quantity><UnitOfMeasure>ק"ג</UnitOfMeasure><QtyInPackage>לא ידוע</QtyInPackage><UnitOfMeasurePrice>49.9000</UnitOfMeasurePrice><AllowDiscount>1</AllowDiscount><ItemStatus>1</ItemStatus><ItemPrice>49.90</ItemPrice></item><item><PriceUpdateDate>2016-05-30 22:02:36</PriceUpdateDate><ItemCode>33617322616</ItemCode><ItemType>1</ItemType><ItemName>מב ואזה מקמח שיפון ק</ItemName><ManufacturerName>ואזה</ManufacturerName><ManufactureCountry>ישראל</ManufactureCountry><ManufacturerItemDescription>ואזה מקמח שיפון קלה 270גר</ManufacturerItemDescription><SoldByWeight/><Quantity>270.00</Quantity><UnitOfMeasure>גרם     </UnitOfMeasure><QtyInPackage>לא ידוע</QtyInPackage><UnitOfMeasurePrice>0.0404</UnitOfMeasurePrice><AllowDiscount>1</AllowDiscount><ItemStatus>1</ItemStatus><ItemPrice>10.90</ItemPrice></item><item><PriceUpdateDate>2016-02-02 06:50:21</PriceUpdateDate><ItemCode>3387390525960</ItemCode><ItemType>1</ItemType><ItemName>מב דגני בוקר קראנץ'</ItemName><ManufacturerName>קראנץ</ManufacturerName><ManufactureCountry>ישראל</ManufactureCountry><ManufacturerItemDescription>מב דגני בוקר קראנץ'</ManufacturerItemDescription><SoldByWeight/><Quantity>500.00</Quantity><UnitOfMeasure>גרם     </UnitOfMeasure><QtyInPackage>לא ידוע</QtyInPackage><UnitOfMeasurePrice>0.0398</UnitOfMeasurePrice><AllowDiscount>1</AllowDiscount><ItemStatus>1</ItemStatus><ItemPrice>19.90</ItemPrice></item><item><PriceUpdateDate>2016-05-30 22:02:43</PriceUpdateDate><ItemCode>3387390730852</ItemCode><ItemType>1</ItemType><ItemName>מב דגני בוקר פיטנס 3</ItemName><ManufacturerName>פיטנס</ManufacturerName><ManufactureCountry>ישראל</ManufactureCountry><ManufacturerItemDescription>מב דגני בוקר פיטנס 3</ManufacturerItemDescription><SoldByWeight/><Quantity>375.00</Quantity><UnitOfMeasure>גרם     </UnitOfMeasure><QtyInPackage>לא ידוע</QtyInPackage><UnitOfMeasurePrice>0.0531</UnitOfMeasurePrice><AllowDiscount>1</AllowDiscount><ItemStatus>1</ItemStatus><ItemPrice>19.90</ItemPrice></item><item><PriceUpdateDate>2016-06-01 06:52:19</PriceUpdateDate><ItemCode>34000124138</ItemCode><ItemType>1</ItemType><ItemName>מב ממרח חמאת בוטנים</ItemName><ManufacturerName>הרשיז</ManufacturerName><ManufactureCountry>ארצות הברית</ManufactureCountry><ManufacturerItemDescription>מב ממרח חמאת בוטנים</ManufacturerItemDescription><SoldByWeight/><Quantity>368.00</Quantity><UnitOfMeasure>גרם     </UnitOfMeasure><QtyInPackage>לא ידוע</QtyInPackage><UnitOfMeasurePrice>0.0459</UnitOfMeasurePrice><AllowDiscount>1</AllowDiscount><ItemStatus>1</ItemStatus><ItemPrice>16.90</ItemPrice></item><item><PriceUpdateDate>2015-10-26 09:08:04</PriceUpdateDate><ItemCode>34000196173</ItemCode><ItemType>1</ItemType><ItemName>טבלת קוקיס אנד קרים</ItemName><ManufacturerName>הרשיז</ManufacturerName><ManufactureCountry>ישראל</ManufactureCountry><ManufacturerItemDescription>טבלת קוקיס אנד קרים</ManufacturerItemDescription><SoldByWeight/><Quantity>113.00</Quantity><UnitOfMeasure>גרם     </UnitOfMeasure><QtyInPackage>לא ידוע</QtyInPackage><UnitOfMeasurePrice>0.0876</UnitOfMeasurePrice><AllowDiscount>1</AllowDiscount><ItemStatus>1</ItemStatus><ItemPrice>9.90</ItemPrice></item><item><PriceUpdateDate>2016-05-30 22:02:36</PriceUpdateDate><ItemCode>34000312177</ItemCode><ItemType>1</ItemType><ItemName>מב סירופ שוקולד הרשי</ItemName><ManufacturerName>הרשיז</ManufacturerName><ManufactureCountry>ארצות הברית</ManufactureCountry><ManufacturerItemDescription>בייגלה אמריקאי  38 גרם</ManufacturerItemDescription><SoldByWeight/><Quantity>680.00</Quantity><UnitOfMeasure>גרם     </UnitOfMeasure><QtyInPackage>לא ידוע</QtyInPackage><UnitOfMeasurePrice>0.0234</UnitOfMeasurePrice><AllowDiscount>1</AllowDiscount><ItemStatus>1</ItemStatus><ItemPrice>15.90</ItemPrice></item><item><PriceUpdateDate>2015-10-26 09:08:04</PriceUpdateDate><ItemCode>34000442652</ItemCode><ItemType>1</ItemType><ItemName>טבלת ריזס XL  הרשיז</ItemName><ManufacturerName>הרשיז</ManufacturerName><ManufactureCountry>ישראל</ManufactureCountry><ManufacturerItemDescription>טבלת ריזס XL  הרשיז</ManufacturerItemDescription><SoldByWeight/><Quantity>120.00</Quantity><UnitOfMeasure>גרם     </UnitOfMeasure><QtyInPackage>לא ידוע</QtyInPackage><UnitOfMeasurePrice>0.0825</UnitOfMeasurePrice><AllowDiscount>1</AllowDiscount><ItemStatus>1</ItemStatus><ItemPrice>9.90</ItemPrice></item><item><PriceUpdateDate>2014-11-03 06:37:32</PriceUpdateDate><ItemCode>34000470228</ItemCode><ItemType>1</ItemType><ItemName>הרשיז-ריזס מיני חטיפ</ItemName><ManufacturerName>הרשיז</ManufacturerName><ManufactureCountry>ארצות הברית</ManufactureCountry><ManufacturerItemDescription>חטיף שוקולד חלב במילוי 70</ManufacturerItemDescription><SoldByWeight/><Quantity>70.00</Quantity><UnitOfMeasure>גרם     </UnitOfMeasure><QtyInPackage>לא ידוע</QtyInPackage><UnitOfMeasurePrice>0.0986</UnitOfMeasurePrice><AllowDiscount>1</AllowDiscount><ItemStatus>1</ItemStatus><ItemPrice>6.90</ItemPrice></item><item><PriceUpdateDate>2016-03-29 13:00:21</PriceUpdateDate><ItemCode>34000544028</ItemCode><ItemType>1</ItemType><ItemName>ממתק בטעם תות טוויזל</ItemName><ManufacturerName>הרשיז</ManufacturerName><ManufactureCountry>ישראל</ManufactureCountry><ManufacturerItemDescription>ממתק בטעם תות טוויזל</ManufacturerItemDescription><SoldByWeight/><Quantity>198.00</Quantity><UnitOfMeasure>גרם     </UnitOfMeasure><QtyInPackage>לא ידוע</QtyInPackage><UnitOfMeasurePrice>0.0449</UnitOfMeasurePrice><AllowDiscount>1</AllowDiscount><ItemStatus>1</ItemStatus><ItemPrice>8.90</ItemPrice></item><item><PriceUpdateDate>2014-11-23 13:38:11</PriceUpdateDate><ItemCode>3445850014109</ItemCode><ItemType>1</ItemType><ItemName>מלח ים 1 ק''ג</ItemName><ManufacturerName>לא ממותג</ManufacturerName><ManufactureCountry>ישראל</ManufactureCountry><ManufacturerItemDescription>מלח ים 1 ק''ג</ManufacturerItemDescription><SoldByWeight/><Quantity>1000.00</Quantity><UnitOfMeasure>גרם     </UnitOfMeasure><QtyInPackage>לא ידוע</QtyInPackage><UnitOfMeasurePrice>0.0180</UnitOfMeasurePrice><AllowDiscount>1</AllowDiscount><ItemStatus>1</ItemStatus><ItemPrice>18.00</ItemPrice></item><item><PriceUpdateDate>2016-02-11 09:34:57</PriceUpdateDate><ItemCode>3451790550324</ItemCode><ItemType>1</ItemType><ItemName>ממרח חמאה אקסטרא ליי</ItemName><ManufacturerName>אלוויר</ManufacturerName><ManufactureCountry>ישראל</ManufactureCountry><ManufacturerItemDescription>ממרח חמאה אקסטרא לייט 250</ManufacturerItemDescription><SoldByWeight/><Quantity>250.00</Quantity><UnitOfMeasure>גרם     </UnitOfMeasure><QtyInPackage>לא ידוע</QtyInPackage><UnitOfMeasurePrice>0.0688</UnitOfMeasurePrice><AllowDiscount>1</AllowDiscount><ItemStatus>1</ItemStatus><ItemPrice>17.20</ItemPrice></item><item><PriceUpdateDate>2016-05-30 22:02:36</PriceUpdateDate><ItemCode>35000764522</ItemCode><ItemType>1</ItemType><ItemName>מב משחת שיניים מקס פ</ItemName><ManufacturerName>קולגייט</ManufacturerName><ManufactureCountry>פולין</ManufactureCountry><ManufacturerItemDescription>משקה אגוזים     גוזים1ל</ManufacturerItemDescription><SoldByWeight/><Quantity>133.00</Quantity><UnitOfMeasure>מ"ל</UnitOfMeasure><QtyInPackage>לא ידוע</QtyInPackage><UnitOfMeasurePrice>0.1120</UnitOfMeasurePrice><AllowDiscount>1</AllowDiscount><ItemStatus>1</ItemStatus><ItemPrice>14.90</ItemPrice></item><item><PriceUpdateDate>2016-06-01 08:24:01</PriceUpdateDate><ItemCode>3523237662003</ItemCode><ItemType>3</ItemType><ItemName>מב גבינת ברי עיזים ב</ItemName><ManufacturerName>אנג'ל בסגנון צרפתי</ManufacturerName><ManufactureCountry>לא ידוע</ManufactureCountry><ManufacturerItemDescription>מב גבינת ברי עיזים ב</ManufacturerItemDescription><SoldByWeight/><Quantity>1.00</Quantity><UnitOfMeasure>ק"ג</UnitOfMeasure><QtyInPackage>לא ידוע</QtyInPackage><UnitOfMeasurePrice>119.0000</UnitOfMeasurePrice><AllowDiscount>1</AllowDiscount><ItemStatus>1</ItemStatus><ItemPrice>119.00</ItemPrice></item><item><PriceUpdateDate>2016-03-01 06:54:45</PriceUpdateDate><ItemCode>357388</ItemCode><ItemType>3</ItemType><ItemName>פילה דג מרלוזה בשקית</ItemName><ManufacturerName>דלידג</ManufacturerName><ManufactureCountry>ישראל</ManufactureCountry><ManufacturerItemDescription>פילה דג מרלוזה בשקית</ManufacturerItemDescription><SoldByWeight/><Quantity>1.00</Quantity><UnitOfMeasure>ק"ג</UnitOfMeasure><QtyInPackage>לא ידוע</QtyInPackage><UnitOfMeasurePrice>34.9000</UnitOfMeasurePrice><AllowDiscount>1</AllowDiscount><ItemStatus>1</ItemStatus><ItemPrice>34.90</ItemPrice></item><item><PriceUpdateDate>2014-11-03 06:36:47</PriceUpdateDate><ItemCode>3574660117028</ItemCode><ItemType>1</ItemType><ItemName>ג'ונסון בייבי שמן ג'</ItemName><ManufacturerName>לא ידוע</ManufacturerName><ManufactureCountry>ישראל</ManufactureCountry><ManufacturerItemDescription>ג'ונסון בייבי שמן ג'</ManufacturerItemDescription><SoldByWeight/><Quantity>200.00</Quantity><UnitOfMeasure>מ"ל</UnitOfMeasure><QtyInPackage>לא ידוע</QtyInPackage><UnitOfMeasurePrice>0.0970</UnitOfMeasurePrice><AllowDiscount>1</AllowDiscount><ItemStatus>1</ItemStatus><ItemPrice>19.40</ItemPrice></item><item><PriceUpdateDate>2016-03-16 15:40:35</PriceUpdateDate><ItemCode>3574660235197</ItemCode><ItemType>1</ItemType><ItemName>טמפוני ob פרוקומפורט</ItemName><ManufacturerName>או-בה</ManufacturerName><ManufactureCountry>גרמניה</ManufactureCountry><ManufacturerItemDescription>דאודורנט ניוואה לגבר150מ</ManufacturerItemDescription><SoldByWeight/><Quantity>0.00</Quantity><UnitOfMeasure>יח'</UnitOfMeasure><QtyInPackage>לא ידוע</QtyInPackage><UnitOfMeasurePrice>0.0000</UnitOfMeasurePrice><AllowDiscount>1</AllowDiscount><ItemStatus>1</ItemStatus><ItemPrice>32.90</ItemPrice></item><item><PriceUpdateDate>2016-03-01 06:42:41</PriceUpdateDate><ItemCode>3574660322613</ItemCode><ItemType>1</ItemType><ItemName>מגן תחתון קרפרי מבוש</ItemName><ManufacturerName>קרפרי</ManufacturerName><ManufactureCountry>יוון</ManufactureCountry><ManufacturerItemDescription>קרפרי כותון מבושם 58 יח</ManufacturerItemDescription><SoldByWeight/><Quantity>1.00</Quantity><UnitOfMeasure>יח'</UnitOfMeasure><QtyInPackage>לא ידוע</QtyInPackage><UnitOfMeasurePrice>25.4000</UnitOfMeasurePrice><AllowDiscount>1</AllowDiscount><ItemStatus>1</ItemStatus><ItemPrice>25.40</ItemPrice></item><item><PriceUpdateDate>2016-03-01 06:42:41</PriceUpdateDate><ItemCode>3574660322637</ItemCode><ItemType>1</ItemType><ItemName>מגן תחתון קרפרי אלוו</ItemName><ManufacturerName>קרפרי</ManufacturerName><ManufactureCountry>ישראל</ManufactureCountry><ManufacturerItemDescription>מגן תחתון קרפרי אלוו</ManufacturerItemDescription><SoldByWeight/><Quantity>1.00</Quantity><UnitOfMeasure>יח'</UnitOfMeasure><QtyInPackage>לא ידוע</QtyInPackage><UnitOfMeasurePrice>25.4000</UnitOfMeasurePrice><AllowDiscount>1</AllowDiscount><ItemStatus>1</ItemStatus><ItemPrice>25.40</ItemPrice></item><item><PriceUpdateDate>2016-03-01 06:42:41</PriceUpdateDate><ItemCode>3574660322712</ItemCode><ItemType>1</ItemType><ItemName>מגן תחתון קרפרי לארג</ItemName><ManufacturerName>קרפרי</ManufacturerName><ManufactureCountry>ישראל</ManufactureCountry><ManufacturerItemDescription>מגן תחתון קרפרי לארג</ManufacturerItemDescription><SoldByWeight/><Quantity>1.00</Quantity><UnitOfMeasure>יח'</UnitOfMeasure><QtyInPackage>לא ידוע</QtyInPackage><UnitOfMeasurePrice>25.4000</UnitOfMeasurePrice><AllowDiscount>1</AllowDiscount><ItemStatus>1</ItemStatus><ItemPrice>25.40</ItemPrice></item><item><PriceUpdateDate>2016-03-01 06:42:42</PriceUpdateDate><ItemCode>3574660334937</ItemCode><ItemType>1</ItemType><ItemName>מגן תחתון קרפרי רגיל</ItemName><ManufacturerName>קרפרי</ManufacturerName><ManufactureCountry>ישראל</ManufactureCountry><ManufacturerItemDescription>מגן תחתון קרפרי רגיל</ManufacturerItemDescription><SoldByWeight/><Quantity>1.00</Quantity><UnitOfMeasure>יח'</UnitOfMeasure><QtyInPackage>לא ידוע</QtyInPackage><UnitOfMeasurePrice>25.4000</UnitOfMeasurePrice><AllowDiscount>1</AllowDiscount><ItemStatus>1</ItemStatus><ItemPrice>25.40</ItemPrice></item><item><PriceUpdateDate>2016-02-02 06:50:21</PriceUpdateDate><ItemCode>3574660619652</ItemCode><ItemType>1</ItemType><ItemName>ג'ונסון בייבי אל סבו</ItemName><ManufacturerName>ג'ונסון</ManufacturerName><ManufactureCountry>איטליה</ManufactureCountry><ManufacturerItemDescription>תה ירוק          שקיקים</ManufacturerItemDescription><SoldByWeight/><Quantity>750.00</Quantity><UnitOfMeasure>מ"ל</UnitOfMeasure><QtyInPackage>לא ידוע</QtyInPackage><UnitOfMeasurePrice>0.0312</UnitOfMeasurePrice><AllowDiscount>1</AllowDiscount><ItemStatus>1</ItemStatus><ItemPrice>23.40</ItemPrice></item><item><PriceUpdateDate>2016-02-02 06:50:21</PriceUpdateDate><ItemCode>3574660620436</ItemCode><ItemType>1</ItemType><ItemName>ג'ונסון בייבי אל סבו</ItemName><ManufacturerName>ג'ונסון</ManufacturerName><ManufactureCountry>איטליה</ManufactureCountry><ManufacturerItemDescription>אורביט שלישייה  ירמינ3יח</ManufacturerItemDescription><SoldByWeight/><Quantity>750.00</Quantity><UnitOfMeasure>מ"ל</UnitOfMeasure><QtyInPackage>לא ידוע</QtyInPackage><UnitOfMeasurePrice>0.0312</UnitOfMeasurePrice><AllowDiscount>1</AllowDiscount><ItemStatus>1</ItemStatus><ItemPrice>23.40</ItemPrice></item><item><PriceUpdateDate>2016-02-02 06:50:21</PriceUpdateDate><ItemCode>3574660666519</ItemCode><ItemType>1</ItemType><ItemName>ג'ונסון בייבי אל סבו</ItemName><ManufacturerName>ג'ונסון</ManufacturerName><ManufactureCountry>איטליה</ManufactureCountry><ManufacturerItemDescription>גונסון בייבי אל סבון וקצף</ManufacturerItemDescription><SoldByWeight/><Quantity>750.00</Quantity><UnitOfMeasure>מ"ל</UnitOfMeasure><QtyInPackage>לא ידוע</QtyInPackage><UnitOfMeasurePrice>0.0312</UnitOfMeasurePrice><AllowDiscount>1</AllowDiscount><ItemStatus>1</ItemStatus><ItemPrice>23.40</ItemPrice></item><item><PriceUpdateDate>2016-03-01 06:42:36</PriceUpdateDate><ItemCode>36000258295</ItemCode><ItemType>1</ItemType><ItemName>ממחטות קלינקס לושן 7</ItemName><ManufacturerName>קלינקס</ManufacturerName><ManufactureCountry>ישראל</ManufactureCountry><ManufacturerItemDescription>ממחטות טישיו קלינקס לושן</ManufacturerItemDescription><SoldByWeight/><Quantity>75.00</Quantity><UnitOfMeasure>בודד</UnitOfMeasure><QtyInPackage>לא ידוע</QtyInPackage><UnitOfMeasurePrice>0.1947</UnitOfMeasurePrice><AllowDiscount>1</AllowDiscount><ItemStatus>1</ItemStatus><ItemPrice>14.60</ItemPrice></item><item><PriceUpdateDate>2015-11-13 10:30:11</PriceUpdateDate><ItemCode>36000287868</ItemCode><ItemType>1</ItemType><ItemName>מגבת נייר ויוה</ItemName><ManufacturerName>ויוה</ManufacturerName><ManufactureCountry>ישראל</ManufactureCountry><ManufacturerItemDescription>מגבת נייר ויוה 64 דף בגלי</ManufacturerItemDescription><SoldByWeight/><Quantity>1.00</Quantity><UnitOfMeasure>יח'</UnitOfMeasure><QtyInPackage>לא ידוע</QtyInPackage><UnitOfMeasurePrice>20.7000</UnitOfMeasurePrice><AllowDiscount>1</AllowDiscount><ItemStatus>1</ItemStatus><ItemPrice>20.70</ItemPrice></item><item><PriceUpdateDate>2016-02-02 06:50:15</PriceUpdateDate><ItemCode>36000294903</ItemCode><ItemType>1</ItemType><ItemName>טישיו קלינקס אובלי 6</ItemName><ManufacturerName>קלינקס</ManufacturerName><ManufactureCountry>ישראל</ManufactureCountry><ManufacturerItemDescription>טישיו קלינקס אובלי 6</ManufacturerItemDescription><SoldByWeight/><Quantity>72.00</Quantity><UnitOfMeasure>בודד</UnitOfMeasure><QtyInPackage>לא ידוע</QtyInPackage><UnitOfMeasurePrice>0.1556</UnitOfMeasurePrice><AllowDiscount>1</AllowDiscount><ItemStatus>1</ItemStatus><ItemPrice>11.20</ItemPrice></item><item><PriceUpdateDate>2016-05-30 22:02:45</PriceUpdateDate><ItemCode>3600522344032</ItemCode><ItemType>1</ItemType><ItemName>מב מסכה אלביב טוטאל</ItemName><ManufacturerName>אלביב</ManufacturerName><ManufactureCountry>ישראל</ManufactureCountry><ManufacturerItemDescription>מב מסכה אלביב טוטאל</ManufacturerItemDescription><SoldByWeight/><Quantity>300.00</Quantity><UnitOfMeasure>מ"ל</UnitOfMeasure><QtyInPackage>לא ידוע</QtyInPackage><UnitOfMeasurePrice>0.0830</UnitOfMeasurePrice><AllowDiscount>1</AllowDiscount><ItemStatus>1</ItemStatus><ItemPrice>24.90</ItemPrice></item><item><PriceUpdateDate>2016-05-30 22:02:45</PriceUpdateDate><ItemCode>3600522344155</ItemCode><ItemType>1</ItemType><ItemName>מב מסכה אלביב ארג'ני</ItemName><ManufacturerName>אלביב</ManufacturerName><ManufactureCountry>ישראל</ManufactureCountry><ManufacturerItemDescription>מב מסכה אלביב ארג'ני</ManufacturerItemDescription><SoldByWeight/><Quantity>300.00</Quantity><UnitOfMeasure>מ"ל</UnitOfMeasure><QtyInPackage>לא ידוע</QtyInPackage><UnitOfMeasurePrice>0.0830</UnitOfMeasurePrice><AllowDiscount>1</AllowDiscount><ItemStatus>1</ItemStatus><ItemPrice>24.90</ItemPrice></item><item><PriceUpdateDate>2015-10-20 16:40:49</PriceUpdateDate><ItemCode>3600522480006</ItemCode><ItemType>1</ItemType><ItemName>שמפו אלביב הידרה קול</ItemName><ManufacturerName>אלביב</ManufacturerName><ManufactureCountry>ישראל</ManufactureCountry><ManufacturerItemDescription>שמפו אלביב הידרה קול</ManufacturerItemDescription><SoldByWeight/><Quantity>700.00</Quantity><UnitOfMeasure>מ"ל</UnitOfMeasure><QtyInPackage>לא ידוע</QtyInPackage><UnitOfMeasurePrice>0.0421</UnitOfMeasurePrice><AllowDiscount>1</AllowDiscount><ItemStatus>1</ItemStatus><ItemPrice>29.50</ItemPrice></item><item><PriceUpdateDate>2015-10-20 16:40:49</PriceUpdateDate><ItemCode>3600522480044</ItemCode><ItemType>1</ItemType><ItemName>מרכך אלביב הידרה קול</ItemName><ManufacturerName>אלביב</ManufacturerName><ManufactureCountry>ישראל</ManufactureCountry><ManufacturerItemDescription>מרכך אלביב הידרה קול</ManufacturerItemDescription><SoldByWeight/><Quantity>700.00</Quantity><UnitOfMeasure>מ"ל</UnitOfMeasure><QtyInPackage>לא ידוע</QtyInPackage><UnitOfMeasurePrice>0.0421</UnitOfMeasurePrice><AllowDiscount>1</AllowDiscount><ItemStatus>1</ItemStatus><ItemPrice>29.50</ItemPrice></item><item><PriceUpdateDate>2016-05-30 22:02:46</PriceUpdateDate><ItemCode>3600523136155</ItemCode><ItemType>1</ItemType><ItemName>מב מסכה אלביב 6 שמני</ItemName><ManufacturerName>אלביב</ManufacturerName><ManufactureCountry>ישראל</ManufactureCountry><ManufacturerItemDescription>מב מסכה אלביב 6 שמני</ManufacturerItemDescription><SoldByWeight/><Quantity>300.00</Quantity><UnitOfMeasure>מ"ל</UnitOfMeasure><QtyInPackage>לא ידוע</QtyInPackage><UnitOfMeasurePrice>0.0830</UnitOfMeasurePrice><AllowDiscount>1</AllowDiscount><ItemStatus>1</ItemStatus><ItemPrice>24.90</ItemPrice></item><item><PriceUpdateDate>2016-05-30 22:02:47</PriceUpdateDate><ItemCode>3600523154777</ItemCode><ItemType>1</ItemType><ItemName>מב שמפו אלביב ארג'ני</ItemName><ManufacturerName>אלביב</ManufacturerName><ManufactureCountry>ישראל</ManufactureCountry><ManufacturerItemDescription>שמפו אלביב וונדי פגום700</ManufacturerItemDescription><SoldByWeight/><Quantity>600.00</Quantity><UnitOfMeasure>מ"ל</UnitOfMeasure><QtyInPackage>לא ידוע</QtyInPackage><UnitOfMeasurePrice>0.0298</UnitOfMeasurePrice><AllowDiscount>1</AllowDiscount><ItemStatus>1</ItemStatus><ItemPrice>17.90</ItemPrice></item><item><PriceUpdateDate>2016-05-30 22:02:47</PriceUpdateDate><ItemCode>3600523154784</ItemCode><ItemType>1</ItemType><ItemName>מב שמפו אלביב טוטאל</ItemName><ManufacturerName>אלביב</ManufacturerName><ManufactureCountry>ישראל</ManufactureCountry><ManufacturerItemDescription>שמפו אלביב וונדי פגום700</ManufacturerItemDescription><SoldByWeight/><Quantity>600.00</Quantity><UnitOfMeasure>מ"ל</UnitOfMeasure><QtyInPackage>לא ידוע</QtyInPackage><UnitOfMeasurePrice>0.0298</UnitOfMeasurePrice><AllowDiscount>1</AllowDiscount><ItemStatus>1</ItemStatus><ItemPrice>17.90</ItemPrice></item><item><PriceUpdateDate>2016-05-30 22:02:47</PriceUpdateDate><ItemCode>3600523154791</ItemCode><ItemType>1</ItemType><ItemName>מב מרכך אלביב ארג'ני</ItemName><ManufacturerName>אלביב</ManufacturerName><ManufactureCountry>ישראל</ManufactureCountry><ManufacturerItemDescription>שמפו אלביב וונדי פגום700</ManufacturerItemDescription><SoldByWeight/><Quantity>600.00</Quantity><UnitOfMeasure>מ"ל</UnitOfMeasure><QtyInPackage>לא ידוע</QtyInPackage><UnitOfMeasurePrice>0.0298</UnitOfMeasurePrice><AllowDiscount>1</AllowDiscount><ItemStatus>1</ItemStatus><ItemPrice>17.90</ItemPrice></item><item><PriceUpdateDate>2016-05-30 22:02:47</PriceUpdateDate><ItemCode>3600523154807</ItemCode><ItemType>1</ItemType><ItemName>מב מרכך אלביב הידרה</ItemName><ManufacturerName>אלביב</ManufacturerName><ManufactureCountry>ישראל</ManufactureCountry><ManufacturerItemDescription>שמפו אלביב וונדי פגום700</ManufacturerItemDescription><SoldByWeight/><Quantity>600.00</Quantity><UnitOfMeasure>מ"ל</UnitOfMeasure><QtyInPackage>לא ידוע</QtyInPackage><UnitOfMeasurePrice>0.0298</UnitOfMeasurePrice><AllowDiscount>1</AllowDiscount><ItemStatus>1</ItemStatus><ItemPrice>17.90</ItemPrice></item><item><PriceUpdateDate>2016-05-30 22:02:47</PriceUpdateDate><ItemCode>3600523154814</ItemCode><ItemType>1</ItemType><ItemName>מב מרכך אלביב טוטאל</ItemName><ManufacturerName>אלביב</ManufacturerName><ManufactureCountry>ישראל</ManufactureCountry><ManufacturerItemDescription>שמפו אלביב וונדי פגום700</ManufacturerItemDescription><SoldByWeight/><Quantity>600.00</Quantity><UnitOfMeasure>מ"ל</UnitOfMeasure><QtyInPackage>לא ידוע</QtyInPackage><UnitOfMeasurePrice>0.0298</UnitOfMeasurePrice><AllowDiscount>1</AllowDiscount><ItemStatus>1</ItemStatus><ItemPrice>17.90</ItemPrice></item><item><PriceUpdateDate>2016-05-30 22:02:48</PriceUpdateDate><ItemCode>3600523165742</ItemCode><ItemType>1</ItemType><ItemName>מב שמפו אלביב 6 שמני</ItemName><ManufacturerName>אלביב</ManufacturerName><ManufactureCountry>ישראל</ManufactureCountry><ManufacturerItemDescription>שמפו אלביב וונדי פגום700</ManufacturerItemDescription><SoldByWeight/><Quantity>600.00</Quantity><UnitOfMeasure>מ"ל</UnitOfMeasure><QtyInPackage>לא ידוע</QtyInPackage><UnitOfMeasurePrice>0.0298</UnitOfMeasurePrice><AllowDiscount>1</AllowDiscount><ItemStatus>1</ItemStatus><ItemPrice>17.90</ItemPrice></item><item><PriceUpdateDate>2016-05-30 22:02:48</PriceUpdateDate><ItemCode>3600523171040</ItemCode><ItemType>1</ItemType><ItemName>מב מרכך אלביב 6 שמני</ItemName><ManufacturerName>אלביב</ManufacturerName><ManufactureCountry>ישראל</ManufactureCountry><ManufacturerItemDescription>שמפו אלביב וונדי פגום700</ManufacturerItemDescription><SoldByWeight/><Quantity>600.00</Quantity><UnitOfMeasure>מ"ל</UnitOfMeasure><QtyInPackage>לא ידוע</QtyInPackage><UnitOfMeasurePrice>0.0298</UnitOfMeasurePrice><AllowDiscount>1</AllowDiscount><ItemStatus>1</ItemStatus><ItemPrice>17.90</ItemPrice></item><item><PriceUpdateDate>2016-03-29 06:35:57</PriceUpdateDate><ItemCode>3600540006165</ItemCode><ItemType>1</ItemType><ItemName>מב חלב פנים אסנשיאל</ItemName><ManufacturerName>גרנייה</ManufacturerName><ManufactureCountry>לא ידוע</ManufactureCountry><ManufacturerItemDescription>מב חלב פנים אסנשיאל</ManufacturerItemDescription><SoldByWeight/><Quantity>200.00</Quantity><UnitOfMeasure>מ"ל</UnitOfMeasure><QtyInPackage>לא ידוע</QtyInPackage><UnitOfMeasurePrice>0.1145</UnitOfMeasurePrice><AllowDiscount>1</AllowDiscount><ItemStatus>1</ItemStatus><ItemPrice>22.90</ItemPrice></item><item><PriceUpdateDate>2016-05-30 22:02:50</PriceUpdateDate><ItemCode>3600540764294</ItemCode><ItemType>1</ItemType><ItemName>אסנשיאל קרם יום לעור</ItemName><ManufacturerName>גרנייה</ManufacturerName><ManufactureCountry>גרמניה</ManufactureCountry><ManufacturerItemDescription>סוכריות אייס פרש 425 גרם</ManufacturerItemDescription><SoldByWeight/><Quantity>50.00</Quantity><UnitOfMeasure>מ"ל</UnitOfMeasure><QtyInPackage>לא ידוע</QtyInPackage><UnitOfMeasurePrice>1.0980</UnitOfMeasurePrice><AllowDiscount>1</AllowDiscount><ItemStatus>1</ItemStatus><ItemPrice>54.90</ItemPrice></item><item><PriceUpdateDate>2016-06-01 09:22:39</PriceUpdateDate><ItemCode>3600541022065</ItemCode><ItemType>1</ItemType><ItemName>מב גרנייה קרם גוף אל</ItemName><ManufacturerName>גרנייה</ManufacturerName><ManufactureCountry>ישראל</ManufactureCountry><ManufacturerItemDescription>מב גרנייה קרם גוף אל</ManufacturerItemDescription><SoldByWeight/><Quantity>400.00</Quantity><UnitOfMeasure>מ"ל</UnitOfMeasure><QtyInPackage>לא ידוע</QtyInPackage><UnitOfMeasurePrice>0.0547</UnitOfMeasurePrice><AllowDiscount>1</AllowDiscount><ItemStatus>1</ItemStatus><ItemPrice>21.90</ItemPrice></item><item><PriceUpdateDate>2016-05-30 22:02:52</PriceUpdateDate><ItemCode>3600541032798</ItemCode><ItemType>1</ItemType><ItemName>מב דאו' רול און קול</ItemName><ManufacturerName>גרנייה</ManufacturerName><ManufactureCountry>ישראל</ManufactureCountry><ManufacturerItemDescription>דאורדורנט רול גרנייה קול</ManufacturerItemDescription><SoldByWeight/><Quantity>50.00</Quantity><UnitOfMeasure>מ"ל</UnitOfMeasure><QtyInPackage>לא ידוע</QtyInPackage><UnitOfMeasurePrice>0.2980</UnitOfMeasurePrice><AllowDiscount>1</AllowDiscount><ItemStatus>1</ItemStatus><ItemPrice>14.90</ItemPrice></item><item><PriceUpdateDate>2016-05-30 22:02:53</PriceUpdateDate><ItemCode>3600541033412</ItemCode><ItemType>1</ItemType><ItemName>מב דאו' גרנייה ספריי</ItemName><ManufacturerName>גרנייה</ManufacturerName><ManufactureCountry>ישראל</ManufactureCountry><ManufacturerItemDescription>מב דאו' גרנייה ספריי</ManufacturerItemDescription><SoldByWeight/><Quantity>50.00</Quantity><UnitOfMeasure>מ"ל</UnitOfMeasure><QtyInPackage>לא ידוע</QtyInPackage><UnitOfMeasurePrice>0.2980</UnitOfMeasurePrice><AllowDiscount>1</AllowDiscount><ItemStatus>1</ItemStatus><ItemPrice>14.90</ItemPrice></item><item><PriceUpdateDate>2016-05-30 22:02:53</PriceUpdateDate><ItemCode>3600541126022</ItemCode><ItemType>1</ItemType><ItemName>גרנייה קרם ידיים אינ</ItemName><ManufacturerName>גרנייה</ManufacturerName><ManufactureCountry>ישראל</ManufactureCountry><ManufacturerItemDescription>גרנייה קרם ידיים אינ</ManufacturerItemDescription><SoldByWeight/><Quantity>100.00</Quantity><UnitOfMeasure>מ"ל</UnitOfMeasure><QtyInPackage>לא ידוע</QtyInPackage><UnitOfMeasurePrice>0.1390</UnitOfMeasurePrice><AllowDiscount>1</AllowDiscount><ItemStatus>1</ItemStatus><ItemPrice>13.90</ItemPrice></item><item><PriceUpdateDate>2016-05-30 22:02:53</PriceUpdateDate><ItemCode>3600541126039</ItemCode><ItemType>1</ItemType><ItemName>גרנייה קרם ידיים אינ</ItemName><ManufacturerName>גרנייה</ManufacturerName><ManufactureCountry>ישראל</ManufactureCountry><ManufacturerItemDescription>גרנייה קרם ידיים אינ</ManufacturerItemDescription><SoldByWeight/><Quantity>100.00</Quantity><UnitOfMeasure>מ"ל</UnitOfMeasure><QtyInPackage>לא ידוע</QtyInPackage><UnitOfMeasurePrice>0.1390</UnitOfMeasurePrice><AllowDiscount>1</AllowDiscount><ItemStatus>1</ItemStatus><ItemPrice>13.90</ItemPrice></item><item><PriceUpdateDate>2016-05-30 22:02:53</PriceUpdateDate><ItemCode>3600541126046</ItemCode><ItemType>1</ItemType><ItemName>גרנייה קרם ידיים אינ</ItemName><ManufacturerName>גרנייה</ManufacturerName><ManufactureCountry>ישראל</ManufactureCountry><ManufacturerItemDescription>גרנייה קרם ידיים אינ</ManufacturerItemDescription><SoldByWeight/><Quantity>100.00</Quantity><UnitOfMeasure>מ"ל</UnitOfMeasure><QtyInPackage>לא ידוע</QtyInPackage><UnitOfMeasurePrice>0.1390</UnitOfMeasurePrice><AllowDiscount>1</AllowDiscount><ItemStatus>1</ItemStatus><ItemPrice>13.90</ItemPrice></item><item><PriceUpdateDate>2016-02-02 06:50:25</PriceUpdateDate><ItemCode>3600541205840</ItemCode><ItemType>1</ItemType><ItemName>ג'ל ניקוי פיור פירות</ItemName><ManufacturerName>גרנייה</ManufacturerName><ManufactureCountry>ישראל</ManufactureCountry><ManufacturerItemDescription>ג'ל ניקוי פיור פירות</ManufacturerItemDescription><SoldByWeight/><Quantity>200.00</Quantity><UnitOfMeasure>מ"ל</UnitOfMeasure><QtyInPackage>לא ידוע</QtyInPackage><UnitOfMeasurePrice>0.1795</UnitOfMeasurePrice><AllowDiscount>1</AllowDiscount><ItemStatus>1</ItemStatus><ItemPrice>35.90</ItemPrice></item><item><PriceUpdateDate>2016-05-30 22:02:54</PriceUpdateDate><ItemCode>3600541253667</ItemCode><ItemType>1</ItemType><ItemName>מב דאו' גרנייה ספריי</ItemName><ManufacturerName>גרנייה</ManufacturerName><ManufactureCountry>ישראל</ManufactureCountry><ManufacturerItemDescription>מב דאו' גרנייה ספריי</ManufacturerItemDescription><SoldByWeight/><Quantity>50.00</Quantity><UnitOfMeasure>מ"ל</UnitOfMeasure><QtyInPackage>לא ידוע</QtyInPackage><UnitOfMeasurePrice>0.2980</UnitOfMeasurePrice><AllowDiscount>1</AllowDiscount><ItemStatus>1</ItemStatus><ItemPrice>14.90</ItemPrice></item><item><PriceUpdateDate>2016-05-30 22:02:55</PriceUpdateDate><ItemCode>3600541466197</ItemCode><ItemType>1</ItemType><ItemName>מב דאו' גרנייה ספריי</ItemName><ManufacturerName>גרנייה</ManufacturerName><ManufactureCountry>ישראל</ManufactureCountry><ManufacturerItemDescription>מב דאו' גרנייה ספריי</ManufacturerItemDescription><SoldByWeight/><Quantity>50.00</Quantity><UnitOfMeasure>מ"ל</UnitOfMeasure><QtyInPackage>לא ידוע</QtyInPackage><UnitOfMeasurePrice>0.2980</UnitOfMeasurePrice><AllowDiscount>1</AllowDiscount><ItemStatus>1</ItemStatus><ItemPrice>14.90</ItemPrice></item><item><PriceUpdateDate>2016-05-30 22:02:56</PriceUpdateDate><ItemCode>3600541466265</ItemCode><ItemType>1</ItemType><ItemName>מב דאו' גרנייה ספריי</ItemName><ManufacturerName>גרנייה</ManufacturerName><ManufactureCountry>ישראל</ManufactureCountry><ManufacturerItemDescription>מב דאו' גרנייה ספריי</ManufacturerItemDescription><SoldByWeight/><Quantity>50.00</Quantity><UnitOfMeasure>מ"ל</UnitOfMeasure><QtyInPackage>לא ידוע</QtyInPackage><UnitOfMeasurePrice>0.2980</UnitOfMeasurePrice><AllowDiscount>1</AllowDiscount><ItemStatus>1</ItemStatus><ItemPrice>14.90</ItemPrice></item><item><PriceUpdateDate>2016-05-02 08:05:39</PriceUpdateDate><ItemCode>3661163934945</ItemCode><ItemType>1</ItemType><ItemName>מב דאו' סטיק אדידס ד</ItemName><ManufacturerName>אדידס</ManufacturerName><ManufactureCountry>ישראל</ManufactureCountry><ManufacturerItemDescription>מב דאו' סטיק אדידס ד</ManufacturerItemDescription><SoldByWeight/><Quantity>53.00</Quantity><UnitOfMeasure>גרם     </UnitOfMeasure><QtyInPackage>לא ידוע</QtyInPackage><UnitOfMeasurePrice>0.3377</UnitOfMeasurePrice><AllowDiscount>1</AllowDiscount><ItemStatus>1</ItemStatus><ItemPrice>17.90</ItemPrice></item><item><PriceUpdateDate>2016-05-02 08:05:39</PriceUpdateDate><ItemCode>3661163990323</ItemCode><ItemType>1</ItemType><ItemName>מב דאו' ספריי אדידס</ItemName><ManufacturerName>אדידס</ManufacturerName><ManufactureCountry>ספרד</ManufactureCountry><ManufacturerItemDescription>סוכריות שטורק    325גרם</ManufacturerItemDescription><SoldByWeight/><Quantity>200.00</Quantity><UnitOfMeasure>מ"ל</UnitOfMeasure><QtyInPackage>לא ידוע</QtyInPackage><UnitOfMeasurePrice>0.0895</UnitOfMeasurePrice><AllowDiscount>1</AllowDiscount><ItemStatus>1</ItemStatus><ItemPrice>17.90</ItemPrice></item><item><PriceUpdateDate>2016-05-30 22:02:36</PriceUpdateDate><ItemCode>37600207188</ItemCode><ItemType>1</ItemType><ItemName>מב חמאת בוטנים סקיפי</ItemName><ManufacturerName>SKIPPY</ManufacturerName><ManufactureCountry>ארצות הברית</ManufactureCountry><ManufacturerItemDescription>רייזן ברן       56 גגרם</ManufacturerItemDescription><SoldByWeight/><Quantity>462.00</Quantity><UnitOfMeasure>גרם     </UnitOfMeasure><QtyInPackage>לא ידוע</QtyInPackage><UnitOfMeasurePrice>0.0431</UnitOfMeasurePrice><AllowDiscount>1</AllowDiscount><ItemStatus>1</ItemStatus><ItemPrice>19.90</ItemPrice></item><item><PriceUpdateDate>2016-05-30 22:02:36</PriceUpdateDate><ItemCode>37600207287</ItemCode><ItemType>1</ItemType><ItemName>מב חמאת בוטנים סקיפי</ItemName><ManufacturerName>SKIPPY</ManufacturerName><ManufactureCountry>ישראל</ManufactureCountry><ManufacturerItemDescription>מב חמאת בוטנים סקיפי</ManufacturerItemDescription><SoldByWeight/><Quantity>462.00</Quantity><UnitOfMeasure>גרם     </UnitOfMeasure><QtyInPackage>לא ידוע</QtyInPackage><UnitOfMeasurePrice>0.0431</UnitOfMeasurePrice><AllowDiscount>1</AllowDiscount><ItemStatus>1</ItemStatus><ItemPrice>19.90</ItemPrice></item><item><PriceUpdateDate>2016-05-30 22:02:56</PriceUpdateDate><ItemCode>3800016701239</ItemCode><ItemType>1</ItemType><ItemName>פלפל סבא פפרוני 580</ItemName><ManufacturerName>לא ממותג</ManufacturerName><ManufactureCountry>ישראל</ManufactureCountry><ManufacturerItemDescription>פלפל סבא פפרוני 580</ManufacturerItemDescription><SoldByWeight/><Quantity>580.00</Quantity><UnitOfMeasure>גרם     </UnitOfMeasure><QtyInPackage>לא ידוע</QtyInPackage><UnitOfMeasurePrice>0.0207</UnitOfMeasurePrice><AllowDiscount>1</AllowDiscount><ItemStatus>1</ItemStatus><ItemPrice>12.00</ItemPrice></item><item><PriceUpdateDate>2016-06-01 06:33:33</PriceUpdateDate><ItemCode>3800065781114</ItemCode><ItemType>1</ItemType><ItemName>מב עוגת וופל עם בוטנ</ItemName><ManufacturerName>לא ממותג</ManufacturerName><ManufactureCountry>ישראל</ManufactureCountry><ManufacturerItemDescription>מב עוגת וופל עם בוטנ</ManufacturerItemDescription><SoldByWeight/><Quantity>290.00</Quantity><UnitOfMeasure>גרם     </UnitOfMeasure><QtyInPackage>לא ידוע</QtyInPackage><UnitOfMeasurePrice>0.0307</UnitOfMeasurePrice><AllowDiscount>1</AllowDiscount><ItemStatus>1</ItemStatus><ItemPrice>8.90</ItemPrice></item><item><PriceUpdateDate>2016-05-30 22:02:57</PriceUpdateDate><ItemCode>3800065781268</ItemCode><ItemType>1</ItemType><ItemName>חטיפי וופל צ'ודו בוט</ItemName><ManufacturerName>רוסמן לוגיסטיקה</ManufacturerName><ManufactureCountry>ישראל</ManufactureCountry><ManufacturerItemDescription>חטיפי וופל צ'ודו בוט</ManufacturerItemDescription><SoldByWeight/><Quantity>200.00</Quantity><UnitOfMeasure>גרם     </UnitOfMeasure><QtyInPackage>לא ידוע</QtyInPackage><UnitOfMeasurePrice>0.0405</UnitOfMeasurePrice><AllowDiscount>1</AllowDiscount><ItemStatus>1</ItemStatus><ItemPrice>8.10</ItemPrice></item><item><PriceUpdateDate>2016-05-02 08:05:37</PriceUpdateDate><ItemCode>38000844966</ItemCode><ItemType>1</ItemType><ItemName>חטיף פרינגלס אורגינל</ItemName><ManufacturerName>פרינגלס</ManufacturerName><ManufactureCountry>ארצות הברית</ManufactureCountry><ManufacturerItemDescription>פרינגלס אורגינל 161 גרם</ManufacturerItemDescription><SoldByWeight/><Quantity>161.00</Quantity><UnitOfMeasure>גרם     </UnitOfMeasure><QtyInPackage>לא ידוע</QtyInPackage><UnitOfMeasurePrice>0.0615</UnitOfMeasurePrice><AllowDiscount>1</AllowDiscount><ItemStatus>1</ItemStatus><ItemPrice>9.90</ItemPrice></item><item><PriceUpdateDate>2016-05-02 08:05:37</PriceUpdateDate><ItemCode>38000844973</ItemCode><ItemType>1</ItemType><ItemName>חטיף פרינגלס ברביקיו</ItemName><ManufacturerName>פרינגלס</ManufacturerName><ManufactureCountry>ארצות הברית</ManufactureCountry><ManufacturerItemDescription>פרינגלס ברביקיו 169 גרם</ManufacturerItemDescription><SoldByWeight/><Quantity>169.00</Quantity><UnitOfMeasure>גרם     </UnitOfMeasure><QtyInPackage>לא ידוע</QtyInPackage><UnitOfMeasurePrice>0.0586</UnitOfMeasurePrice><AllowDiscount>1</AllowDiscount><ItemStatus>1</ItemStatus><ItemPrice>9.90</ItemPrice></item><item><PriceUpdateDate>2016-05-02 08:05:37</PriceUpdateDate><ItemCode>38000845000</ItemCode><ItemType>1</ItemType><ItemName>חטיף פרינגלס שמנת וב</ItemName><ManufacturerName>פרינגלס</ManufacturerName><ManufactureCountry>ארצות הברית</ManufactureCountry><ManufacturerItemDescription>קרפרי מגן תחתון ן כותנה</ManufacturerItemDescription><SoldByWeight/><Quantity>169.00</Quantity><UnitOfMeasure>גרם     </UnitOfMeasure><QtyInPackage>לא ידוע</QtyInPackage><UnitOfMeasurePrice>0.0586</UnitOfMeasurePrice><AllowDiscount>1</AllowDiscount><ItemStatus>1</ItemStatus><ItemPrice>9.90</ItemPrice></item><item><PriceUpdateDate>2016-05-02 08:05:37</PriceUpdateDate><ItemCode>38000845024</ItemCode><ItemType>1</ItemType><ItemName>חטיף פרינגלס פיצה 16</ItemName><ManufacturerName>פרינגלס</ManufacturerName><ManufactureCountry>ישראל</ManufactureCountry><ManufacturerItemDescription>חטיף פרינגלס פיצה 16</ManufacturerItemDescription><SoldByWeight/><Quantity>169.00</Quantity><UnitOfMeasure>גרם     </UnitOfMeasure><QtyInPackage>לא ידוע</QtyInPackage><UnitOfMeasurePrice>0.0586</UnitOfMeasurePrice><AllowDiscount>1</AllowDiscount><ItemStatus>1</ItemStatus><ItemPrice>9.90</ItemPrice></item><item><PriceUpdateDate>2016-05-30 22:02:57</PriceUpdateDate><ItemCode>3800123604072</ItemCode><ItemType>1</ItemType><ItemName>אסורטי סבא בחומץ 580</ItemName><ManufacturerName>לא ממותג</ManufacturerName><ManufactureCountry>ישראל</ManufactureCountry><ManufacturerItemDescription>אסורטי סבא בחומץ 580</ManufacturerItemDescription><SoldByWeight/><Quantity>580.00</Quantity><UnitOfMeasure>גרם     </UnitOfMeasure><QtyInPackage>לא ידוע</QtyInPackage><UnitOfMeasurePrice>0.0207</UnitOfMeasurePrice><AllowDiscount>1</AllowDiscount><ItemStatus>1</ItemStatus><ItemPrice>12.00</ItemPrice></item><item><PriceUpdateDate>2015-10-11 18:10:39</PriceUpdateDate><ItemCode>38527591053</ItemCode><ItemType>1</ItemType><ItemName>דגני בוקר קואקר מרוב</ItemName><ManufacturerName>לא ממותג</ManufacturerName><ManufactureCountry>ארצות הברית</ManufactureCountry><ManufacturerItemDescription>קוואקר מרובעים קינמון</ManufacturerItemDescription><SoldByWeight/><Quantity>412.00</Quantity><UnitOfMeasure>גרם     </UnitOfMeasure><QtyInPackage>לא ידוע</QtyInPackage><UnitOfMeasurePrice>0.0592</UnitOfMeasurePrice><AllowDiscount>1</AllowDiscount><ItemStatus>1</ItemStatus><ItemPrice>24.40</ItemPrice></item><item><PriceUpdateDate>2015-10-11 18:10:39</PriceUpdateDate><ItemCode>38527591060</ItemCode><ItemType>1</ItemType><ItemName>דגני בוקר קואקר מרוב</ItemName><ManufacturerName>לא ממותג</ManufacturerName><ManufactureCountry>ארצות הברית</ManufactureCountry><ManufacturerItemDescription>קוואקר מרובעים סוכר חום</ManufacturerItemDescription><SoldByWeight/><Quantity>412.00</Quantity><UnitOfMeasure>גרם     </UnitOfMeasure><QtyInPackage>לא ידוע</QtyInPackage><UnitOfMeasurePrice>0.0592</UnitOfMeasurePrice><AllowDiscount>1</AllowDiscount><ItemStatus>1</ItemStatus><ItemPrice>24.40</ItemPrice></item><item><PriceUpdateDate>2015-10-11 18:10:39</PriceUpdateDate><ItemCode>38527591145</ItemCode><ItemType>1</ItemType><ItemName>דגני קפטן קראנץ בוטנ</ItemName><ManufacturerName>פררו</ManufacturerName><ManufactureCountry>ישראל</ManufactureCountry><ManufacturerItemDescription>דגני קפטן קראנץ בוטנ</ManufacturerItemDescription><SoldByWeight/><Quantity>355.00</Quantity><UnitOfMeasure>גרם     </UnitOfMeasure><QtyInPackage>לא ידוע</QtyInPackage><UnitOfMeasurePrice>0.0687</UnitOfMeasurePrice><AllowDiscount>1</AllowDiscount><ItemStatus>1</ItemStatus><ItemPrice>24.40</ItemPrice></item><item><PriceUpdateDate>2014-11-03 06:38:37</PriceUpdateDate><ItemCode>39800011367</ItemCode><ItemType>1</ItemType><ItemName>סוללת אנרג'ייזר C</ItemName><ManufacturerName>אנרג'ייזר</ManufacturerName><ManufactureCountry>ישראל</ManufactureCountry><ManufacturerItemDescription>סוללת אנרג'ייזר C</ManufacturerItemDescription><SoldByWeight/><Quantity>14.00</Quantity><UnitOfMeasure>בודד</UnitOfMeasure><QtyInPackage>לא ידוע</QtyInPackage><UnitOfMeasurePrice>1.8286</UnitOfMeasurePrice><AllowDiscount>1</AllowDiscount><ItemStatus>1</ItemStatus><ItemPrice>25.60</ItemPrice></item><item><PriceUpdateDate>2014-11-03 06:38:37</PriceUpdateDate><ItemCode>39800011398</ItemCode><ItemType>1</ItemType><ItemName>סוללות אנרג'ייזר D</ItemName><ManufacturerName>אנרג'ייזר</ManufacturerName><ManufactureCountry>ישראל</ManufactureCountry><ManufacturerItemDescription>סוללות אנרג'ייזר D</ManufacturerItemDescription><SoldByWeight/><Quantity>2.00</Quantity><UnitOfMeasure>בודד</UnitOfMeasure><QtyInPackage>לא ידוע</QtyInPackage><UnitOfMeasurePrice>16.3500</UnitOfMeasurePrice><AllowDiscount>1</AllowDiscount><ItemStatus>1</ItemStatus><ItemPrice>32.70</ItemPrice></item><item><PriceUpdateDate>2015-11-12 17:28:16</PriceUpdateDate><ItemCode>39800013613</ItemCode><ItemType>1</ItemType><ItemName>סוללות אנג'ייזר 9V</ItemName><ManufacturerName>אנרג'ייזר</ManufacturerName><ManufactureCountry>ארצות הברית</ManufactureCountry><ManufacturerItemDescription>אל סבון ג'ונסון י שינ750</ManufacturerItemDescription><SoldByWeight/><Quantity>1.00</Quantity><UnitOfMeasure>בודד</UnitOfMeasure><QtyInPackage>לא ידוע</QtyInPackage><UnitOfMeasurePrice>29.2000</UnitOfMeasurePrice><AllowDiscount>1</AllowDiscount><ItemStatus>1</ItemStatus><ItemPrice>29.20</ItemPrice></item><item><PriceUpdateDate>2016-05-30 22:02:37</PriceUpdateDate><ItemCode>40000017318</ItemCode><ItemType>1</ItemType><ItemName>מב M$M שוקולד 150 גר</ItemName><ManufacturerName>M&amp;M</ManufacturerName><ManufactureCountry>ארצות הברית</ManufactureCountry><ManufacturerItemDescription>שמפו גונסונס    בה750מ</ManufacturerItemDescription><SoldByWeight/><Quantity>150.00</Quantity><UnitOfMeasure>גרם     </UnitOfMeasure><QtyInPackage>לא ידוע</QtyInPackage><UnitOfMeasurePrice>0.0727</UnitOfMeasurePrice><AllowDiscount>1</AllowDiscount><ItemStatus>1</ItemStatus><ItemPrice>10.90</ItemPrice></item><item><PriceUpdateDate>2016-05-30 22:02:37</PriceUpdateDate><ItemCode>40000017325</ItemCode><ItemType>1</ItemType><ItemName>מב M$M בוטנים 150 גר</ItemName><ManufacturerName>M&amp;M</ManufacturerName><ManufactureCountry>ארצות הברית</ManufactureCountry><ManufacturerItemDescription>טמפוני או-בה    ר+מוליך</ManufacturerItemDescription><SoldByWeight/><Quantity>150.00</Quantity><UnitOfMeasure>גרם     </UnitOfMeasure><QtyInPackage>לא ידוע</QtyInPackage><UnitOfMeasurePrice>0.0727</UnitOfMeasurePrice><AllowDiscount>1</AllowDiscount><ItemStatus>1</ItemStatus><ItemPrice>10.90</ItemPrice></item><item><PriceUpdateDate>2016-05-30 22:02:37</PriceUpdateDate><ItemCode>40000470700</ItemCode><ItemType>1</ItemType><ItemName>סוכריות M$M  שוקו 22</ItemName><ManufacturerName>מרסי</ManufacturerName><ManufactureCountry>ארצות הברית</ManufactureCountry><ManufacturerItemDescription>חטיף M&amp;M שוקו 227 גרם</ManufacturerItemDescription><SoldByWeight/><Quantity>227.00</Quantity><UnitOfMeasure>גרם     </UnitOfMeasure><QtyInPackage>לא ידוע</QtyInPackage><UnitOfMeasurePrice>0.0877</UnitOfMeasurePrice><AllowDiscount>1</AllowDiscount><ItemStatus>1</ItemStatus><ItemPrice>19.90</ItemPrice></item><item><PriceUpdateDate>2014-11-03 06:37:37</PriceUpdateDate><ItemCode>40002035648</ItemCode><ItemType>1</ItemType><ItemName>פרסים רמה 4</ItemName><ManufacturerName>שמחה זה אנחנו</ManufacturerName><ManufactureCountry>ישראל</ManufactureCountry><ManufacturerItemDescription>פרסים רמה 4</ManufacturerItemDescription><SoldByWeight/><Quantity>0.00</Quantity><UnitOfMeasure>יח'</UnitOfMeasure><QtyInPackage>לא ידוע</QtyInPackage><UnitOfMeasurePrice>0.0000</UnitOfMeasurePrice><AllowDiscount>1</AllowDiscount><ItemStatus>1</ItemStatus><ItemPrice>11.60</ItemPrice></item><item><PriceUpdateDate>2015-10-29 13:50:48</PriceUpdateDate><ItemCode>4000417013002</ItemCode><ItemType>1</ItemType><ItemName>שוקולד ריטר לבן אגוז</ItemName><ManufacturerName>ריטר</ManufacturerName><ManufactureCountry>גרמניה</ManufactureCountry><ManufacturerItemDescription>סוכר.ממולאות    חלב325גר</ManufacturerItemDescription><SoldByWeight/><Quantity>100.00</Quantity><UnitOfMeasure>גרם     </UnitOfMeasure><QtyInPackage>לא ידוע</QtyInPackage><UnitOfMeasurePrice>0.0990</UnitOfMeasurePrice><AllowDiscount>1</AllowDiscount><ItemStatus>1</ItemStatus><ItemPrice>9.90</ItemPrice></item><item><PriceUpdateDate>2015-10-29 13:50:48</PriceUpdateDate><ItemCode>4000417023001</ItemCode><ItemType>1</ItemType><ItemName>שוקולד ריטר חלב שקדי</ItemName><ManufacturerName>לא ידוע</ManufacturerName><ManufactureCountry>גרמניה</ManufactureCountry><ManufacturerItemDescription>שמפו גליס       צבע 400מ</ManufacturerItemDescription><SoldByWeight/><Quantity>100.00</Quantity><UnitOfMeasure>גרם     </UnitOfMeasure><QtyInPackage>לא ידוע</QtyInPackage><UnitOfMeasurePrice>0.0990</UnitOfMeasurePrice><AllowDiscount>1</AllowDiscount><ItemStatus>1</ItemStatus><ItemPrice>9.90</ItemPrice></item><item><PriceUpdateDate>2015-10-29 13:50:48</PriceUpdateDate><ItemCode>4000417025005</ItemCode><ItemType>1</ItemType><ItemName>שוקולד ריטר מרציפן 1</ItemName><ManufacturerName>לא ידוע</ManufacturerName><ManufactureCountry>גרמניה</ManufactureCountry><ManufacturerItemDescription>מרכך גליס       זלי 400</ManufacturerItemDescription><SoldByWeight/><Quantity>100.00</Quantity><UnitOfMeasure>גרם     </UnitOfMeasure><QtyInPackage>לא ידוע</QtyInPackage><UnitOfMeasurePrice>0.0990</UnitOfMeasurePrice><AllowDiscount>1</AllowDiscount><ItemStatus>1</ItemStatus><ItemPrice>9.90</ItemPrice></item><item><PriceUpdateDate>2015-12-21 09:00:48</PriceUpdateDate><ItemCode>4000522009747</ItemCode><ItemType>1</ItemType><ItemName>בייגלה צ'יו תפו"א סט</ItemName><ManufacturerName>צ'יו</ManufacturerName><ManufactureCountry>ישראל</ManufactureCountry><ManufacturerItemDescription>בייגלה צ'יו תפו"א סט</ManufacturerItemDescription><SoldByWeight/><Quantity>100.00</Quantity><UnitOfMeasure>גרם     </UnitOfMeasure><QtyInPackage>לא ידוע</QtyInPackage><UnitOfMeasurePrice>0.0490</UnitOfMeasurePrice><AllowDiscount>1</AllowDiscount><ItemStatus>1</ItemStatus><ItemPrice>4.90</ItemPrice></item><item><PriceUpdateDate>2015-11-03 08:37:59</PriceUpdateDate><ItemCode>4000869032569</ItemCode><ItemType>1</ItemType><ItemName>מטהר אוויר הפי פרש 1</ItemName><ManufacturerName>הפי</ManufacturerName><ManufactureCountry>ישראל</ManufactureCountry><ManufacturerItemDescription>מטהר אוויר הפי פרש 1</ManufacturerItemDescription><SoldByWeight/><Quantity>160.00</Quantity><UnitOfMeasure>גרם     </UnitOfMeasure><QtyInPackage>לא ידוע</QtyInPackage><UnitOfMeasurePrice>0.0706</UnitOfMeasurePrice><AllowDiscount>1</AllowDiscount><ItemStatus>1</ItemStatus><ItemPrice>11.30</ItemPrice></item><item><PriceUpdateDate>2016-05-30 22:02:57</PriceUpdateDate><ItemCode>4001518000298</ItemCode><ItemType>1</ItemType><ItemName>מב עוגיות שוקוצ'יפס</ItemName><ManufacturerName>גריסון</ManufacturerName><ManufactureCountry>גרמניה</ManufactureCountry><ManufacturerItemDescription>מסכת גליס        גלוס150</ManufacturerItemDescription><SoldByWeight/><Quantity>150.00</Quantity><UnitOfMeasure>גרם     </UnitOfMeasure><QtyInPackage>לא ידוע</QtyInPackage><UnitOfMeasurePrice>0.0393</UnitOfMeasurePrice><AllowDiscount>1</AllowDiscount><ItemStatus>1</ItemStatus><ItemPrice>5.90</ItemPrice></item><item><PriceUpdateDate>2016-05-30 22:02:57</PriceUpdateDate><ItemCode>4001518102961</ItemCode><ItemType>1</ItemType><ItemName>מב פת חיטה רגיל גריס</ItemName><ManufacturerName>גריסון</ManufacturerName><ManufactureCountry>גרמניה</ManufactureCountry><ManufacturerItemDescription>דאודורנט פה     וני 200מ</ManufacturerItemDescription><SoldByWeight/><Quantity>250.00</Quantity><UnitOfMeasure>גרם     </UnitOfMeasure><QtyInPackage>לא ידוע</QtyInPackage><UnitOfMeasurePrice>0.0396</UnitOfMeasurePrice><AllowDiscount>1</AllowDiscount><ItemStatus>1</ItemStatus><ItemPrice>9.90</ItemPrice></item><item><PriceUpdateDate>2016-05-30 22:02:57</PriceUpdateDate><ItemCode>4001518107638</ItemCode><ItemType>1</ItemType><ItemName>מב עוגיות שוקוצ'יפס</ItemName><ManufacturerName>גריסון</ManufacturerName><ManufactureCountry>ישראל</ManufactureCountry><ManufacturerItemDescription>מב עוגיות שוקוצ'יפס</ManufacturerItemDescription><SoldByWeight/><Quantity>150.00</Quantity><UnitOfMeasure>גרם     </UnitOfMeasure><QtyInPackage>לא ידוע</QtyInPackage><UnitOfMeasurePrice>0.0393</UnitOfMeasurePrice><AllowDiscount>1</AllowDiscount><ItemStatus>1</ItemStatus><ItemPrice>5.90</ItemPrice></item><item><PriceUpdateDate>2016-05-30 22:02:57</PriceUpdateDate><ItemCode>4001518108642</ItemCode><ItemType>1</ItemType><ItemName>מב עוגיות בלק 5 סנדו</ItemName><ManufacturerName>לא ממותג</ManufacturerName><ManufactureCountry>ישראל</ManufactureCountry><ManufacturerItemDescription>מב עוגיות בלק 5 סנדו</ManufacturerItemDescription><SoldByWeight/><Quantity>180.00</Quantity><UnitOfMeasure>גרם     </UnitOfMeasure><QtyInPackage>לא ידוע</QtyInPackage><UnitOfMeasurePrice>0.0328</UnitOfMeasurePrice><AllowDiscount>1</AllowDiscount><ItemStatus>1</ItemStatus><ItemPrice>5.90</ItemPrice></item><item><PriceUpdateDate>2015-10-16 10:29:09</PriceUpdateDate><ItemCode>4001518752302</ItemCode><ItemType>1</ItemType><ItemName>עוגיות ביסקוויט שוקו</ItemName><ManufacturerName>גריסון</ManufacturerName><ManufactureCountry>ישראל</ManufactureCountry><ManufacturerItemDescription>עוגיות ביסקוויט שוקו</ManufacturerItemDescription><SoldByWeight/><Quantity>125.00</Quantity><UnitOfMeasure>גרם     </UnitOfMeasure><QtyInPackage>לא ידוע</QtyInPackage><UnitOfMeasurePrice>0.0712</UnitOfMeasurePrice><AllowDiscount>1</AllowDiscount><ItemStatus>1</ItemStatus><ItemPrice>8.90</ItemPrice></item><item><PriceUpdateDate>2014-11-03 06:37:49</PriceUpdateDate><ItemCode>400433</ItemCode><ItemType>3</ItemType><ItemName>שוק הודו טחון טרי</ItemName><ManufacturerName>לא ממותג</ManufacturerName><ManufactureCountry>ישראל</ManufactureCountry><ManufacturerItemDescription>שוק הודו טחון טרי</ManufacturerItemDescription><SoldByWeight/><Quantity>1.00</Quantity><UnitOfMeasure>ק"ג</UnitOfMeasure><QtyInPackage>לא ידוע</QtyInPackage><UnitOfMeasurePrice>47.1000</UnitOfMeasurePrice><AllowDiscount>1</AllowDiscount><ItemStatus>1</ItemStatus><ItemPrice>47.10</ItemPrice></item><item><PriceUpdateDate>2014-11-03 06:37:29</PriceUpdateDate><ItemCode>4004666042004</ItemCode><ItemType>1</ItemType><ItemName>מלרוד משמיד עובש 500</ItemName><ManufacturerName>מלרוד</ManufacturerName><ManufactureCountry>ישראל</ManufactureCountry><ManufacturerItemDescription>מלרוד משמיד עובש 500</ManufacturerItemDescription><SoldByWeight/><Quantity>500.00</Quantity><UnitOfMeasure>מ"ל</UnitOfMeasure><QtyInPackage>לא ידוע</QtyInPackage><UnitOfMeasurePrice>0.0756</UnitOfMeasurePrice><AllowDiscount>1</AllowDiscount><ItemStatus>1</ItemStatus><ItemPrice>37.80</ItemPrice></item><item><PriceUpdateDate>2016-03-29 06:36:01</PriceUpdateDate><ItemCode>4005808890507</ItemCode><ItemType>1</ItemType><ItemName>מב קרם ניוואה סופט 2</ItemName><ManufacturerName>ניוואה</ManufacturerName><ManufactureCountry>ישראל</ManufactureCountry><ManufacturerItemDescription>מב קרם ניוואה סופט 2</ManufacturerItemDescription><SoldByWeight/><Quantity>200.00</Quantity><UnitOfMeasure>מ"ל</UnitOfMeasure><QtyInPackage>לא ידוע</QtyInPackage><UnitOfMeasurePrice>0.1495</UnitOfMeasurePrice><AllowDiscount>1</AllowDiscount><ItemStatus>1</ItemStatus><ItemPrice>29.90</ItemPrice></item><item><PriceUpdateDate>2016-06-01 06:50:11</PriceUpdateDate><ItemCode>4005900036483</ItemCode><ItemType>1</ItemType><ItemName>מב דאודורנט ניוואה ס</ItemName><ManufacturerName>ניוואה</ManufacturerName><ManufactureCountry>גרמניה</ManufactureCountry><ManufacturerItemDescription>טמפקס פלש לייט 30 יחידות</ManufacturerItemDescription><SoldByWeight/><Quantity>150.00</Quantity><UnitOfMeasure>מ"ל</UnitOfMeasure><QtyInPackage>לא ידוע</QtyInPackage><UnitOfMeasurePrice>0.1127</UnitOfMeasurePrice><AllowDiscount>1</AllowDiscount><ItemStatus>1</ItemStatus><ItemPrice>16.90</ItemPrice></item><item><PriceUpdateDate>2016-06-01 06:50:11</PriceUpdateDate><ItemCode>4005900036568</ItemCode><ItemType>1</ItemType><ItemName>מב דאודורנט ניוואה ס</ItemName><ManufacturerName>ניוואה</ManufacturerName><ManufactureCountry>גרמניה</ManufactureCountry><ManufacturerItemDescription>טמפקס פרל       פק 36 יח</ManufacturerItemDescription><SoldByWeight/><Quantity>150.00</Quantity><UnitOfMeasure>מ"ל</UnitOfMeasure><QtyInPackage>לא ידוע</QtyInPackage><UnitOfMeasurePrice>0.1127</UnitOfMeasurePrice><AllowDiscount>1</AllowDiscount><ItemStatus>1</ItemStatus><ItemPrice>16.90</ItemPrice></item><item><PriceUpdateDate>2016-01-05 08:48:43</PriceUpdateDate><ItemCode>4006387000806</ItemCode><ItemType>1</ItemType><ItemName>פילטר בודד מקסטרה</ItemName><ManufacturerName>לא ידוע</ManufacturerName><ManufactureCountry>ישראל</ManufactureCountry><ManufacturerItemDescription>פילטר בודד מקסטרה</ManufacturerItemDescription><SoldByWeight/><Quantity>0.00</Quantity><UnitOfMeasure>יח'</UnitOfMeasure><QtyInPackage>לא ידוע</QtyInPackage><UnitOfMeasurePrice>0.0000</UnitOfMeasurePrice><AllowDiscount>1</AllowDiscount><ItemStatus>1</ItemStatus><ItemPrice>40.70</ItemPrice></item><item><PriceUpdateDate>2015-10-11 12:01:20</PriceUpdateDate><ItemCode>4009900013581</ItemCode><ItemType>1</ItemType><ItemName>מארז אורביט בטעם ספי</ItemName><ManufacturerName>אורביט</ManufacturerName><ManufactureCountry>ישראל</ManufactureCountry><ManufacturerItemDescription>מארז אורביט בטעם ספי</ManufacturerItemDescription><SoldByWeight/><Quantity>65.00</Quantity><UnitOfMeasure>גרם     </UnitOfMeasure><QtyInPackage>לא ידוע</QtyInPackage><UnitOfMeasurePrice>0.1554</UnitOfMeasurePrice><AllowDiscount>1</AllowDiscount><ItemStatus>1</ItemStatus><ItemPrice>10.10</ItemPrice></item><item><PriceUpdateDate>2015-10-20 16:52:41</PriceUpdateDate><ItemCode>4009900360937</ItemCode><ItemType>1</ItemType><ItemName>מסטיק איירווייבז מנט</ItemName><ManufacturerName>איירווייבז</ManufacturerName><ManufactureCountry>פולין</ManufactureCountry><ManufacturerItemDescription>סכיני גילוח     טרא2 שיק</ManufacturerItemDescription><SoldByWeight/><Quantity>42.00</Quantity><UnitOfMeasure>גרם     </UnitOfMeasure><QtyInPackage>לא ידוע</QtyInPackage><UnitOfMeasurePrice>0.1452</UnitOfMeasurePrice><AllowDiscount>1</AllowDiscount><ItemStatus>1</ItemStatus><ItemPrice>6.10</ItemPrice></item><item><PriceUpdateDate>2015-10-20 16:52:41</PriceUpdateDate><ItemCode>4009900376600</ItemCode><ItemType>1</ItemType><ItemName>מסטיק איירווייבז מנט</ItemName><ManufacturerName>איירווייבז</ManufacturerName><ManufactureCountry>פולין</ManufactureCountry><ManufacturerItemDescription>סכיני גילוח     ם אלוורה</ManufacturerItemDescription><SoldByWeight/><Quantity>42.00</Quantity><UnitOfMeasure>גרם     </UnitOfMeasure><QtyInPackage>לא ידוע</QtyInPackage><UnitOfMeasurePrice>0.1452</UnitOfMeasurePrice><AllowDiscount>1</AllowDiscount><ItemStatus>1</ItemStatus><ItemPrice>6.10</ItemPrice></item><item><PriceUpdateDate>2015-10-11 12:01:20</PriceUpdateDate><ItemCode>4009900385824</ItemCode><ItemType>1</ItemType><ItemName>מארז אורביט בטעם פפר</ItemName><ManufacturerName>אורביט</ManufacturerName><ManufactureCountry>ישראל</ManufactureCountry><ManufacturerItemDescription>מארז אורביט בטעם פפר</ManufacturerItemDescription><SoldByWeight/><Quantity>65.00</Quantity><UnitOfMeasure>גרם     </UnitOfMeasure><QtyInPackage>לא ידוע</QtyInPackage><UnitOfMeasurePrice>0.1554</UnitOfMeasurePrice><AllowDiscount>1</AllowDiscount><ItemStatus>1</ItemStatus><ItemPrice>10.10</ItemPrice></item><item><PriceUpdateDate>2016-01-08 09:23:13</PriceUpdateDate><ItemCode>4009900402965</ItemCode><ItemType>1</ItemType><ItemName>מסטיק אורביט פירות ב</ItemName><ManufacturerName>אורביט</ManufacturerName><ManufactureCountry>פולין</ManufactureCountry><ManufacturerItemDescription>סכיני גילוח שיק לאישה5+2</ManufacturerItemDescription><SoldByWeight/><Quantity>64.00</Quantity><UnitOfMeasure>גרם     </UnitOfMeasure><QtyInPackage>לא ידוע</QtyInPackage><UnitOfMeasurePrice>0.1547</UnitOfMeasurePrice><AllowDiscount>1</AllowDiscount><ItemStatus>1</ItemStatus><ItemPrice>9.90</ItemPrice></item><item><PriceUpdateDate>2016-01-08 09:23:13</PriceUpdateDate><ItemCode>4009900403023</ItemCode><ItemType>1</ItemType><ItemName>מסטיק אורביט מנטה בק</ItemName><ManufacturerName>אורביט</ManufacturerName><ManufactureCountry>פולין</ManufactureCountry><ManufacturerItemDescription>סכיני גילוח נשיםום נשים</ManufacturerItemDescription><SoldByWeight/><Quantity>64.00</Quantity><UnitOfMeasure>גרם     </UnitOfMeasure><QtyInPackage>לא ידוע</QtyInPackage><UnitOfMeasurePrice>0.1547</UnitOfMeasurePrice><AllowDiscount>1</AllowDiscount><ItemStatus>1</ItemStatus><ItemPrice>9.90</ItemPrice></item><item><PriceUpdateDate>2015-10-20 16:52:41</PriceUpdateDate><ItemCode>4009900405713</ItemCode><ItemType>1</ItemType><ItemName>מסטיק איירווייבז מנט</ItemName><ManufacturerName>איירווייבז</ManufacturerName><ManufactureCountry>פולין</ManufactureCountry><ManufacturerItemDescription>רוטב סויה יאמאסה 500 מ"ל</ManufacturerItemDescription><SoldByWeight/><Quantity>42.00</Quantity><UnitOfMeasure>גרם     </UnitOfMeasure><QtyInPackage>לא ידוע</QtyInPackage><UnitOfMeasurePrice>0.1452</UnitOfMeasurePrice><AllowDiscount>1</AllowDiscount><ItemStatus>1</ItemStatus><ItemPrice>6.10</ItemPrice></item><item><PriceUpdateDate>2015-11-16 11:40:28</PriceUpdateDate><ItemCode>4009900420303</ItemCode><ItemType>1</ItemType><ItemName>מארז שלישיה אורביט פ</ItemName><ManufacturerName>אורביט</ManufacturerName><ManufactureCountry>פולין</ManufactureCountry><ManufacturerItemDescription>רוטב סויה       נתרן500מ</ManufacturerItemDescription><SoldByWeight/><Quantity>42.00</Quantity><UnitOfMeasure>גרם     </UnitOfMeasure><QtyInPackage>לא ידוע</QtyInPackage><UnitOfMeasurePrice>0.2262</UnitOfMeasurePrice><AllowDiscount>1</AllowDiscount><ItemStatus>1</ItemStatus><ItemPrice>9.50</ItemPrice></item><item><PriceUpdateDate>2016-01-13 08:21:45</PriceUpdateDate><ItemCode>4009900455299</ItemCode><ItemType>1</ItemType><ItemName>סוכריות סקיטלס פירות</ItemName><ManufacturerName>לא ממותג</ManufacturerName><ManufactureCountry>ישראל</ManufactureCountry><ManufacturerItemDescription>סוכריות סקיטלס  ירות174ג</ManufacturerItemDescription><SoldByWeight/><Quantity>174.00</Quantity><UnitOfMeasure>גרם     </UnitOfMeasure><QtyInPackage>לא ידוע</QtyInPackage><UnitOfMeasurePrice>0.0546</UnitOfMeasurePrice><AllowDiscount>1</AllowDiscount><ItemStatus>1</ItemStatus><ItemPrice>9.50</ItemPrice></item><item><PriceUpdateDate>2016-01-13 08:21:45</PriceUpdateDate><ItemCode>4009900460187</ItemCode><ItemType>1</ItemType><ItemName>סוכריות סקיטלס פירות</ItemName><ManufacturerName>לא ממותג</ManufacturerName><ManufactureCountry>ישראל</ManufactureCountry><ManufacturerItemDescription>סוכריות סקיטלס  ירות38ג</ManufacturerItemDescription><SoldByWeight/><Quantity>38.00</Quantity><UnitOfMeasure>גרם     </UnitOfMeasure><QtyInPackage>לא ידוע</QtyInPackage><UnitOfMeasurePrice>0.0868</UnitOfMeasurePrice><AllowDiscount>1</AllowDiscount><ItemStatus>1</ItemStatus><ItemPrice>3.30</ItemPrice></item><item><PriceUpdateDate>2016-01-13 08:21:45</PriceUpdateDate><ItemCode>4009900463201</ItemCode><ItemType>1</ItemType><ItemName>סוכריות סקיטלס פירות</ItemName><ManufacturerName>לא ממותג</ManufacturerName><ManufactureCountry>ישראל</ManufactureCountry><ManufacturerItemDescription>סוכריות סקיטלס  ירות174ג</ManufacturerItemDescription><SoldByWeight/><Quantity>174.00</Quantity><UnitOfMeasure>גרם     </UnitOfMeasure><QtyInPackage>לא ידוע</QtyInPackage><UnitOfMeasurePrice>0.0546</UnitOfMeasurePrice><AllowDiscount>1</AllowDiscount><ItemStatus>1</ItemStatus><ItemPrice>9.50</ItemPrice></item><item><PriceUpdateDate>2016-01-13 08:21:45</PriceUpdateDate><ItemCode>4009900465304</ItemCode><ItemType>1</ItemType><ItemName>סוכריות סקיטלס פירות</ItemName><ManufacturerName>לא ממותג</ManufacturerName><ManufactureCountry>ישראל</ManufactureCountry><ManufacturerItemDescription>סוכריות סקיטלס  מוץ174גר</ManufacturerItemDescription><SoldByWeight/><Quantity>174.00</Quantity><UnitOfMeasure>גרם     </UnitOfMeasure><QtyInPackage>לא ידוע</QtyInPackage><UnitOfMeasurePrice>0.0546</UnitOfMeasurePrice><AllowDiscount>1</AllowDiscount><ItemStatus>1</ItemStatus><ItemPrice>9.50</ItemPrice></item><item><PriceUpdateDate>2016-01-08 09:23:13</PriceUpdateDate><ItemCode>4009900479998</ItemCode><ItemType>1</ItemType><ItemName>מסטיק אורביט אוכמניו</ItemName><ManufacturerName>אורביט</ManufacturerName><ManufactureCountry>פולין</ManufactureCountry><ManufacturerItemDescription>מארז חטיפי מרס  45* גר</ManufacturerItemDescription><SoldByWeight/><Quantity>64.00</Quantity><UnitOfMeasure>גרם     </UnitOfMeasure><QtyInPackage>לא ידוע</QtyInPackage><UnitOfMeasurePrice>0.1547</UnitOfMeasurePrice><AllowDiscount>1</AllowDiscount><ItemStatus>1</ItemStatus><ItemPrice>9.90</ItemPrice></item><item><PriceUpdateDate>2016-01-08 09:23:13</PriceUpdateDate><ItemCode>4009900482417</ItemCode><ItemType>1</ItemType><ItemName>מסטיק אורביט פירות מ</ItemName><ManufacturerName>אורביט</ManufacturerName><ManufactureCountry>פולין</ManufactureCountry><ManufacturerItemDescription>חטיפי סניקרס    ז 50*4גר</ManufacturerItemDescription><SoldByWeight/><Quantity>64.00</Quantity><UnitOfMeasure>גרם     </UnitOfMeasure><QtyInPackage>לא ידוע</QtyInPackage><UnitOfMeasurePrice>0.1547</UnitOfMeasurePrice><AllowDiscount>1</AllowDiscount><ItemStatus>1</ItemStatus><ItemPrice>9.90</ItemPrice></item><item><PriceUpdateDate>2016-06-06 11:46:14</PriceUpdateDate><ItemCode>4009900484008</ItemCode><ItemType>1</ItemType><ItemName>בקבוקון גדול אורביט</ItemName><ManufacturerName>אורביט</ManufacturerName><ManufactureCountry>ישראל</ManufactureCountry><ManufacturerItemDescription>בקבוקון גדול אורביט</ManufacturerItemDescription><SoldByWeight/><Quantity>84.00</Quantity><UnitOfMeasure>גרם     </UnitOfMeasure><QtyInPackage>לא ידוע</QtyInPackage><UnitOfMeasurePrice>0.1655</UnitOfMeasurePrice><AllowDiscount>1</AllowDiscount><ItemStatus>1</ItemStatus><ItemPrice>13.90</ItemPrice></item><item><PriceUpdateDate>2016-06-06 11:46:15</PriceUpdateDate><ItemCode>4009900484060</ItemCode><ItemType>1</ItemType><ItemName>בקבוקון גדול אורביט</ItemName><ManufacturerName>אורביט</ManufacturerName><ManufactureCountry>ישראל</ManufactureCountry><ManufacturerItemDescription>בקבוקון גדול אורביט</ManufacturerItemDescription><SoldByWeight/><Quantity>84.00</Quantity><UnitOfMeasure>גרם     </UnitOfMeasure><QtyInPackage>לא ידוע</QtyInPackage><UnitOfMeasurePrice>0.1655</UnitOfMeasurePrice><AllowDiscount>1</AllowDiscount><ItemStatus>1</ItemStatus><ItemPrice>13.90</ItemPrice></item><item><PriceUpdateDate>2015-10-11 12:01:20</PriceUpdateDate><ItemCode>4009900487283</ItemCode><ItemType>1</ItemType><ItemName>מארז אורביט בטעם פיר</ItemName><ManufacturerName>אורביט</ManufacturerName><ManufactureCountry>ישראל</ManufactureCountry><ManufacturerItemDescription>מארז אורביט בטעם פיר</ManufacturerItemDescription><SoldByWeight/><Quantity>65.00</Quantity><UnitOfMeasure>גרם     </UnitOfMeasure><QtyInPackage>לא ידוע</QtyInPackage><UnitOfMeasurePrice>0.1554</UnitOfMeasurePrice><AllowDiscount>1</AllowDiscount><ItemStatus>1</ItemStatus><ItemPrice>10.10</ItemPrice></item><item><PriceUpdateDate>2015-11-16 11:40:28</PriceUpdateDate><ItemCode>4009900488709</ItemCode><ItemType>1</ItemType><ItemName>מסטיק אורביט מיני וו</ItemName><ManufacturerName>אורביט</ManufacturerName><ManufactureCountry>פולין</ManufactureCountry><ManufacturerItemDescription>מיני סניקרס     ת 403 גר</ManufacturerItemDescription><SoldByWeight/><Quantity>42.00</Quantity><UnitOfMeasure>גרם     </UnitOfMeasure><QtyInPackage>לא ידוע</QtyInPackage><UnitOfMeasurePrice>0.1595</UnitOfMeasurePrice><AllowDiscount>1</AllowDiscount><ItemStatus>1</ItemStatus><ItemPrice>6.70</ItemPrice></item><item><PriceUpdateDate>2015-11-16 11:40:28</PriceUpdateDate><ItemCode>4009900488952</ItemCode><ItemType>1</ItemType><ItemName>מסטיק אורביט מיני וו</ItemName><ManufacturerName>אורביט</ManufacturerName><ManufactureCountry>פולין</ManufactureCountry><ManufacturerItemDescription>קיווי משחה בחום 5מל</ManufacturerItemDescription><SoldByWeight/><Quantity>42.00</Quantity><UnitOfMeasure>גרם     </UnitOfMeasure><QtyInPackage>לא ידוע</QtyInPackage><UnitOfMeasurePrice>0.1595</UnitOfMeasurePrice><AllowDiscount>1</AllowDiscount><ItemStatus>1</ItemStatus><ItemPrice>6.70</ItemPrice></item><item><PriceUpdateDate>2016-01-08 09:23:13</PriceUpdateDate><ItemCode>4009900504218</ItemCode><ItemType>1</ItemType><ItemName>מסטיק אורביט תפוז בק</ItemName><ManufacturerName>אורביט</ManufacturerName><ManufactureCountry>פולין</ManufactureCountry><ManufacturerItemDescription>סכיני גילוח נשיםום נשים</ManufacturerItemDescription><SoldByWeight/><Quantity>64.00</Quantity><UnitOfMeasure>גרם     </UnitOfMeasure><QtyInPackage>לא ידוע</QtyInPackage><UnitOfMeasurePrice>0.1547</UnitOfMeasurePrice><AllowDiscount>1</AllowDiscount><ItemStatus>1</ItemStatus><ItemPrice>9.90</ItemPrice></item><item><PriceUpdateDate>2016-05-17 09:15:30</PriceUpdateDate><ItemCode>4011100002227</ItemCode><ItemType>1</ItemType><ItemName>חטיף באונטי מיני 403</ItemName><ManufacturerName>מרס</ManufacturerName><ManufactureCountry>ישראל</ManufactureCountry><ManufacturerItemDescription>מיני באונטי     ת 403גרם</ManufacturerItemDescription><SoldByWeight/><Quantity>403.00</Quantity><UnitOfMeasure>גרם     </UnitOfMeasure><QtyInPackage>לא ידוע</QtyInPackage><UnitOfMeasurePrice>0.0643</UnitOfMeasurePrice><AllowDiscount>1</AllowDiscount><ItemStatus>1</ItemStatus><ItemPrice>25.90</ItemPrice></item><item><PriceUpdateDate>2015-12-16 07:20:08</PriceUpdateDate><ItemCode>40111216</ItemCode><ItemType>1</ItemType><ItemName>חטיף באונטי 57 גרם</ItemName><ManufacturerName>לא ממותג</ManufacturerName><ManufactureCountry>הולנד</ManufactureCountry><ManufacturerItemDescription>חטיף באונטי     רם</ManufacturerItemDescription><SoldByWeight/><Quantity>57.00</Quantity><UnitOfMeasure>גרם     </UnitOfMeasure><QtyInPackage>לא ידוע</QtyInPackage><UnitOfMeasurePrice>0.1035</UnitOfMeasurePrice><AllowDiscount>0</AllowDiscount><ItemStatus>1</ItemStatus><ItemPrice>5.90</ItemPrice></item><item><PriceUpdateDate>2016-05-10 10:59:31</PriceUpdateDate><ItemCode>4011800567613</ItemCode><ItemType>1</ItemType><ItemName>מב חטיף קורני שחור ו</ItemName><ManufacturerName>קורני</ManufacturerName><ManufactureCountry>גרמניה</ManufactureCountry><ManufacturerItemDescription>קיווי נוזל      ם שחור75</ManufacturerItemDescription><SoldByWeight/><Quantity>120.00</Quantity><UnitOfMeasure>גרם     </UnitOfMeasure><QtyInPackage>לא ידוע</QtyInPackage><UnitOfMeasurePrice>0.0992</UnitOfMeasurePrice><AllowDiscount>1</AllowDiscount><ItemStatus>1</ItemStatus><ItemPrice>11.90</ItemPrice></item><item><PriceUpdateDate>2016-05-10 10:59:31</PriceUpdateDate><ItemCode>4011800568610</ItemCode><ItemType>1</ItemType><ItemName>מב חטיף דגנים במילוי</ItemName><ManufacturerName>קורני</ManufacturerName><ManufactureCountry>גרמניה</ManufactureCountry><ManufacturerItemDescription>פלדג' 5 ב1-     יק 250מל</ManufacturerItemDescription><SoldByWeight/><Quantity>120.00</Quantity><UnitOfMeasure>גרם     </UnitOfMeasure><QtyInPackage>לא ידוע</QtyInPackage><UnitOfMeasurePrice>0.0992</UnitOfMeasurePrice><AllowDiscount>1</AllowDiscount><ItemStatus>1</ItemStatus><ItemPrice>11.90</ItemPrice></item><item><PriceUpdateDate>2016-05-10 10:59:31</PriceUpdateDate><ItemCode>4011800628512</ItemCode><ItemType>1</ItemType><ItemName>מב קורני חטיף גרנולה</ItemName><ManufacturerName>קורני</ManufacturerName><ManufactureCountry>גרמניה</ManufactureCountry><ManufacturerItemDescription>פלדג' לרהיטים5ב2501מ</ManufacturerItemDescription><SoldByWeight/><Quantity>150.00</Quantity><UnitOfMeasure>גרם     </UnitOfMeasure><QtyInPackage>לא ידוע</QtyInPackage><UnitOfMeasurePrice>0.0793</UnitOfMeasurePrice><AllowDiscount>0</AllowDiscount><ItemStatus>1</ItemStatus><ItemPrice>11.90</ItemPrice></item><item><PriceUpdateDate>2016-05-10 10:59:31</PriceUpdateDate><ItemCode>4011800629519</ItemCode><ItemType>1</ItemType><ItemName>מב חטיף קורני עם אגו</ItemName><ManufacturerName>קורני</ManufacturerName><ManufactureCountry>ישראל</ManufactureCountry><ManufacturerItemDescription>מב חטיף קורני עם אגו</ManufacturerItemDescription><SoldByWeight/><Quantity>150.00</Quantity><UnitOfMeasure>גרם     </UnitOfMeasure><QtyInPackage>לא ידוע</QtyInPackage><UnitOfMeasurePrice>0.0793</UnitOfMeasurePrice><AllowDiscount>0</AllowDiscount><ItemStatus>1</ItemStatus><ItemPrice>11.90</ItemPrice></item><item><PriceUpdateDate>2016-05-10 10:59:31</PriceUpdateDate><ItemCode>4011800630515</ItemCode><ItemType>1</ItemType><ItemName>מב חטיף קורני עם שוק</ItemName><ManufacturerName>קורני</ManufacturerName><ManufactureCountry>גרמניה</ManufactureCountry><ManufacturerItemDescription>סוללות דורסל     12 יח'</ManufacturerItemDescription><SoldByWeight/><Quantity>150.00</Quantity><UnitOfMeasure>גרם     </UnitOfMeasure><QtyInPackage>לא ידוע</QtyInPackage><UnitOfMeasurePrice>0.0793</UnitOfMeasurePrice><AllowDiscount>0</AllowDiscount><ItemStatus>1</ItemStatus><ItemPrice>11.90</ItemPrice></item><item><PriceUpdateDate>2016-05-10 10:59:31</PriceUpdateDate><ItemCode>4011800632519</ItemCode><ItemType>1</ItemType><ItemName>מב חטיף קורני עם גרנ</ItemName><ManufacturerName>קורני</ManufacturerName><ManufactureCountry>גרמניה</ManufactureCountry><ManufacturerItemDescription>רייד מונע עש    ני</ManufacturerItemDescription><SoldByWeight/><Quantity>150.00</Quantity><UnitOfMeasure>גרם     </UnitOfMeasure><QtyInPackage>לא ידוע</QtyInPackage><UnitOfMeasurePrice>0.0793</UnitOfMeasurePrice><AllowDiscount>0</AllowDiscount><ItemStatus>1</ItemStatus><ItemPrice>11.90</ItemPrice></item><item><PriceUpdateDate>2016-05-10 10:59:31</PriceUpdateDate><ItemCode>4011800633516</ItemCode><ItemType>1</ItemType><ItemName>מב חטיף קורני שוקולד</ItemName><ManufacturerName>קורני</ManufacturerName><ManufactureCountry>גרמניה</ManufactureCountry><ManufacturerItemDescription>דאק ג'ל נוזלי   רוק55מל</ManufacturerItemDescription><SoldByWeight/><Quantity>138.00</Quantity><UnitOfMeasure>גרם     </UnitOfMeasure><QtyInPackage>לא ידוע</QtyInPackage><UnitOfMeasurePrice>0.0862</UnitOfMeasurePrice><AllowDiscount>1</AllowDiscount><ItemStatus>1</ItemStatus><ItemPrice>11.90</ItemPrice></item><item><PriceUpdateDate>2016-05-10 10:59:31</PriceUpdateDate><ItemCode>4011800635510</ItemCode><ItemType>1</ItemType><ItemName>מב חטיף קורני פרי עם</ItemName><ManufacturerName>קורני</ManufacturerName><ManufactureCountry>גרמניה</ManufactureCountry><ManufacturerItemDescription>חטיף קורני אגוזים ושקדים</ManufacturerItemDescription><SoldByWeight/><Quantity>120.00</Quantity><UnitOfMeasure>גרם     </UnitOfMeasure><QtyInPackage>לא ידוע</QtyInPackage><UnitOfMeasurePrice>0.0992</UnitOfMeasurePrice><AllowDiscount>0</AllowDiscount><ItemStatus>1</ItemStatus><ItemPrice>11.90</ItemPrice></item><item><PriceUpdateDate>2016-05-10 10:59:31</PriceUpdateDate><ItemCode>4011800636517</ItemCode><ItemType>1</ItemType><ItemName>מב חטיף קורני פרי 12</ItemName><ManufacturerName>קורני</ManufacturerName><ManufactureCountry>גרמניה</ManufactureCountry><ManufacturerItemDescription>חטיף קורני FREE שוקולד חל</ManufacturerItemDescription><SoldByWeight/><Quantity>120.00</Quantity><UnitOfMeasure>גרם     </UnitOfMeasure><QtyInPackage>לא ידוע</QtyInPackage><UnitOfMeasurePrice>0.0992</UnitOfMeasurePrice><AllowDiscount>1</AllowDiscount><ItemStatus>1</ItemStatus><ItemPrice>11.90</ItemPrice></item><item><PriceUpdateDate>2016-05-01 21:46:20</PriceUpdateDate><ItemCode>4014400400007</ItemCode><ItemType>1</ItemType><ItemName>טופיפי 125 גרם</ItemName><ManufacturerName>טופיפי</ManufacturerName><ManufactureCountry>גרמניה</ManufactureCountry><ManufacturerItemDescription>זוג הרפיק מוצק   גרם</ManufacturerItemDescription><SoldByWeight/><Quantity>125.00</Quantity><UnitOfMeasure>גרם     </UnitOfMeasure><QtyInPackage>לא ידוע</QtyInPackage><UnitOfMeasurePrice>0.1192</UnitOfMeasurePrice><AllowDiscount>0</AllowDiscount><ItemStatus>1</ItemStatus><ItemPrice>14.90</ItemPrice></item><item><PriceUpdateDate>2016-05-01 21:46:20</PriceUpdateDate><ItemCode>4014400901191</ItemCode><ItemType>1</ItemType><ItemName>בונבונירה מרסי אוריג</ItemName><ManufacturerName>מרסי</ManufacturerName><ManufactureCountry>גרמניה</ManufactureCountry><ManufacturerItemDescription>טמפוני קוטקס    מיני</ManufacturerItemDescription><SoldByWeight/><Quantity>250.00</Quantity><UnitOfMeasure>גרם     </UnitOfMeasure><QtyInPackage>לא ידוע</QtyInPackage><UnitOfMeasurePrice>0.1196</UnitOfMeasurePrice><AllowDiscount>1</AllowDiscount><ItemStatus>1</ItemStatus><ItemPrice>29.90</ItemPrice></item><item><PriceUpdateDate>2016-05-01 21:46:20</PriceUpdateDate><ItemCode>4014400903409</ItemCode><ItemType>1</ItemType><ItemName>בונבוניירה טופיפי 25</ItemName><ManufacturerName>לא ידוע</ManufacturerName><ManufactureCountry>גרמניה</ManufactureCountry><ManufacturerItemDescription>קוקו פופס שוקוס קלוג500'</ManufacturerItemDescription><SoldByWeight/><Quantity>250.00</Quantity><UnitOfMeasure>גרם     </UnitOfMeasure><QtyInPackage>לא ידוע</QtyInPackage><UnitOfMeasurePrice>0.1228</UnitOfMeasurePrice><AllowDiscount>1</AllowDiscount><ItemStatus>1</ItemStatus><ItemPrice>30.70</ItemPrice></item><item><PriceUpdateDate>2016-03-29 13:00:23</PriceUpdateDate><ItemCode>4014400904376</ItemCode><ItemType>1</ItemType><ItemName>סוכריות שטורק שוקולד</ItemName><ManufacturerName>לא ידוע</ManufacturerName><ManufactureCountry>גרמניה</ManufactureCountry><ManufacturerItemDescription>סימילאק אדבנס   ב 1 900ג</ManufacturerItemDescription><SoldByWeight/><Quantity>325.00</Quantity><UnitOfMeasure>גרם     </UnitOfMeasure><QtyInPackage>לא ידוע</QtyInPackage><UnitOfMeasurePrice>0.0732</UnitOfMeasurePrice><AllowDiscount>1</AllowDiscount><ItemStatus>1</ItemStatus><ItemPrice>23.80</ItemPrice></item><item><PriceUpdateDate>2016-03-29 13:00:23</PriceUpdateDate><ItemCode>4014400904390</ItemCode><ItemType>1</ItemType><ItemName>סוכריות שטורק וולמיש</ItemName><ManufacturerName>שטורק</ManufacturerName><ManufactureCountry>גרמניה</ManufactureCountry><ManufacturerItemDescription>סימילאק אדבנס   ב 2 900ג</ManufacturerItemDescription><SoldByWeight/><Quantity>325.00</Quantity><UnitOfMeasure>גרם     </UnitOfMeasure><QtyInPackage>לא ידוע</QtyInPackage><UnitOfMeasurePrice>0.0732</UnitOfMeasurePrice><AllowDiscount>1</AllowDiscount><ItemStatus>1</ItemStatus><ItemPrice>23.80</ItemPrice></item><item><PriceUpdateDate>2015-11-12 16:43:46</PriceUpdateDate><ItemCode>4014400907902</ItemCode><ItemType>1</ItemType><ItemName>סוכריות וורטר לל"ס ב</ItemName><ManufacturerName>וורטרס אורגינל-שטורק</ManufacturerName><ManufactureCountry>ישראל</ManufactureCountry><ManufacturerItemDescription>סוכריות וורטר לל"ס ב</ManufacturerItemDescription><SoldByWeight/><Quantity>42.00</Quantity><UnitOfMeasure>גרם     </UnitOfMeasure><QtyInPackage>לא ידוע</QtyInPackage><UnitOfMeasurePrice>0.1833</UnitOfMeasurePrice><AllowDiscount>1</AllowDiscount><ItemStatus>1</ItemStatus><ItemPrice>7.70</ItemPrice></item><item><PriceUpdateDate>2015-11-12 16:43:46</PriceUpdateDate><ItemCode>4014400909692</ItemCode><ItemType>1</ItemType><ItemName>סוכריות וורטר בוקס ק</ItemName><ManufacturerName>לא ממותג</ManufacturerName><ManufactureCountry>ישראל</ManufactureCountry><ManufacturerItemDescription>סוכריות וורטר בוקס ק</ManufacturerItemDescription><SoldByWeight/><Quantity>42.00</Quantity><UnitOfMeasure>גרם     </UnitOfMeasure><QtyInPackage>לא ידוע</QtyInPackage><UnitOfMeasurePrice>0.1833</UnitOfMeasurePrice><AllowDiscount>1</AllowDiscount><ItemStatus>1</ItemStatus><ItemPrice>7.70</ItemPrice></item><item><PriceUpdateDate>2015-10-21 16:20:54</PriceUpdateDate><ItemCode>4014400909937</ItemCode><ItemType>1</ItemType><ItemName>סוכריות טופי וורטר א</ItemName><ManufacturerName>וורטרס אורגינל-שטורק</ManufacturerName><ManufactureCountry>ישראל</ManufactureCountry><ManufacturerItemDescription>סוכריות טופי וורטר א</ManufacturerItemDescription><SoldByWeight/><Quantity>135.00</Quantity><UnitOfMeasure>גרם     </UnitOfMeasure><QtyInPackage>לא ידוע</QtyInPackage><UnitOfMeasurePrice>0.0904</UnitOfMeasurePrice><AllowDiscount>1</AllowDiscount><ItemStatus>1</ItemStatus><ItemPrice>12.20</ItemPrice></item><item><PriceUpdateDate>2015-10-21 16:20:54</PriceUpdateDate><ItemCode>4014400910063</ItemCode><ItemType>1</ItemType><ItemName>סוכריות וורטר אורגינ</ItemName><ManufacturerName>לא ידוע</ManufacturerName><ManufactureCountry>גרמניה</ManufactureCountry><ManufacturerItemDescription>סימילאק אדבנס   ב 3 900ג</ManufacturerItemDescription><SoldByWeight/><Quantity>135.00</Quantity><UnitOfMeasure>גרם     </UnitOfMeasure><QtyInPackage>לא ידוע</QtyInPackage><UnitOfMeasurePrice>0.0904</UnitOfMeasurePrice><AllowDiscount>1</AllowDiscount><ItemStatus>1</ItemStatus><ItemPrice>12.20</ItemPrice></item><item><PriceUpdateDate>2015-10-21 16:20:54</PriceUpdateDate><ItemCode>4014400913910</ItemCode><ItemType>1</ItemType><ItemName>סוכריות וורטר אורגינ</ItemName><ManufacturerName>וורטרס אורגינל-שטורק</ManufacturerName><ManufactureCountry>גרמניה</ManufactureCountry><ManufacturerItemDescription>גליליות קרם וניל 400 גרם</ManufacturerItemDescription><SoldByWeight/><Quantity>125.00</Quantity><UnitOfMeasure>גרם     </UnitOfMeasure><QtyInPackage>לא ידוע</QtyInPackage><UnitOfMeasurePrice>0.0976</UnitOfMeasurePrice><AllowDiscount>1</AllowDiscount><ItemStatus>1</ItemStatus><ItemPrice>12.20</ItemPrice></item><item><PriceUpdateDate>2016-05-30 22:03:00</PriceUpdateDate><ItemCode>4014400914245</ItemCode><ItemType>1</ItemType><ItemName>טבלת מרסי שוקולד חלב</ItemName><ManufacturerName>מרסי</ManufacturerName><ManufactureCountry>ישראל</ManufactureCountry><ManufacturerItemDescription>טבלת מרסי שוקולד חלב</ManufacturerItemDescription><SoldByWeight/><Quantity>100.00</Quantity><UnitOfMeasure>גרם     </UnitOfMeasure><QtyInPackage>לא ידוע</QtyInPackage><UnitOfMeasurePrice>0.1590</UnitOfMeasurePrice><AllowDiscount>1</AllowDiscount><ItemStatus>1</ItemStatus><ItemPrice>15.90</ItemPrice></item><item><PriceUpdateDate>2016-05-30 22:03:00</PriceUpdateDate><ItemCode>4014400914252</ItemCode><ItemType>1</ItemType><ItemName>טבלת מרסי שוק.חלב עם</ItemName><ManufacturerName>מרסי</ManufacturerName><ManufactureCountry>לא ידוע</ManufactureCountry><ManufacturerItemDescription>טבלת מרסי שוק.חלב עם</ManufacturerItemDescription><SoldByWeight/><Quantity>100.00</Quantity><UnitOfMeasure>גרם     </UnitOfMeasure><QtyInPackage>לא ידוע</QtyInPackage><UnitOfMeasurePrice>0.1590</UnitOfMeasurePrice><AllowDiscount>1</AllowDiscount><ItemStatus>1</ItemStatus><ItemPrice>15.90</ItemPrice></item><item><PriceUpdateDate>2016-05-30 22:03:00</PriceUpdateDate><ItemCode>4014400914276</ItemCode><ItemType>1</ItemType><ItemName>טבלת מרסי שוקולד מרי</ItemName><ManufacturerName>מרסי</ManufacturerName><ManufactureCountry>ישראל</ManufactureCountry><ManufacturerItemDescription>טבלת מרסי שוקולד מרי</ManufacturerItemDescription><SoldByWeight/><Quantity>100.00</Quantity><UnitOfMeasure>גרם     </UnitOfMeasure><QtyInPackage>לא ידוע</QtyInPackage><UnitOfMeasurePrice>0.1590</UnitOfMeasurePrice><AllowDiscount>1</AllowDiscount><ItemStatus>1</ItemStatus><ItemPrice>15.90</ItemPrice></item><item><PriceUpdateDate>2015-10-21 16:20:54</PriceUpdateDate><ItemCode>4014400914696</ItemCode><ItemType>1</ItemType><ItemName>סוכריות וורטר'ס אורי</ItemName><ManufacturerName>וורטרס אורגינל-שטורק</ManufacturerName><ManufactureCountry>גרמניה</ManufactureCountry><ManufacturerItemDescription>גליליות וופל    ז/קקא150</ManufacturerItemDescription><SoldByWeight/><Quantity>80.00</Quantity><UnitOfMeasure>גרם     </UnitOfMeasure><QtyInPackage>לא ידוע</QtyInPackage><UnitOfMeasurePrice>0.1525</UnitOfMeasurePrice><AllowDiscount>1</AllowDiscount><ItemStatus>1</ItemStatus><ItemPrice>12.20</ItemPrice></item><item><PriceUpdateDate>2015-10-21 16:20:54</PriceUpdateDate><ItemCode>4014400914924</ItemCode><ItemType>1</ItemType><ItemName>סוכריות וורטר'ס קפוצ</ItemName><ManufacturerName>וורטרס אורגינל-שטורק</ManufacturerName><ManufactureCountry>גרמניה</ManufactureCountry><ManufacturerItemDescription>וולהפלקס ספריי  ק 250מ"ל</ManufacturerItemDescription><SoldByWeight/><Quantity>80.00</Quantity><UnitOfMeasure>גרם     </UnitOfMeasure><QtyInPackage>לא ידוע</QtyInPackage><UnitOfMeasurePrice>0.1525</UnitOfMeasurePrice><AllowDiscount>1</AllowDiscount><ItemStatus>1</ItemStatus><ItemPrice>12.20</ItemPrice></item><item><PriceUpdateDate>2016-05-30 22:03:00</PriceUpdateDate><ItemCode>4014400916744</ItemCode><ItemType>1</ItemType><ItemName>טבלת מרסי שוק.מריר ע</ItemName><ManufacturerName>מרסי</ManufacturerName><ManufactureCountry>לא ידוע</ManufactureCountry><ManufacturerItemDescription>טבלת מרסי שוק.מריר ע</ManufacturerItemDescription><SoldByWeight/><Quantity>100.00</Quantity><UnitOfMeasure>גרם     </UnitOfMeasure><QtyInPackage>לא ידוע</QtyInPackage><UnitOfMeasurePrice>0.1590</UnitOfMeasurePrice><AllowDiscount>1</AllowDiscount><ItemStatus>1</ItemStatus><ItemPrice>15.90</ItemPrice></item><item><PriceUpdateDate>2016-05-30 22:03:00</PriceUpdateDate><ItemCode>4014400916751</ItemCode><ItemType>1</ItemType><ItemName>טבלת מרסי שוק.חלב קר</ItemName><ManufacturerName>מרסי</ManufacturerName><ManufactureCountry>לא ידוע</ManufactureCountry><ManufacturerItemDescription>טבלת מרסי שוק.חלב קר</ManufacturerItemDescription><SoldByWeight/><Quantity>112.00</Quantity><UnitOfMeasure>גרם     </UnitOfMeasure><QtyInPackage>לא ידוע</QtyInPackage><UnitOfMeasurePrice>0.1420</UnitOfMeasurePrice><AllowDiscount>1</AllowDiscount><ItemStatus>1</ItemStatus><ItemPrice>15.90</ItemPrice></item><item><PriceUpdateDate>2016-03-01 06:48:51</PriceUpdateDate><ItemCode>4015000519915</ItemCode><ItemType>1</ItemType><ItemName>מב דאו`ספריי פה 200</ItemName><ManufacturerName>פה</ManufacturerName><ManufactureCountry>ישראל</ManufactureCountry><ManufacturerItemDescription>מב דאו`ספריי פה 200</ManufacturerItemDescription><SoldByWeight/><Quantity>200.00</Quantity><UnitOfMeasure>מ"ל</UnitOfMeasure><QtyInPackage>לא ידוע</QtyInPackage><UnitOfMeasurePrice>0.0500</UnitOfMeasurePrice><AllowDiscount>1</AllowDiscount><ItemStatus>1</ItemStatus><ItemPrice>10.00</ItemPrice></item><item><PriceUpdateDate>2015-08-04 09:27:34</PriceUpdateDate><ItemCode>4015000537117</ItemCode><ItemType>1</ItemType><ItemName>קרם לשיער גליס שיקום</ItemName><ManufacturerName>גליס</ManufacturerName><ManufactureCountry>ישראל</ManufactureCountry><ManufacturerItemDescription>קרם לשיער גליס שיקום</ManufacturerItemDescription><SoldByWeight/><Quantity>150.00</Quantity><UnitOfMeasure>מ"ל</UnitOfMeasure><QtyInPackage>לא ידוע</QtyInPackage><UnitOfMeasurePrice>0.2327</UnitOfMeasurePrice><AllowDiscount>1</AllowDiscount><ItemStatus>1</ItemStatus><ItemPrice>34.90</ItemPrice></item><item><PriceUpdateDate>2016-03-01 06:48:51</PriceUpdateDate><ItemCode>4015000615891</ItemCode><ItemType>1</ItemType><ItemName>מב דאו' ספריי פה 200</ItemName><ManufacturerName>פה</ManufacturerName><ManufactureCountry>גרמניה</ManufactureCountry><ManufacturerItemDescription>דאו.ספריי פה אקווה 200 מל</ManufacturerItemDescription><SoldByWeight/><Quantity>200.00</Quantity><UnitOfMeasure>מ"ל</UnitOfMeasure><QtyInPackage>לא ידוע</QtyInPackage><UnitOfMeasurePrice>0.0500</UnitOfMeasurePrice><AllowDiscount>1</AllowDiscount><ItemStatus>1</ItemStatus><ItemPrice>10.00</ItemPrice></item><item><PriceUpdateDate>2016-03-01 06:48:52</PriceUpdateDate><ItemCode>4015000615921</ItemCode><ItemType>1</ItemType><ItemName>מב דאו' ספריי פה ספו</ItemName><ManufacturerName>פה</ManufacturerName><ManufactureCountry>גרמניה</ManufactureCountry><ManufacturerItemDescription>דאו.ספריי פה לגבר 200</ManufacturerItemDescription><SoldByWeight/><Quantity>200.00</Quantity><UnitOfMeasure>מ"ל</UnitOfMeasure><QtyInPackage>לא ידוע</QtyInPackage><UnitOfMeasurePrice>0.0500</UnitOfMeasurePrice><AllowDiscount>1</AllowDiscount><ItemStatus>1</ItemStatus><ItemPrice>10.00</ItemPrice></item><item><PriceUpdateDate>2016-02-15 08:10:36</PriceUpdateDate><ItemCode>4015400057369</ItemCode><ItemType>1</ItemType><ItemName>אולוויז עבה לילה 12</ItemName><ManufacturerName>פרוקטר אנד גמבל</ManufacturerName><ManufactureCountry>גרמניה</ManufactureCountry><ManufacturerItemDescription>חטיפי פיטנס 6 יחק.תפוז6י</ManufacturerItemDescription><SoldByWeight/><Quantity>12.00</Quantity><UnitOfMeasure>בודד</UnitOfMeasure><QtyInPackage>לא ידוע</QtyInPackage><UnitOfMeasurePrice>1.6583</UnitOfMeasurePrice><AllowDiscount>1</AllowDiscount><ItemStatus>1</ItemStatus><ItemPrice>19.90</ItemPrice></item><item><PriceUpdateDate>2016-02-15 08:10:36</PriceUpdateDate><ItemCode>4015400269762</ItemCode><ItemType>1</ItemType><ItemName>טמפוני טמפקס פרל רגו</ItemName><ManufacturerName>פרוקטר אנד גמבל</ManufacturerName><ManufactureCountry>הונגריה</ManufactureCountry><ManufacturerItemDescription>חטיפי פיטנס 6 יח טבעי6יח</ManufacturerItemDescription><SoldByWeight/><Quantity>20.00</Quantity><UnitOfMeasure>יח'</UnitOfMeasure><QtyInPackage>לא ידוע</QtyInPackage><UnitOfMeasurePrice>1.4950</UnitOfMeasurePrice><AllowDiscount>1</AllowDiscount><ItemStatus>1</ItemStatus><ItemPrice>29.90</ItemPrice></item><item><PriceUpdateDate>2016-02-15 08:10:36</PriceUpdateDate><ItemCode>4015400269793</ItemCode><ItemType>1</ItemType><ItemName>טמפוני טמפקס פרל סופ</ItemName><ManufacturerName>פרוקטר אנד גמבל</ManufacturerName><ManufactureCountry>הונגריה</ManufactureCountry><ManufacturerItemDescription>חטיפי פיטנס     רמיסו6יח</ManufacturerItemDescription><SoldByWeight/><Quantity>18.00</Quantity><UnitOfMeasure>יח'</UnitOfMeasure><QtyInPackage>לא ידוע</QtyInPackage><UnitOfMeasurePrice>1.6611</UnitOfMeasurePrice><AllowDiscount>1</AllowDiscount><ItemStatus>1</ItemStatus><ItemPrice>29.90</ItemPrice></item><item><PriceUpdateDate>2016-02-15 08:10:36</PriceUpdateDate><ItemCode>4015400286059</ItemCode><ItemType>1</ItemType><ItemName>טמפוני טמפקס קומפק 2</ItemName><ManufacturerName>פרוקטר אנד גמבל</ManufacturerName><ManufactureCountry>הונגריה</ManufactureCountry><ManufacturerItemDescription>קראנץ' בר       ניל25*6ג</ManufacturerItemDescription><SoldByWeight/><Quantity>20.00</Quantity><UnitOfMeasure>בודד</UnitOfMeasure><QtyInPackage>לא ידוע</QtyInPackage><UnitOfMeasurePrice>1.6450</UnitOfMeasurePrice><AllowDiscount>1</AllowDiscount><ItemStatus>1</ItemStatus><ItemPrice>32.90</ItemPrice></item><item><PriceUpdateDate>2016-05-30 22:03:00</PriceUpdateDate><ItemCode>4015400287223</ItemCode><ItemType>1</ItemType><ItemName>טמפוני טמפקס פלאש מי</ItemName><ManufacturerName>פרוקטר אנד גמבל</ManufacturerName><ManufactureCountry>הונגריה</ManufactureCountry><ManufacturerItemDescription>נסקוויק בר      שוקו25*6</ManufacturerItemDescription><SoldByWeight/><Quantity>30.00</Quantity><UnitOfMeasure>בודד</UnitOfMeasure><QtyInPackage>לא ידוע</QtyInPackage><UnitOfMeasurePrice>1.0967</UnitOfMeasurePrice><AllowDiscount>1</AllowDiscount><ItemStatus>1</ItemStatus><ItemPrice>32.90</ItemPrice></item><item><PriceUpdateDate>2016-02-15 08:10:36</PriceUpdateDate><ItemCode>4015400434788</ItemCode><ItemType>1</ItemType><ItemName>טמפוני טמפקס פרל סופ</ItemName><ManufacturerName>פרוקטר אנד גמבל</ManufacturerName><ManufactureCountry>ישראל</ManufactureCountry><ManufacturerItemDescription>טמפוני טמפקס פרל סופ</ManufacturerItemDescription><SoldByWeight/><Quantity>18.00</Quantity><UnitOfMeasure>יח'</UnitOfMeasure><QtyInPackage>לא ידוע</QtyInPackage><UnitOfMeasurePrice>1.6611</UnitOfMeasurePrice><AllowDiscount>1</AllowDiscount><ItemStatus>1</ItemStatus><ItemPrice>29.90</ItemPrice></item><item><PriceUpdateDate>2016-05-30 22:03:00</PriceUpdateDate><ItemCode>4015400556916</ItemCode><ItemType>1</ItemType><ItemName>מגן תחתון אולוויז מג</ItemName><ManufacturerName>אולוויז</ManufacturerName><ManufactureCountry>גרמניה</ManufactureCountry><ManufacturerItemDescription>פריסקיז פאוץ'    85גר</ManufacturerItemDescription><SoldByWeight/><Quantity>80.00</Quantity><UnitOfMeasure>בודד</UnitOfMeasure><QtyInPackage>לא ידוע</QtyInPackage><UnitOfMeasurePrice>0.2737</UnitOfMeasurePrice><AllowDiscount>1</AllowDiscount><ItemStatus>1</ItemStatus><ItemPrice>21.90</ItemPrice></item><item><PriceUpdateDate>2016-05-30 22:03:00</PriceUpdateDate><ItemCode>4015400564034</ItemCode><ItemType>1</ItemType><ItemName>מגן תחתון אולוויז מג</ItemName><ManufacturerName>אולוויז</ManufacturerName><ManufactureCountry>ישראל</ManufactureCountry><ManufacturerItemDescription>מגן תחתון אולוויז מג</ManufacturerItemDescription><SoldByWeight/><Quantity>58.00</Quantity><UnitOfMeasure>בודד</UnitOfMeasure><QtyInPackage>לא ידוע</QtyInPackage><UnitOfMeasurePrice>0.3776</UnitOfMeasurePrice><AllowDiscount>1</AllowDiscount><ItemStatus>1</ItemStatus><ItemPrice>21.90</ItemPrice></item><item><PriceUpdateDate>2016-05-30 22:03:00</PriceUpdateDate><ItemCode>4015400564454</ItemCode><ItemType>1</ItemType><ItemName>מגן תחתון אולוויז מג</ItemName><ManufacturerName>אולוויז</ManufacturerName><ManufactureCountry>ישראל</ManufactureCountry><ManufacturerItemDescription>מגן תחתון אולוויז מג</ManufacturerItemDescription><SoldByWeight/><Quantity>68.00</Quantity><UnitOfMeasure>בודד</UnitOfMeasure><QtyInPackage>לא ידוע</QtyInPackage><UnitOfMeasurePrice>0.3221</UnitOfMeasurePrice><AllowDiscount>1</AllowDiscount><ItemStatus>1</ItemStatus><ItemPrice>21.90</ItemPrice></item><item><PriceUpdateDate>2016-05-30 22:03:00</PriceUpdateDate><ItemCode>4015400565383</ItemCode><ItemType>1</ItemType><ItemName>מגן תחתון אולוויז מג</ItemName><ManufacturerName>אולוויז</ManufacturerName><ManufactureCountry>ישראל</ManufactureCountry><ManufacturerItemDescription>מגן תחתון אולוויז מג</ManufacturerItemDescription><SoldByWeight/><Quantity>78.00</Quantity><UnitOfMeasure>בודד</UnitOfMeasure><QtyInPackage>לא ידוע</QtyInPackage><UnitOfMeasurePrice>0.2808</UnitOfMeasurePrice><AllowDiscount>1</AllowDiscount><ItemStatus>1</ItemStatus><ItemPrice>21.90</ItemPrice></item><item><PriceUpdateDate>2016-02-02 06:50:30</PriceUpdateDate><ItemCode>4015400699811</ItemCode><ItemType>1</ItemType><ItemName>תחבושות אולוויז דואו</ItemName><ManufacturerName>פרוקטר&amp;גמבל</ManufacturerName><ManufactureCountry>גרמניה</ManufactureCountry><ManufacturerItemDescription>אולוויז דואו נורמל 28 +יח</ManufacturerItemDescription><SoldByWeight/><Quantity>28.00</Quantity><UnitOfMeasure>בודד</UnitOfMeasure><QtyInPackage>לא ידוע</QtyInPackage><UnitOfMeasurePrice>0.7821</UnitOfMeasurePrice><AllowDiscount>1</AllowDiscount><ItemStatus>1</ItemStatus><ItemPrice>21.90</ItemPrice></item><item><PriceUpdateDate>2016-02-02 06:50:30</PriceUpdateDate><ItemCode>4015400699958</ItemCode><ItemType>1</ItemType><ItemName>תחבושות אולוויז דואו</ItemName><ManufacturerName>פרוקטר&amp;גמבל</ManufacturerName><ManufactureCountry>ישראל</ManufactureCountry><ManufacturerItemDescription>תחבושות אולוויז דואו</ManufacturerItemDescription><SoldByWeight/><Quantity>32.00</Quantity><UnitOfMeasure>בודד</UnitOfMeasure><QtyInPackage>לא ידוע</QtyInPackage><UnitOfMeasurePrice>0.6844</UnitOfMeasurePrice><AllowDiscount>1</AllowDiscount><ItemStatus>1</ItemStatus><ItemPrice>21.90</ItemPrice></item><item><PriceUpdateDate>2016-02-02 06:50:30</PriceUpdateDate><ItemCode>4015400700111</ItemCode><ItemType>1</ItemType><ItemName>תחבושות אולוויז דואו</ItemName><ManufacturerName>פרוקטר&amp;גמבל</ManufacturerName><ManufactureCountry>גרמניה</ManufactureCountry><ManufacturerItemDescription>אולוויז דואו לונג 24 +יח</ManufacturerItemDescription><SoldByWeight/><Quantity>24.00</Quantity><UnitOfMeasure>בודד</UnitOfMeasure><QtyInPackage>לא ידוע</QtyInPackage><UnitOfMeasurePrice>0.9125</UnitOfMeasurePrice><AllowDiscount>1</AllowDiscount><ItemStatus>1</ItemStatus><ItemPrice>21.90</ItemPrice></item><item><PriceUpdateDate>2016-02-02 06:50:30</PriceUpdateDate><ItemCode>4015400700272</ItemCode><ItemType>1</ItemType><ItemName>תחבושות אולוויז דואו</ItemName><ManufacturerName>פרוקטר&amp;גמבל</ManufacturerName><ManufactureCountry>גרמניה</ManufactureCountry><ManufacturerItemDescription>אולוויז דואו לילה 20 יח</ManufacturerItemDescription><SoldByWeight/><Quantity>20.00</Quantity><UnitOfMeasure>בודד</UnitOfMeasure><QtyInPackage>לא ידוע</QtyInPackage><UnitOfMeasurePrice>1.0950</UnitOfMeasurePrice><AllowDiscount>1</AllowDiscount><ItemStatus>1</ItemStatus><ItemPrice>21.90</ItemPrice></item><item><PriceUpdateDate>2016-05-30 22:03:00</PriceUpdateDate><ItemCode>4015400742913</ItemCode><ItemType>1</ItemType><ItemName>מגן תחתון אולוויז מג</ItemName><ManufacturerName>פרוקטר&amp;גמבל</ManufacturerName><ManufactureCountry>ישראל</ManufactureCountry><ManufacturerItemDescription>מגן תחתון אולוויז מג</ManufacturerItemDescription><SoldByWeight/><Quantity>62.00</Quantity><UnitOfMeasure>בודד</UnitOfMeasure><QtyInPackage>לא ידוע</QtyInPackage><UnitOfMeasurePrice>0.3532</UnitOfMeasurePrice><AllowDiscount>1</AllowDiscount><ItemStatus>1</ItemStatus><ItemPrice>21.90</ItemPrice></item><item><PriceUpdateDate>2016-05-30 22:03:01</PriceUpdateDate><ItemCode>4015400824725</ItemCode><ItemType>1</ItemType><ItemName>טמפוני טמפקס פלאש סו</ItemName><ManufacturerName>פרוקטר אנד גמבל</ManufacturerName><ManufactureCountry>הונגריה</ManufactureCountry><ManufacturerItemDescription>טמפקס פלאש סופר 30 יח'</ManufacturerItemDescription><SoldByWeight/><Quantity>0.00</Quantity><UnitOfMeasure>יח'</UnitOfMeasure><QtyInPackage>לא ידוע</QtyInPackage><UnitOfMeasurePrice>0.0000</UnitOfMeasurePrice><AllowDiscount>1</AllowDiscount><ItemStatus>1</ItemStatus><ItemPrice>32.90</ItemPrice></item><item><PriceUpdateDate>2016-05-30 22:03:01</PriceUpdateDate><ItemCode>4015400824749</ItemCode><ItemType>1</ItemType><ItemName>טמפוני טמפקס פלאש סו</ItemName><ManufacturerName>פרוקטר אנד גמבל</ManufacturerName><ManufactureCountry>הונגריה</ManufactureCountry><ManufacturerItemDescription>טמפקס פלאש      פלוס30יח</ManufacturerItemDescription><SoldByWeight/><Quantity>0.00</Quantity><UnitOfMeasure>יח'</UnitOfMeasure><QtyInPackage>לא ידוע</QtyInPackage><UnitOfMeasurePrice>0.0000</UnitOfMeasurePrice><AllowDiscount>1</AllowDiscount><ItemStatus>1</ItemStatus><ItemPrice>32.90</ItemPrice></item><item><PriceUpdateDate>2015-07-01 07:56:38</PriceUpdateDate><ItemCode>4015600515614</ItemCode><ItemType>1</ItemType><ItemName>נוזל כלים פיירי לימו</ItemName><ManufacturerName>פיירי</ManufacturerName><ManufactureCountry>צכיה</ManufactureCountry><ManufacturerItemDescription>נוזל כלים פיירי לימו</ManufacturerItemDescription><SoldByWeight/><Quantity>720.00</Quantity><UnitOfMeasure>מ"ל</UnitOfMeasure><QtyInPackage>לא ידוע</QtyInPackage><UnitOfMeasurePrice>0.0138</UnitOfMeasurePrice><AllowDiscount>1</AllowDiscount><ItemStatus>1</ItemStatus><ItemPrice>9.90</ItemPrice></item><item><PriceUpdateDate>2016-05-30 22:03:01</PriceUpdateDate><ItemCode>4015600762742</ItemCode><ItemType>1</ItemType><ItemName>שמפו הד שולדרס קלאסי</ItemName><ManufacturerName>H$S</ManufacturerName><ManufactureCountry>ישראל</ManufactureCountry><ManufacturerItemDescription>שמפו הד שולדרס קלאסי</ManufacturerItemDescription><SoldByWeight/><Quantity>500.00</Quantity><UnitOfMeasure>מ"ל</UnitOfMeasure><QtyInPackage>לא ידוע</QtyInPackage><UnitOfMeasurePrice>0.0458</UnitOfMeasurePrice><AllowDiscount>1</AllowDiscount><ItemStatus>1</ItemStatus><ItemPrice>22.90</ItemPrice></item><item><PriceUpdateDate>2016-05-30 22:03:01</PriceUpdateDate><ItemCode>4015600762780</ItemCode><ItemType>1</ItemType><ItemName>שמפו+מרכך הד שולדרס</ItemName><ManufacturerName>H$S</ManufacturerName><ManufactureCountry>ישראל</ManufactureCountry><ManufacturerItemDescription>שמפו+מרכך הד שולדרס</ManufacturerItemDescription><SoldByWeight/><Quantity>500.00</Quantity><UnitOfMeasure>מ"ל</UnitOfMeasure><QtyInPackage>לא ידוע</QtyInPackage><UnitOfMeasurePrice>0.0458</UnitOfMeasurePrice><AllowDiscount>1</AllowDiscount><ItemStatus>1</ItemStatus><ItemPrice>22.90</ItemPrice></item><item><PriceUpdateDate>2016-05-30 22:03:01</PriceUpdateDate><ItemCode>4015600766900</ItemCode><ItemType>1</ItemType><ItemName>שמפו הד שולדרס 2 ב 1</ItemName><ManufacturerName>הד&amp;שולדרס</ManufacturerName><ManufactureCountry>ישראל</ManufactureCountry><ManufacturerItemDescription>שמפו הד שולדרס 2 ב 1</ManufacturerItemDescription><SoldByWeight/><Quantity>500.00</Quantity><UnitOfMeasure>מ"ל</UnitOfMeasure><QtyInPackage>לא ידוע</QtyInPackage><UnitOfMeasurePrice>0.0458</UnitOfMeasurePrice><AllowDiscount>1</AllowDiscount><ItemStatus>1</ItemStatus><ItemPrice>22.90</ItemPrice></item><item><PriceUpdateDate>2016-05-30 22:03:01</PriceUpdateDate><ItemCode>4015600768911</ItemCode><ItemType>1</ItemType><ItemName>שמפו הד שולדרס עשיר</ItemName><ManufacturerName>הד&amp;שולדרס</ManufacturerName><ManufactureCountry>ישראל</ManufactureCountry><ManufacturerItemDescription>שמפו הד שולדרס עשיר</ManufacturerItemDescription><SoldByWeight/><Quantity>500.00</Quantity><UnitOfMeasure>מ"ל</UnitOfMeasure><QtyInPackage>לא ידוע</QtyInPackage><UnitOfMeasurePrice>0.0458</UnitOfMeasurePrice><AllowDiscount>1</AllowDiscount><ItemStatus>1</ItemStatus><ItemPrice>22.90</ItemPrice></item><item><PriceUpdateDate>2016-05-30 22:03:01</PriceUpdateDate><ItemCode>4015600770228</ItemCode><ItemType>1</ItemType><ItemName>שמפו פנטן שמן משקם 6</ItemName><ManufacturerName>פנטן</ManufacturerName><ManufactureCountry>ישראל</ManufactureCountry><ManufacturerItemDescription>שמפו פנטן שמן משקם 6</ManufacturerItemDescription><SoldByWeight/><Quantity>600.00</Quantity><UnitOfMeasure>מ"ל</UnitOfMeasure><QtyInPackage>לא ידוע</QtyInPackage><UnitOfMeasurePrice>0.0332</UnitOfMeasurePrice><AllowDiscount>1</AllowDiscount><ItemStatus>1</ItemStatus><ItemPrice>19.90</ItemPrice></item><item><PriceUpdateDate>2016-05-30 22:03:01</PriceUpdateDate><ItemCode>4015600770488</ItemCode><ItemType>1</ItemType><ItemName>מרכך פנטן שמן משקם 6</ItemName><ManufacturerName>פנטן</ManufacturerName><ManufactureCountry>ישראל</ManufactureCountry><ManufacturerItemDescription>מרכך פנטן שמן משקם 6</ManufacturerItemDescription><SoldByWeight/><Quantity>600.00</Quantity><UnitOfMeasure>מ"ל</UnitOfMeasure><QtyInPackage>לא ידוע</QtyInPackage><UnitOfMeasurePrice>0.0332</UnitOfMeasurePrice><AllowDiscount>1</AllowDiscount><ItemStatus>1</ItemStatus><ItemPrice>19.90</ItemPrice></item><item><PriceUpdateDate>2016-05-30 22:03:02</PriceUpdateDate><ItemCode>4015600815271</ItemCode><ItemType>1</ItemType><ItemName>מרכך פנטן לחות מוגבר</ItemName><ManufacturerName>פנטן</ManufacturerName><ManufactureCountry>ישראל</ManufactureCountry><ManufacturerItemDescription>מרכך פנטן לחות מוגבר</ManufacturerItemDescription><SoldByWeight/><Quantity>600.00</Quantity><UnitOfMeasure>מ"ל</UnitOfMeasure><QtyInPackage>לא ידוע</QtyInPackage><UnitOfMeasurePrice>0.0332</UnitOfMeasurePrice><AllowDiscount>1</AllowDiscount><ItemStatus>1</ItemStatus><ItemPrice>19.90</ItemPrice></item><item><PriceUpdateDate>2016-05-30 22:03:02</PriceUpdateDate><ItemCode>4015600815318</ItemCode><ItemType>1</ItemType><ItemName>שמפו פנטן למגע רך כמ</ItemName><ManufacturerName>פנטן</ManufacturerName><ManufactureCountry>רומניה</ManufactureCountry><ManufacturerItemDescription>פנטן שמפו למגע רך כמשי 60</ManufacturerItemDescription><SoldByWeight/><Quantity>600.00</Quantity><UnitOfMeasure>מ"ל</UnitOfMeasure><QtyInPackage>לא ידוע</QtyInPackage><UnitOfMeasurePrice>0.0332</UnitOfMeasurePrice><AllowDiscount>1</AllowDiscount><ItemStatus>1</ItemStatus><ItemPrice>19.90</ItemPrice></item><item><PriceUpdateDate>2016-05-30 22:03:02</PriceUpdateDate><ItemCode>4015600815356</ItemCode><ItemType>1</ItemType><ItemName>מרכך פנטן למגע רך כמ</ItemName><ManufacturerName>פנטן</ManufacturerName><ManufactureCountry>רומניה</ManufactureCountry><ManufacturerItemDescription>פנטן מרכך למגע רך כמשי 60</ManufacturerItemDescription><SoldByWeight/><Quantity>600.00</Quantity><UnitOfMeasure>מ"ל</UnitOfMeasure><QtyInPackage>לא ידוע</QtyInPackage><UnitOfMeasurePrice>0.0332</UnitOfMeasurePrice><AllowDiscount>1</AllowDiscount><ItemStatus>1</ItemStatus><ItemPrice>19.90</ItemPrice></item><item><PriceUpdateDate>2016-05-30 22:03:02</PriceUpdateDate><ItemCode>4015600815479</ItemCode><ItemType>1</ItemType><ItemName>מרכך פנטן לשיקום שיע</ItemName><ManufacturerName>פנטן</ManufacturerName><ManufactureCountry>ישראל</ManufactureCountry><ManufacturerItemDescription>מרכך פנטן לשיקום שיע</ManufacturerItemDescription><SoldByWeight/><Quantity>600.00</Quantity><UnitOfMeasure>מ"ל</UnitOfMeasure><QtyInPackage>לא ידוע</QtyInPackage><UnitOfMeasurePrice>0.0332</UnitOfMeasurePrice><AllowDiscount>1</AllowDiscount><ItemStatus>1</ItemStatus><ItemPrice>19.90</ItemPrice></item><item><PriceUpdateDate>2016-05-30 22:03:02</PriceUpdateDate><ItemCode>4015600815554</ItemCode><ItemType>1</ItemType><ItemName>מרכך פנטן נוסחה קלאס</ItemName><ManufacturerName>פנטן</ManufacturerName><ManufactureCountry>רומניה</ManufactureCountry><ManufacturerItemDescription>פנטן מרכך נוסחה קלאסית 60</ManufacturerItemDescription><SoldByWeight/><Quantity>600.00</Quantity><UnitOfMeasure>מ"ל</UnitOfMeasure><QtyInPackage>לא ידוע</QtyInPackage><UnitOfMeasurePrice>0.0332</UnitOfMeasurePrice><AllowDiscount>1</AllowDiscount><ItemStatus>1</ItemStatus><ItemPrice>19.90</ItemPrice></item><item><PriceUpdateDate>2015-10-22 16:27:24</PriceUpdateDate><ItemCode>4017100356513</ItemCode><ItemType>1</ItemType><ItemName>עוגיות היט מיני שחור</ItemName><ManufacturerName>היט מיניס</ManufacturerName><ManufactureCountry>לא ידוע</ManufactureCountry><ManufacturerItemDescription>עוגיות היט מיני שחור</ManufacturerItemDescription><SoldByWeight/><Quantity>130.00</Quantity><UnitOfMeasure>גרם     </UnitOfMeasure><QtyInPackage>לא ידוע</QtyInPackage><UnitOfMeasurePrice>0.0592</UnitOfMeasurePrice><AllowDiscount>1</AllowDiscount><ItemStatus>1</ItemStatus><ItemPrice>7.70</ItemPrice></item><item><PriceUpdateDate>2016-05-30 22:03:03</PriceUpdateDate><ItemCode>4017100364112</ItemCode><ItemType>1</ItemType><ItemName>היט בטעם שוקו 220 גר</ItemName><ManufacturerName>באלזן</ManufacturerName><ManufactureCountry>ישראל</ManufactureCountry><ManufacturerItemDescription>היט בטעם שוקו 220 גר</ManufacturerItemDescription><SoldByWeight/><Quantity>220.00</Quantity><UnitOfMeasure>גרם     </UnitOfMeasure><QtyInPackage>לא ידוע</QtyInPackage><UnitOfMeasurePrice>0.0441</UnitOfMeasurePrice><AllowDiscount>1</AllowDiscount><ItemStatus>1</ItemStatus><ItemPrice>9.70</ItemPrice></item><item><PriceUpdateDate>2015-11-23 10:20:21</PriceUpdateDate><ItemCode>4023800012109</ItemCode><ItemType>1</ItemType><ItemName>מרצפן מצופה שוקולד 1</ItemName><ManufacturerName>לא ממותג</ManufacturerName><ManufactureCountry>גרמניה</ManufactureCountry><ManufacturerItemDescription>מרצפן מצופה שוקולד 1</ManufacturerItemDescription><SoldByWeight/><Quantity>100.00</Quantity><UnitOfMeasure>גרם     </UnitOfMeasure><QtyInPackage>לא ידוע</QtyInPackage><UnitOfMeasurePrice>0.0970</UnitOfMeasurePrice><AllowDiscount>1</AllowDiscount><ItemStatus>1</ItemStatus><ItemPrice>9.70</ItemPrice></item><item><PriceUpdateDate>2016-05-17 09:15:08</PriceUpdateDate><ItemCode>4025700001023</ItemCode><ItemType>1</ItemType><ItemName>שוקולד מילקה אגוז 10</ItemName><ManufacturerName>מילקה</ManufacturerName><ManufactureCountry>גרמניה</ManufactureCountry><ManufacturerItemDescription>מברשת שיניים    לאי 0-2</ManufacturerItemDescription><SoldByWeight/><Quantity>100.00</Quantity><UnitOfMeasure>גרם     </UnitOfMeasure><QtyInPackage>לא ידוע</QtyInPackage><UnitOfMeasurePrice>0.0890</UnitOfMeasurePrice><AllowDiscount>1</AllowDiscount><ItemStatus>1</ItemStatus><ItemPrice>8.90</ItemPrice></item><item><PriceUpdateDate>2016-05-10 10:57:56</PriceUpdateDate><ItemCode>4033100024252</ItemCode><ItemType>1</ItemType><ItemName>ס.וינסטון אקווה בודד</ItemName><ManufacturerName>וינסטון</ManufacturerName><ManufactureCountry>ישראל</ManufactureCountry><ManufacturerItemDescription>סיגריות ווינסטוןוה חפיסה</ManufacturerItemDescription><SoldByWeight/><Quantity>0.00</Quantity><UnitOfMeasure>יח'</UnitOfMeasure><QtyInPackage>לא ידוע</QtyInPackage><UnitOfMeasurePrice>0.0000</UnitOfMeasurePrice><AllowDiscount>1</AllowDiscount><ItemStatus>1</ItemStatus><ItemPrice>32.00</ItemPrice></item><item><PriceUpdateDate>2014-11-03 06:37:11</PriceUpdateDate><ItemCode>4073700019623</ItemCode><ItemType>1</ItemType><ItemName>חומץ תפוחים</ItemName><ManufacturerName>ציציק</ManufacturerName><ManufactureCountry>ישראל</ManufactureCountry><ManufacturerItemDescription>חומץ תפוחים</ManufacturerItemDescription><SoldByWeight/><Quantity>700.00</Quantity><UnitOfMeasure>מ"ל</UnitOfMeasure><QtyInPackage>לא ידוע</QtyInPackage><UnitOfMeasurePrice>0.0246</UnitOfMeasurePrice><AllowDiscount>1</AllowDiscount><ItemStatus>1</ItemStatus><ItemPrice>17.20</ItemPrice></item><item><PriceUpdateDate>2015-11-03 08:38:02</PriceUpdateDate><ItemCode>4079400330129</ItemCode><ItemType>1</ItemType><ItemName>בירה וולטרס פילזנר פ</ItemName><ManufacturerName>לא ממותג</ManufacturerName><ManufactureCountry>לא ידוע</ManufactureCountry><ManufacturerItemDescription>בירה וולטרס פילזנר פ</ManufacturerItemDescription><SoldByWeight/><Quantity>500.00</Quantity><UnitOfMeasure>מ"ל</UnitOfMeasure><QtyInPackage>לא ידוע</QtyInPackage><UnitOfMeasurePrice>0.0218</UnitOfMeasurePrice><AllowDiscount>1</AllowDiscount><ItemStatus>1</ItemStatus><ItemPrice>10.90</ItemPrice></item><item><PriceUpdateDate>2015-12-03 09:06:34</PriceUpdateDate><ItemCode>4084500088917</ItemCode><ItemType>1</ItemType><ItemName>נוזל כלים פיירי לימו</ItemName><ManufacturerName>פיירי</ManufacturerName><ManufactureCountry>אנגליה</ManufactureCountry><ManufacturerItemDescription>פיירי נוזל כלים לימון 650</ManufacturerItemDescription><SoldByWeight/><Quantity>650.00</Quantity><UnitOfMeasure>מ"ל</UnitOfMeasure><QtyInPackage>לא ידוע</QtyInPackage><UnitOfMeasurePrice>0.0183</UnitOfMeasurePrice><AllowDiscount>1</AllowDiscount><ItemStatus>1</ItemStatus><ItemPrice>11.90</ItemPrice></item><item><PriceUpdateDate>2016-03-01 06:42:49</PriceUpdateDate><ItemCode>4084500149526</ItemCode><ItemType>1</ItemType><ItemName>נוזל כביסה טייד ג'ל</ItemName><ManufacturerName>טייד</ManufacturerName><ManufactureCountry>ישראל</ManufactureCountry><ManufacturerItemDescription>נוזל כביסה טייד ג'ל</ManufacturerItemDescription><SoldByWeight/><Quantity>2480.00</Quantity><UnitOfMeasure>מ"ל</UnitOfMeasure><QtyInPackage>לא ידוע</QtyInPackage><UnitOfMeasurePrice>0.0121</UnitOfMeasurePrice><AllowDiscount>1</AllowDiscount><ItemStatus>1</ItemStatus><ItemPrice>29.90</ItemPrice></item><item><PriceUpdateDate>2016-03-01 06:48:53</PriceUpdateDate><ItemCode>4084500513570</ItemCode><ItemType>1</ItemType><ItemName>מב ג'ל כביסה אריאל 2</ItemName><ManufacturerName>אריאל</ManufacturerName><ManufactureCountry>ישראל</ManufactureCountry><ManufacturerItemDescription>מב ג'ל כביסה אריאל 2</ManufacturerItemDescription><SoldByWeight/><Quantity>2470.00</Quantity><UnitOfMeasure>מ"ל</UnitOfMeasure><QtyInPackage>לא ידוע</QtyInPackage><UnitOfMeasurePrice>0.0121</UnitOfMeasurePrice><AllowDiscount>1</AllowDiscount><ItemStatus>1</ItemStatus><ItemPrice>29.90</ItemPrice></item><item><PriceUpdateDate>2016-03-01 06:48:53</PriceUpdateDate><ItemCode>4084500513723</ItemCode><ItemType>1</ItemType><ItemName>מב ג'ל כביסה אריאל 2</ItemName><ManufacturerName>אריאל</ManufacturerName><ManufactureCountry>ישראל</ManufactureCountry><ManufacturerItemDescription>מב ג'ל כביסה אריאל 2</ManufacturerItemDescription><SoldByWeight/><Quantity>2470.00</Quantity><UnitOfMeasure>מ"ל</UnitOfMeasure><QtyInPackage>לא ידוע</QtyInPackage><UnitOfMeasurePrice>0.0121</UnitOfMeasurePrice><AllowDiscount>1</AllowDiscount><ItemStatus>1</ItemStatus><ItemPrice>29.90</ItemPrice></item><item><PriceUpdateDate>2016-03-01 06:48:53</PriceUpdateDate><ItemCode>4084500513792</ItemCode><ItemType>1</ItemType><ItemName>מב ג'ל כביסה אריאל 2</ItemName><ManufacturerName>אריאל</ManufacturerName><ManufactureCountry>ישראל</ManufactureCountry><ManufacturerItemDescription>מב ג'ל כביסה אריאל 2</ManufacturerItemDescription><SoldByWeight/><Quantity>2470.00</Quantity><UnitOfMeasure>מ"ל</UnitOfMeasure><QtyInPackage>לא ידוע</QtyInPackage><UnitOfMeasurePrice>0.0121</UnitOfMeasurePrice><AllowDiscount>1</AllowDiscount><ItemStatus>1</ItemStatus><ItemPrice>29.90</ItemPrice></item><item><PriceUpdateDate>2015-12-03 09:06:34</PriceUpdateDate><ItemCode>4084500853553</ItemCode><ItemType>1</ItemType><ItemName>נוזל כלים פיירי אורי</ItemName><ManufacturerName>פיירי</ManufacturerName><ManufactureCountry>אנגליה</ManufactureCountry><ManufacturerItemDescription>פיירי נוזל כלים לימון 650</ManufacturerItemDescription><SoldByWeight/><Quantity>650.00</Quantity><UnitOfMeasure>מ"ל</UnitOfMeasure><QtyInPackage>לא ידוע</QtyInPackage><UnitOfMeasurePrice>0.0183</UnitOfMeasurePrice><AllowDiscount>1</AllowDiscount><ItemStatus>1</ItemStatus><ItemPrice>11.90</ItemPrice></item><item><PriceUpdateDate>2015-12-03 09:06:34</PriceUpdateDate><ItemCode>4084500853744</ItemCode><ItemType>1</ItemType><ItemName>פיירי פלטינום לימון</ItemName><ManufacturerName>פיירי</ManufacturerName><ManufactureCountry>לא ידוע</ManufactureCountry><ManufacturerItemDescription>פיירי פלטינום לימון</ManufacturerItemDescription><SoldByWeight/><Quantity>515.00</Quantity><UnitOfMeasure>מ"ל</UnitOfMeasure><QtyInPackage>לא ידוע</QtyInPackage><UnitOfMeasurePrice>0.0212</UnitOfMeasurePrice><AllowDiscount>1</AllowDiscount><ItemStatus>1</ItemStatus><ItemPrice>10.90</ItemPrice></item><item><PriceUpdateDate>2015-12-03 09:06:34</PriceUpdateDate><ItemCode>4084500853836</ItemCode><ItemType>1</ItemType><ItemName>פיירי ורדים ומשי 515</ItemName><ManufacturerName>פיירי</ManufacturerName><ManufactureCountry>לא ידוע</ManufactureCountry><ManufacturerItemDescription>פיירי ורדים ומשי 515</ManufacturerItemDescription><SoldByWeight/><Quantity>515.00</Quantity><UnitOfMeasure>מ"ל</UnitOfMeasure><QtyInPackage>לא ידוע</QtyInPackage><UnitOfMeasurePrice>0.0212</UnitOfMeasurePrice><AllowDiscount>1</AllowDiscount><ItemStatus>1</ItemStatus><ItemPrice>10.90</ItemPrice></item><item><PriceUpdateDate>2015-12-03 09:06:34</PriceUpdateDate><ItemCode>4084500853898</ItemCode><ItemType>1</ItemType><ItemName>פיירי אלוורה ומלפפונ</ItemName><ManufacturerName>פיירי</ManufacturerName><ManufactureCountry>לא ידוע</ManufactureCountry><ManufacturerItemDescription>פיירי אלוורה ומלפפונ</ManufacturerItemDescription><SoldByWeight/><Quantity>515.00</Quantity><UnitOfMeasure>מ"ל</UnitOfMeasure><QtyInPackage>לא ידוע</QtyInPackage><UnitOfMeasurePrice>0.0212</UnitOfMeasurePrice><AllowDiscount>1</AllowDiscount><ItemStatus>1</ItemStatus><ItemPrice>10.90</ItemPrice></item><item><PriceUpdateDate>2015-12-03 09:06:34</PriceUpdateDate><ItemCode>4084500854048</ItemCode><ItemType>1</ItemType><ItemName>פיירי לימון 1.24 מ"ל</ItemName><ManufacturerName>פיירי</ManufacturerName><ManufactureCountry>לא ידוע</ManufactureCountry><ManufacturerItemDescription>פיירי לימון 1.24 מ"ל</ManufacturerItemDescription><SoldByWeight/><Quantity>1240.00</Quantity><UnitOfMeasure>מ"ל</UnitOfMeasure><QtyInPackage>לא ידוע</QtyInPackage><UnitOfMeasurePrice>0.0144</UnitOfMeasurePrice><AllowDiscount>1</AllowDiscount><ItemStatus>1</ItemStatus><ItemPrice>17.90</ItemPrice></item><item><PriceUpdateDate>2014-11-03 06:37:05</PriceUpdateDate><ItemCode>40883007</ItemCode><ItemType>1</ItemType><ItemName>קרם גוף דאבבודי סילק</ItemName><ManufacturerName>דאב</ManufacturerName><ManufactureCountry>ישראל</ManufactureCountry><ManufacturerItemDescription>קרם גוף דאבבודי סילק</ManufacturerItemDescription><SoldByWeight/><Quantity>300.00</Quantity><UnitOfMeasure>מ"ל</UnitOfMeasure><QtyInPackage>לא ידוע</QtyInPackage><UnitOfMeasurePrice>0.1450</UnitOfMeasurePrice><AllowDiscount>1</AllowDiscount><ItemStatus>1</ItemStatus><ItemPrice>43.50</ItemPrice></item><item><PriceUpdateDate>2016-02-11 09:32:36</PriceUpdateDate><ItemCode>410036</ItemCode><ItemType>3</ItemType><ItemName>גבינת עמק 28% במשקל</ItemName><ManufacturerName>עמק</ManufacturerName><ManufactureCountry>ישראל</ManufactureCountry><ManufacturerItemDescription>גבינת עמק 28% במשקל</ManufacturerItemDescription><SoldByWeight/><Quantity>1.00</Quantity><UnitOfMeasure>ק"ג</UnitOfMeasure><QtyInPackage>לא ידוע</QtyInPackage><UnitOfMeasurePrice>41.3000</UnitOfMeasurePrice><AllowDiscount>1</AllowDiscount><ItemStatus>1</ItemStatus><ItemPrice>41.30</ItemPrice></item><item><PriceUpdateDate>2016-02-11 09:32:36</PriceUpdateDate><ItemCode>410043</ItemCode><ItemType>3</ItemType><ItemName>גבינת גלבוע 22% במשק</ItemName><ManufacturerName>גלבוע</ManufacturerName><ManufactureCountry>ישראל</ManufactureCountry><ManufacturerItemDescription>גבינת גלבוע 22% במשק</ManufacturerItemDescription><SoldByWeight/><Quantity>1.00</Quantity><UnitOfMeasure>ק"ג</UnitOfMeasure><QtyInPackage>לא ידוע</QtyInPackage><UnitOfMeasurePrice>39.2500</UnitOfMeasurePrice><AllowDiscount>1</AllowDiscount><ItemStatus>1</ItemStatus><ItemPrice>39.25</ItemPrice></item><item><PriceUpdateDate>2015-10-11 10:35:10</PriceUpdateDate><ItemCode>410111</ItemCode><ItemType>3</ItemType><ItemName>גבינת טל העמק 32% במ</ItemName><ManufacturerName>עמק</ManufacturerName><ManufactureCountry>ישראל</ManufactureCountry><ManufacturerItemDescription>גבינת טל העמק 32% במ</ManufacturerItemDescription><SoldByWeight/><Quantity>1.00</Quantity><UnitOfMeasure>ק"ג</UnitOfMeasure><QtyInPackage>לא ידוע</QtyInPackage><UnitOfMeasurePrice>59.9000</UnitOfMeasurePrice><AllowDiscount>1</AllowDiscount><ItemStatus>1</ItemStatus><ItemPrice>59.90</ItemPrice></item><item><PriceUpdateDate>2016-06-13 13:03:30</PriceUpdateDate><ItemCode>410128</ItemCode><ItemType>3</ItemType><ItemName>גבינת קולאז' מוצרלה</ItemName><ManufacturerName>גבינות תנובה</ManufacturerName><ManufactureCountry>ישראל</ManufactureCountry><ManufacturerItemDescription>גבינת קולאז' מוצרלה</ManufacturerItemDescription><SoldByWeight/><Quantity>1.00</Quantity><UnitOfMeasure>ק"ג</UnitOfMeasure><QtyInPackage>לא ידוע</QtyInPackage><UnitOfMeasurePrice>76.4000</UnitOfMeasurePrice><AllowDiscount>1</AllowDiscount><ItemStatus>1</ItemStatus><ItemPrice>76.40</ItemPrice></item><item><PriceUpdateDate>2016-06-13 13:03:30</PriceUpdateDate><ItemCode>410142</ItemCode><ItemType>3</ItemType><ItemName>גבינת קולאז' פרמזן ח</ItemName><ManufacturerName>תנובה</ManufacturerName><ManufactureCountry>ישראל</ManufactureCountry><ManufacturerItemDescription>גבינת קולאז' פרמזן ח</ManufacturerItemDescription><SoldByWeight/><Quantity>1.00</Quantity><UnitOfMeasure>ק"ג</UnitOfMeasure><QtyInPackage>לא ידוע</QtyInPackage><UnitOfMeasurePrice>113.1000</UnitOfMeasurePrice><AllowDiscount>1</AllowDiscount><ItemStatus>1</ItemStatus><ItemPrice>113.10</ItemPrice></item><item><PriceUpdateDate>2015-10-11 10:35:10</PriceUpdateDate><ItemCode>410166</ItemCode><ItemType>3</ItemType><ItemName>גבינה סקנדינבית במשק</ItemName><ManufacturerName>עמק</ManufacturerName><ManufactureCountry>ישראל</ManufactureCountry><ManufacturerItemDescription>גבינה סקנדינבית במשק</ManufacturerItemDescription><SoldByWeight/><Quantity>1.00</Quantity><UnitOfMeasure>ק"ג</UnitOfMeasure><QtyInPackage>לא ידוע</QtyInPackage><UnitOfMeasurePrice>77.0000</UnitOfMeasurePrice><AllowDiscount>1</AllowDiscount><ItemStatus>1</ItemStatus><ItemPrice>77.00</ItemPrice></item><item><PriceUpdateDate>2016-06-13 13:03:30</PriceUpdateDate><ItemCode>410203</ItemCode><ItemType>3</ItemType><ItemName>גבינת קולאז' קשקבל ג</ItemName><ManufacturerName>גבינות תנובה</ManufacturerName><ManufactureCountry>ישראל</ManufactureCountry><ManufacturerItemDescription>גבינת קולאז' קשקבל ג</ManufacturerItemDescription><SoldByWeight/><Quantity>1.00</Quantity><UnitOfMeasure>ק"ג</UnitOfMeasure><QtyInPackage>לא ידוע</QtyInPackage><UnitOfMeasurePrice>126.3000</UnitOfMeasurePrice><AllowDiscount>1</AllowDiscount><ItemStatus>1</ItemStatus><ItemPrice>126.30</ItemPrice></item><item><PriceUpdateDate>2016-06-13 13:03:30</PriceUpdateDate><ItemCode>410210</ItemCode><ItemType>3</ItemType><ItemName>גבינת קולאז' רוקפור</ItemName><ManufacturerName>תנובה</ManufacturerName><ManufactureCountry>ישראל</ManufactureCountry><ManufacturerItemDescription>גבינת קולאז' רוקפור</ManufacturerItemDescription><SoldByWeight/><Quantity>1.00</Quantity><UnitOfMeasure>ק"ג</UnitOfMeasure><QtyInPackage>לא ידוע</QtyInPackage><UnitOfMeasurePrice>123.3000</UnitOfMeasurePrice><AllowDiscount>1</AllowDiscount><ItemStatus>1</ItemStatus><ItemPrice>123.30</ItemPrice></item><item><PriceUpdateDate>2015-10-11 10:35:11</PriceUpdateDate><ItemCode>410241</ItemCode><ItemType>3</ItemType><ItemName>גבינה בולגרית 24%</ItemName><ManufacturerName>פיראוס</ManufacturerName><ManufactureCountry>ישראל</ManufactureCountry><ManufacturerItemDescription>גבינה בולגרית 24%</ManufacturerItemDescription><SoldByWeight/><Quantity>1.00</Quantity><UnitOfMeasure>ק"ג</UnitOfMeasure><QtyInPackage>לא ידוע</QtyInPackage><UnitOfMeasurePrice>60.1000</UnitOfMeasurePrice><AllowDiscount>1</AllowDiscount><ItemStatus>1</ItemStatus><ItemPrice>60.10</ItemPrice></item><item><PriceUpdateDate>2015-11-12 14:33:47</PriceUpdateDate><ItemCode>410852</ItemCode><ItemType>3</ItemType><ItemName>חריץ טל עמק 9%</ItemName><ManufacturerName>עמק</ManufacturerName><ManufactureCountry>ישראל</ManufactureCountry><ManufacturerItemDescription>חריץ טל עמק 9%</ManufacturerItemDescription><SoldByWeight/><Quantity>1.00</Quantity><UnitOfMeasure>ק"ג</UnitOfMeasure><QtyInPackage>לא ידוע</QtyInPackage><UnitOfMeasurePrice>78.5000</UnitOfMeasurePrice><AllowDiscount>1</AllowDiscount><ItemStatus>1</ItemStatus><ItemPrice>78.50</ItemPrice></item><item><PriceUpdateDate>2015-11-12 14:50:36</PriceUpdateDate><ItemCode>41143027905</ItemCode><ItemType>1</ItemType><ItemName>סן-מיידצימוקים כהים</ItemName><ManufacturerName>סנמייד</ManufacturerName><ManufactureCountry>ישראל</ManufactureCountry><ManufacturerItemDescription>סן-מיידצימוקים כהים</ManufacturerItemDescription><SoldByWeight/><Quantity>500.00</Quantity><UnitOfMeasure>גרם     </UnitOfMeasure><QtyInPackage>לא ידוע</QtyInPackage><UnitOfMeasurePrice>0.0536</UnitOfMeasurePrice><AllowDiscount>1</AllowDiscount><ItemStatus>1</ItemStatus><ItemPrice>26.80</ItemPrice></item><item><PriceUpdateDate>2014-11-03 06:37:10</PriceUpdateDate><ItemCode>41152232017</ItemCode><ItemType>1</ItemType><ItemName>רוטב קרנברי ג'לי 454</ItemName><ManufacturerName>לא ממותג</ManufacturerName><ManufactureCountry>ישראל</ManufactureCountry><ManufacturerItemDescription>רוטב קרנברי ג'לי 454</ManufacturerItemDescription><SoldByWeight/><Quantity>454.00</Quantity><UnitOfMeasure>גרם     </UnitOfMeasure><QtyInPackage>לא ידוע</QtyInPackage><UnitOfMeasurePrice>0.0269</UnitOfMeasurePrice><AllowDiscount>1</AllowDiscount><ItemStatus>1</ItemStatus><ItemPrice>12.20</ItemPrice></item><item><PriceUpdateDate>2016-05-30 22:02:37</PriceUpdateDate><ItemCode>41390000904</ItemCode><ItemType>1</ItemType><ItemName>רוטב סויה קיקומן 444</ItemName><ManufacturerName>קיקומן</ManufacturerName><ManufactureCountry>ארצות הברית</ManufactureCountry><ManufacturerItemDescription>שמפו אלביב       צבוע700</ManufacturerItemDescription><SoldByWeight/><Quantity>444.00</Quantity><UnitOfMeasure>מ"ל</UnitOfMeasure><QtyInPackage>לא ידוע</QtyInPackage><UnitOfMeasurePrice>0.0444</UnitOfMeasurePrice><AllowDiscount>1</AllowDiscount><ItemStatus>1</ItemStatus><ItemPrice>19.70</ItemPrice></item><item><PriceUpdateDate>2016-05-30 22:02:37</PriceUpdateDate><ItemCode>41390001079</ItemCode><ItemType>1</ItemType><ItemName>רוטב סויה מופחת נתרן</ItemName><ManufacturerName>קיקומן</ManufacturerName><ManufactureCountry>ארצות הברית</ManufactureCountry><ManufacturerItemDescription>שמפו אלביב       צבוע700</ManufacturerItemDescription><SoldByWeight/><Quantity>444.00</Quantity><UnitOfMeasure>מ"ל</UnitOfMeasure><QtyInPackage>לא ידוע</QtyInPackage><UnitOfMeasurePrice>0.0444</UnitOfMeasurePrice><AllowDiscount>1</AllowDiscount><ItemStatus>1</ItemStatus><ItemPrice>19.70</ItemPrice></item><item><PriceUpdateDate>2016-05-01 21:46:01</PriceUpdateDate><ItemCode>417325</ItemCode><ItemType>3</ItemType><ItemName>פסטרמה פולנית במשקל</ItemName><ManufacturerName>עוף טוב</ManufacturerName><ManufactureCountry>ישראל</ManufactureCountry><ManufacturerItemDescription>פסטרמה פולנית במשקל</ManufacturerItemDescription><SoldByWeight/><Quantity>1.00</Quantity><UnitOfMeasure>ק"ג</UnitOfMeasure><QtyInPackage>לא ידוע</QtyInPackage><UnitOfMeasurePrice>74.9000</UnitOfMeasurePrice><AllowDiscount>1</AllowDiscount><ItemStatus>1</ItemStatus><ItemPrice>74.90</ItemPrice></item><item><PriceUpdateDate>2016-02-08 08:27:17</PriceUpdateDate><ItemCode>42102021</ItemCode><ItemType>1</ItemType><ItemName>אורביט פרופשינל בליס</ItemName><ManufacturerName>אורביט</ManufacturerName><ManufactureCountry>פולין</ManufactureCountry><ManufacturerItemDescription>מסטיק מנטוס 3D  יגמה33ג</ManufacturerItemDescription><SoldByWeight/><Quantity>14.00</Quantity><UnitOfMeasure>גרם     </UnitOfMeasure><QtyInPackage>לא ידוע</QtyInPackage><UnitOfMeasurePrice>0.2786</UnitOfMeasurePrice><AllowDiscount>1</AllowDiscount><ItemStatus>1</ItemStatus><ItemPrice>3.90</ItemPrice></item><item><PriceUpdateDate>2015-11-16 11:40:27</PriceUpdateDate><ItemCode>42123866</ItemCode><ItemType>1</ItemType><ItemName>מסטיק הובה בובה קלאס</ItemName><ManufacturerName>לא ידוע</ManufacturerName><ManufactureCountry>ישראל</ManufactureCountry><ManufacturerItemDescription>מסטיק הובה בובה קלאס</ManufacturerItemDescription><SoldByWeight/><Quantity>0.00</Quantity><UnitOfMeasure>יח'</UnitOfMeasure><QtyInPackage>לא ידוע</QtyInPackage><UnitOfMeasurePrice>0.0000</UnitOfMeasurePrice><AllowDiscount>1</AllowDiscount><ItemStatus>1</ItemStatus><ItemPrice>3.80</ItemPrice></item><item><PriceUpdateDate>2016-02-08 08:27:17</PriceUpdateDate><ItemCode>42123873</ItemCode><ItemType>1</ItemType><ItemName>אורביט פרופשיונל בלי</ItemName><ManufacturerName>אורביט</ManufacturerName><ManufactureCountry>פולין</ManufactureCountry><ManufacturerItemDescription>מסטיק מנטוס     ת אדומ90</ManufacturerItemDescription><SoldByWeight/><Quantity>14.00</Quantity><UnitOfMeasure>גרם     </UnitOfMeasure><QtyInPackage>לא ידוע</QtyInPackage><UnitOfMeasurePrice>0.2786</UnitOfMeasurePrice><AllowDiscount>1</AllowDiscount><ItemStatus>1</ItemStatus><ItemPrice>3.90</ItemPrice></item><item><PriceUpdateDate>2015-11-16 11:40:27</PriceUpdateDate><ItemCode>42124351</ItemCode><ItemType>1</ItemType><ItemName>סוכריות מינטס מנטה 1</ItemName><ManufacturerName>אורביט</ManufacturerName><ManufactureCountry>ישראל</ManufactureCountry><ManufacturerItemDescription>סוכריות מינטס מנטה 1</ManufacturerItemDescription><SoldByWeight/><Quantity>18.00</Quantity><UnitOfMeasure>גרם     </UnitOfMeasure><QtyInPackage>לא ידוע</QtyInPackage><UnitOfMeasurePrice>0.1833</UnitOfMeasurePrice><AllowDiscount>1</AllowDiscount><ItemStatus>1</ItemStatus><ItemPrice>3.30</ItemPrice></item><item><PriceUpdateDate>2016-05-10 10:57:56</PriceUpdateDate><ItemCode>42138105</ItemCode><ItemType>1</ItemType><ItemName>ס.וינסטון סופר סלימס</ItemName><ManufacturerName>וינסטון</ManufacturerName><ManufactureCountry>ישראל</ManufactureCountry><ManufacturerItemDescription>וינסטון סופר חפ.מס כחול</ManufacturerItemDescription><SoldByWeight/><Quantity>0.00</Quantity><UnitOfMeasure>יח'</UnitOfMeasure><QtyInPackage>לא ידוע</QtyInPackage><UnitOfMeasurePrice>0.0000</UnitOfMeasurePrice><AllowDiscount>1</AllowDiscount><ItemStatus>1</ItemStatus><ItemPrice>32.00</ItemPrice></item><item><PriceUpdateDate>2016-05-10 10:57:56</PriceUpdateDate><ItemCode>42138129</ItemCode><ItemType>1</ItemType><ItemName>ס.וינסטון סופר סלימס</ItemName><ManufacturerName>וינסטון</ManufacturerName><ManufactureCountry>פולין</ManufactureCountry><ManufacturerItemDescription>סיגריות  וינסטון סלימס מנ</ManufacturerItemDescription><SoldByWeight/><Quantity>0.00</Quantity><UnitOfMeasure>יח'</UnitOfMeasure><QtyInPackage>לא ידוע</QtyInPackage><UnitOfMeasurePrice>0.0000</UnitOfMeasurePrice><AllowDiscount>1</AllowDiscount><ItemStatus>1</ItemStatus><ItemPrice>32.00</ItemPrice></item><item><PriceUpdateDate>2016-03-01 06:54:45</PriceUpdateDate><ItemCode>421520</ItemCode><ItemType>3</ItemType><ItemName>פילה דג מרלוזה בשקית</ItemName><ManufacturerName>דלידג</ManufacturerName><ManufactureCountry>ישראל</ManufactureCountry><ManufacturerItemDescription>פילה דג מרלוזה בשקית</ManufacturerItemDescription><SoldByWeight/><Quantity>1.00</Quantity><UnitOfMeasure>ק"ג</UnitOfMeasure><QtyInPackage>לא ידוע</QtyInPackage><UnitOfMeasurePrice>34.9000</UnitOfMeasurePrice><AllowDiscount>1</AllowDiscount><ItemStatus>1</ItemStatus><ItemPrice>34.90</ItemPrice></item><item><PriceUpdateDate>2015-11-16 11:40:27</PriceUpdateDate><ItemCode>42154655</ItemCode><ItemType>1</ItemType><ItemName>אורביט פרופשיונל פפר</ItemName><ManufacturerName>אורביט</ManufacturerName><ManufactureCountry>צרפת</ManufactureCountry><ManufacturerItemDescription>אורביט באריזת מעטפה פפרמי</ManufacturerItemDescription><SoldByWeight/><Quantity>27.00</Quantity><UnitOfMeasure>גרם     </UnitOfMeasure><QtyInPackage>לא ידוע</QtyInPackage><UnitOfMeasurePrice>0.2481</UnitOfMeasurePrice><AllowDiscount>1</AllowDiscount><ItemStatus>1</ItemStatus><ItemPrice>6.70</ItemPrice></item><item><PriceUpdateDate>2015-11-16 11:40:27</PriceUpdateDate><ItemCode>42154662</ItemCode><ItemType>1</ItemType><ItemName>מסטיק אורביט מעטפה ס</ItemName><ManufacturerName>אורביט</ManufacturerName><ManufactureCountry>צרפת</ManufactureCountry><ManufacturerItemDescription>אורביט באריזת מעטפה ספירמ</ManufacturerItemDescription><SoldByWeight/><Quantity>27.00</Quantity><UnitOfMeasure>גרם     </UnitOfMeasure><QtyInPackage>לא ידוע</QtyInPackage><UnitOfMeasurePrice>0.2481</UnitOfMeasurePrice><AllowDiscount>1</AllowDiscount><ItemStatus>1</ItemStatus><ItemPrice>6.70</ItemPrice></item><item><PriceUpdateDate>2014-11-03 06:36:45</PriceUpdateDate><ItemCode>42155461</ItemCode><ItemType>1</ItemType><ItemName>סוכריות מינטס פירות</ItemName><ManufacturerName>אורביט</ManufacturerName><ManufactureCountry>ישראל</ManufactureCountry><ManufacturerItemDescription>סוכריות מינטס פירות</ManufacturerItemDescription><SoldByWeight/><Quantity>18.00</Quantity><UnitOfMeasure>גרם     </UnitOfMeasure><QtyInPackage>לא ידוע</QtyInPackage><UnitOfMeasurePrice>0.1778</UnitOfMeasurePrice><AllowDiscount>1</AllowDiscount><ItemStatus>1</ItemStatus><ItemPrice>3.20</ItemPrice></item><item><PriceUpdateDate>2015-11-12 14:32:39</PriceUpdateDate><ItemCode>421568</ItemCode><ItemType>3</ItemType><ItemName>סלמי קוניאק מובחר</ItemName><ManufacturerName>טירת צבי</ManufacturerName><ManufactureCountry>ישראל</ManufactureCountry><ManufacturerItemDescription>סלמי קוניאק מובחר</ManufacturerItemDescription><SoldByWeight/><Quantity>1.00</Quantity><UnitOfMeasure>ק"ג</UnitOfMeasure><QtyInPackage>לא ידוע</QtyInPackage><UnitOfMeasurePrice>82.5000</UnitOfMeasurePrice><AllowDiscount>1</AllowDiscount><ItemStatus>1</ItemStatus><ItemPrice>82.50</ItemPrice></item><item><PriceUpdateDate>2015-10-20 17:17:34</PriceUpdateDate><ItemCode>421605</ItemCode><ItemType>3</ItemType><ItemName>סלמי מעושן איטלקי</ItemName><ManufacturerName>טירת צבי</ManufacturerName><ManufactureCountry>ישראל</ManufactureCountry><ManufacturerItemDescription>סלמי מעושן איטלקי</ManufacturerItemDescription><SoldByWeight/><Quantity>1.00</Quantity><UnitOfMeasure>ק"ג</UnitOfMeasure><QtyInPackage>לא ידוע</QtyInPackage><UnitOfMeasurePrice>82.5000</UnitOfMeasurePrice><AllowDiscount>1</AllowDiscount><ItemStatus>1</ItemStatus><ItemPrice>82.50</ItemPrice></item><item><PriceUpdateDate>2015-10-20 17:17:34</PriceUpdateDate><ItemCode>421612</ItemCode><ItemType>3</ItemType><ItemName>נקניק סלמי תה 1 ק"ג</ItemName><ManufacturerName>טירת צבי</ManufacturerName><ManufactureCountry>ישראל</ManufactureCountry><ManufacturerItemDescription>נקניק סלמי תה 1 ק"ג</ManufacturerItemDescription><SoldByWeight/><Quantity>1.00</Quantity><UnitOfMeasure>ק"ג</UnitOfMeasure><QtyInPackage>לא ידוע</QtyInPackage><UnitOfMeasurePrice>57.1000</UnitOfMeasurePrice><AllowDiscount>1</AllowDiscount><ItemStatus>1</ItemStatus><ItemPrice>57.10</ItemPrice></item><item><PriceUpdateDate>2015-10-21 14:55:01</PriceUpdateDate><ItemCode>42174479</ItemCode><ItemType>1</ItemType><ItemName>מסטיק אורביט מעטפה ת</ItemName><ManufacturerName>אורביט</ManufacturerName><ManufactureCountry>צרפת</ManufactureCountry><ManufacturerItemDescription>אורביט באריזת מעטפה פפרמי</ManufacturerItemDescription><SoldByWeight/><Quantity>27.00</Quantity><UnitOfMeasure>גרם     </UnitOfMeasure><QtyInPackage>לא ידוע</QtyInPackage><UnitOfMeasurePrice>0.2407</UnitOfMeasurePrice><AllowDiscount>1</AllowDiscount><ItemStatus>1</ItemStatus><ItemPrice>6.50</ItemPrice></item><item><PriceUpdateDate>2015-11-12 14:32:39</PriceUpdateDate><ItemCode>421780</ItemCode><ItemType>3</ItemType><ItemName>חזה אווז</ItemName><ManufacturerName>טירת צבי</ManufacturerName><ManufactureCountry>ישראל</ManufactureCountry><ManufacturerItemDescription>חזה אווז</ManufacturerItemDescription><SoldByWeight/><Quantity>1.00</Quantity><UnitOfMeasure>ק"ג</UnitOfMeasure><QtyInPackage>לא ידוע</QtyInPackage><UnitOfMeasurePrice>175.2000</UnitOfMeasurePrice><AllowDiscount>1</AllowDiscount><ItemStatus>1</ItemStatus><ItemPrice>175.20</ItemPrice></item><item><PriceUpdateDate>2015-11-12 14:32:39</PriceUpdateDate><ItemCode>421810</ItemCode><ItemType>3</ItemType><ItemName>חזה הודו בדבש ק"ג</ItemName><ManufacturerName>טירת צבי</ManufacturerName><ManufactureCountry>ישראל</ManufactureCountry><ManufacturerItemDescription>חזה הודו בדבש ק"ג</ManufacturerItemDescription><SoldByWeight/><Quantity>1.00</Quantity><UnitOfMeasure>ק"ג</UnitOfMeasure><QtyInPackage>לא ידוע</QtyInPackage><UnitOfMeasurePrice>88.7000</UnitOfMeasurePrice><AllowDiscount>1</AllowDiscount><ItemStatus>1</ItemStatus><ItemPrice>88.70</ItemPrice></item><item><PriceUpdateDate>2015-11-12 14:32:39</PriceUpdateDate><ItemCode>421834</ItemCode><ItemType>3</ItemType><ItemName>פסטרמה על גחלים דלת</ItemName><ManufacturerName>טירת צבי</ManufacturerName><ManufactureCountry>ישראל</ManufactureCountry><ManufacturerItemDescription>פסטרמה על גחלים דלת</ManufacturerItemDescription><SoldByWeight/><Quantity>1.00</Quantity><UnitOfMeasure>ק"ג</UnitOfMeasure><QtyInPackage>לא ידוע</QtyInPackage><UnitOfMeasurePrice>88.7000</UnitOfMeasurePrice><AllowDiscount>1</AllowDiscount><ItemStatus>1</ItemStatus><ItemPrice>88.70</ItemPrice></item><item><PriceUpdateDate>2015-10-20 17:17:34</PriceUpdateDate><ItemCode>421896</ItemCode><ItemType>3</ItemType><ItemName>פסטרמה על גחלים במשק</ItemName><ManufacturerName>טירת צבי</ManufacturerName><ManufactureCountry>ישראל</ManufactureCountry><ManufacturerItemDescription>פסטרמה על גחלים במשק</ManufacturerItemDescription><SoldByWeight/><Quantity>1.00</Quantity><UnitOfMeasure>ק"ג</UnitOfMeasure><QtyInPackage>לא ידוע</QtyInPackage><UnitOfMeasurePrice>89.0000</UnitOfMeasurePrice><AllowDiscount>1</AllowDiscount><ItemStatus>1</ItemStatus><ItemPrice>89.00</ItemPrice></item><item><PriceUpdateDate>2016-03-13 09:40:34</PriceUpdateDate><ItemCode>42247722</ItemCode><ItemType>1</ItemType><ItemName>מסטיק FIVE  בטעם אבט</ItemName><ManufacturerName>FIVE</ManufacturerName><ManufactureCountry>צרפת</ManufactureCountry><ManufacturerItemDescription>מסטיק פייב אסנשיאל אבטיח</ManufacturerItemDescription><SoldByWeight/><Quantity>19.00</Quantity><UnitOfMeasure>גרם     </UnitOfMeasure><QtyInPackage>לא ידוע</QtyInPackage><UnitOfMeasurePrice>0.2632</UnitOfMeasurePrice><AllowDiscount>1</AllowDiscount><ItemStatus>1</ItemStatus><ItemPrice>5.00</ItemPrice></item><item><PriceUpdateDate>2016-03-29 13:00:21</PriceUpdateDate><ItemCode>42247739</ItemCode><ItemType>1</ItemType><ItemName>מסטיק FIVE  בטעם ספי</ItemName><ManufacturerName>FIVE</ManufacturerName><ManufactureCountry>צרפת</ManufactureCountry><ManufacturerItemDescription>מסטיק פייב אסנשיאל מנטה</ManufacturerItemDescription><SoldByWeight/><Quantity>19.00</Quantity><UnitOfMeasure>גרם     </UnitOfMeasure><QtyInPackage>לא ידוע</QtyInPackage><UnitOfMeasurePrice>0.2632</UnitOfMeasurePrice><AllowDiscount>1</AllowDiscount><ItemStatus>1</ItemStatus><ItemPrice>5.00</ItemPrice></item><item><PriceUpdateDate>2016-03-29 13:00:21</PriceUpdateDate><ItemCode>42247746</ItemCode><ItemType>1</ItemType><ItemName>מסטיק FIVE  בטעם אגס</ItemName><ManufacturerName>FIVE</ManufacturerName><ManufactureCountry>צרפת</ManufactureCountry><ManufacturerItemDescription>מסטיק פייב אסנשיאל מנטה</ManufacturerItemDescription><SoldByWeight/><Quantity>19.00</Quantity><UnitOfMeasure>גרם     </UnitOfMeasure><QtyInPackage>לא ידוע</QtyInPackage><UnitOfMeasurePrice>0.2632</UnitOfMeasurePrice><AllowDiscount>1</AllowDiscount><ItemStatus>1</ItemStatus><ItemPrice>5.00</ItemPrice></item><item><PriceUpdateDate>2016-03-13 09:40:34</PriceUpdateDate><ItemCode>42247821</ItemCode><ItemType>1</ItemType><ItemName>מסטיק FIVE  בטעם מנט</ItemName><ManufacturerName>FIVE</ManufacturerName><ManufactureCountry>צרפת</ManufactureCountry><ManufacturerItemDescription>מסטיק פייב אסנשיאל מנטה</ManufacturerItemDescription><SoldByWeight/><Quantity>19.00</Quantity><UnitOfMeasure>גרם     </UnitOfMeasure><QtyInPackage>לא ידוע</QtyInPackage><UnitOfMeasurePrice>0.2632</UnitOfMeasurePrice><AllowDiscount>1</AllowDiscount><ItemStatus>1</ItemStatus><ItemPrice>5.00</ItemPrice></item><item><PriceUpdateDate>2016-02-08 08:27:18</PriceUpdateDate><ItemCode>42268253</ItemCode><ItemType>1</ItemType><ItemName>אורביט בליסטר אוכמני</ItemName><ManufacturerName>אורביט</ManufacturerName><ManufactureCountry>פולין</ManufactureCountry><ManufacturerItemDescription>מסטיק מנטוס     ת אדומ28</ManufacturerItemDescription><SoldByWeight/><Quantity>14.00</Quantity><UnitOfMeasure>גרם     </UnitOfMeasure><QtyInPackage>לא ידוע</QtyInPackage><UnitOfMeasurePrice>0.2786</UnitOfMeasurePrice><AllowDiscount>1</AllowDiscount><ItemStatus>1</ItemStatus><ItemPrice>3.90</ItemPrice></item><item><PriceUpdateDate>2016-03-29 13:00:21</PriceUpdateDate><ItemCode>42268413</ItemCode><ItemType>1</ItemType><ItemName>מסטיק FIVE  בטעם פיר</ItemName><ManufacturerName>FIVE</ManufacturerName><ManufactureCountry>צרפת</ManufactureCountry><ManufacturerItemDescription>מסטיק פייב אסנשיאל מנטה</ManufacturerItemDescription><SoldByWeight/><Quantity>19.00</Quantity><UnitOfMeasure>גרם     </UnitOfMeasure><QtyInPackage>לא ידוע</QtyInPackage><UnitOfMeasurePrice>0.2632</UnitOfMeasurePrice><AllowDiscount>1</AllowDiscount><ItemStatus>1</ItemStatus><ItemPrice>5.00</ItemPrice></item><item><PriceUpdateDate>2016-02-21 13:20:38</PriceUpdateDate><ItemCode>423722</ItemCode><ItemType>3</ItemType><ItemName>פילה מדומה בשר מס' 6</ItemName><ManufacturerName>.N.Y.C</ManufacturerName><ManufactureCountry>ישראל</ManufactureCountry><ManufacturerItemDescription>פילה מדומה בשר מס' 6</ManufacturerItemDescription><SoldByWeight/><Quantity>1.00</Quantity><UnitOfMeasure>ק"ג</UnitOfMeasure><QtyInPackage>לא ידוע</QtyInPackage><UnitOfMeasurePrice>49.9000</UnitOfMeasurePrice><AllowDiscount>1</AllowDiscount><ItemStatus>1</ItemStatus><ItemPrice>49.90</ItemPrice></item><item><PriceUpdateDate>2016-05-30 22:02:05</PriceUpdateDate><ItemCode>424163</ItemCode><ItemType>3</ItemType><ItemName>מב גאודה טבעית חריץ</ItemName><ManufacturerName>בית יצחק</ManufacturerName><ManufactureCountry>ישראל</ManufactureCountry><ManufacturerItemDescription>מב גאודה טבעית חריץ</ManufacturerItemDescription><SoldByWeight/><Quantity>1.00</Quantity><UnitOfMeasure>ק"ג</UnitOfMeasure><QtyInPackage>לא ידוע</QtyInPackage><UnitOfMeasurePrice>89.0000</UnitOfMeasurePrice><AllowDiscount>1</AllowDiscount><ItemStatus>1</ItemStatus><ItemPrice>89.00</ItemPrice></item><item><PriceUpdateDate>2016-05-30 22:02:06</PriceUpdateDate><ItemCode>424170</ItemCode><ItemType>3</ItemType><ItemName>מב גאודה עם כמון חרי</ItemName><ManufacturerName>בית יצחק</ManufacturerName><ManufactureCountry>ישראל</ManufactureCountry><ManufacturerItemDescription>מב גאודה עם כמון חרי</ManufacturerItemDescription><SoldByWeight/><Quantity>1.00</Quantity><UnitOfMeasure>ק"ג</UnitOfMeasure><QtyInPackage>לא ידוע</QtyInPackage><UnitOfMeasurePrice>89.0000</UnitOfMeasurePrice><AllowDiscount>1</AllowDiscount><ItemStatus>1</ItemStatus><ItemPrice>89.00</ItemPrice></item><item><PriceUpdateDate>2015-10-20 16:46:10</PriceUpdateDate><ItemCode>424187</ItemCode><ItemType>3</ItemType><ItemName>גאודה עז חריץ בית יצ</ItemName><ManufacturerName>בית יצחק</ManufacturerName><ManufactureCountry>ישראל</ManufactureCountry><ManufacturerItemDescription>גאודה עז חריץ בית יצ</ManufacturerItemDescription><SoldByWeight/><Quantity>1.00</Quantity><UnitOfMeasure>ק"ג</UnitOfMeasure><QtyInPackage>לא ידוע</QtyInPackage><UnitOfMeasurePrice>165.0000</UnitOfMeasurePrice><AllowDiscount>1</AllowDiscount><ItemStatus>1</ItemStatus><ItemPrice>165.00</ItemPrice></item><item><PriceUpdateDate>2016-04-11 06:58:42</PriceUpdateDate><ItemCode>424439</ItemCode><ItemType>3</ItemType><ItemName>כבד עוף קפוא</ItemName><ManufacturerName>עוף טנא</ManufacturerName><ManufactureCountry>ישראל</ManufactureCountry><ManufacturerItemDescription>כבד עוף קפוא</ManufacturerItemDescription><SoldByWeight/><Quantity>1.00</Quantity><UnitOfMeasure>ק"ג</UnitOfMeasure><QtyInPackage>לא ידוע</QtyInPackage><UnitOfMeasurePrice>12.9000</UnitOfMeasurePrice><AllowDiscount>1</AllowDiscount><ItemStatus>1</ItemStatus><ItemPrice>12.90</ItemPrice></item><item><PriceUpdateDate>2016-04-11 06:58:42</PriceUpdateDate><ItemCode>424460</ItemCode><ItemType>3</ItemType><ItemName>כנפיים עוף  קפוא</ItemName><ManufacturerName>לא ידוע</ManufacturerName><ManufactureCountry>ישראל</ManufactureCountry><ManufacturerItemDescription>כנפיים עוף לקג מגש קפוא</ManufacturerItemDescription><SoldByWeight/><Quantity>1.00</Quantity><UnitOfMeasure>ק"ג</UnitOfMeasure><QtyInPackage>לא ידוע</QtyInPackage><UnitOfMeasurePrice>7.9000</UnitOfMeasurePrice><AllowDiscount>1</AllowDiscount><ItemStatus>1</ItemStatus><ItemPrice>7.90</ItemPrice></item><item><PriceUpdateDate>2014-11-03 06:37:49</PriceUpdateDate><ItemCode>425429</ItemCode><ItemType>3</ItemType><ItemName>גרונות עוף טרי</ItemName><ManufacturerName>תנובה בשר</ManufacturerName><ManufactureCountry>ישראל</ManufactureCountry><ManufacturerItemDescription>גרונות עוף טרי</ManufacturerItemDescription><SoldByWeight/><Quantity>1.00</Quantity><UnitOfMeasure>ק"ג</UnitOfMeasure><QtyInPackage>לא ידוע</QtyInPackage><UnitOfMeasurePrice>6.1000</UnitOfMeasurePrice><AllowDiscount>1</AllowDiscount><ItemStatus>1</ItemStatus><ItemPrice>6.10</ItemPrice></item><item><PriceUpdateDate>2016-06-13 13:03:30</PriceUpdateDate><ItemCode>426259</ItemCode><ItemType>3</ItemType><ItemName>פילה סלמון תנובה</ItemName><ManufacturerName>דגי תנובה</ManufacturerName><ManufactureCountry>ישראל</ManufactureCountry><ManufacturerItemDescription>פילה סלמון בואקום</ManufacturerItemDescription><SoldByWeight/><Quantity>1.00</Quantity><UnitOfMeasure>ק"ג</UnitOfMeasure><QtyInPackage>לא ידוע</QtyInPackage><UnitOfMeasurePrice>74.9000</UnitOfMeasurePrice><AllowDiscount>1</AllowDiscount><ItemStatus>1</ItemStatus><ItemPrice>74.90</ItemPrice></item><item><PriceUpdateDate>2015-11-12 14:32:39</PriceUpdateDate><ItemCode>426419</ItemCode><ItemType>3</ItemType><ItemName>פסטרמה כפרית במשקל</ItemName><ManufacturerName>טירת צבי</ManufacturerName><ManufactureCountry>ישראל</ManufactureCountry><ManufacturerItemDescription>פסטרמה כפרית במשקל</ManufacturerItemDescription><SoldByWeight/><Quantity>1.00</Quantity><UnitOfMeasure>ק"ג</UnitOfMeasure><QtyInPackage>לא ידוע</QtyInPackage><UnitOfMeasurePrice>57.0000</UnitOfMeasurePrice><AllowDiscount>1</AllowDiscount><ItemStatus>1</ItemStatus><ItemPrice>57.00</ItemPrice></item><item><PriceUpdateDate>2015-11-12 14:32:39</PriceUpdateDate><ItemCode>431772</ItemCode><ItemType>3</ItemType><ItemName>פסטרמה פרגיות לבאגט</ItemName><ManufacturerName>טירת צבי</ManufacturerName><ManufactureCountry>ישראל</ManufactureCountry><ManufacturerItemDescription>פסטרמה פרגיות לבאגט</ManufacturerItemDescription><SoldByWeight/><Quantity>1.00</Quantity><UnitOfMeasure>ק"ג</UnitOfMeasure><QtyInPackage>לא ידוע</QtyInPackage><UnitOfMeasurePrice>88.7000</UnitOfMeasurePrice><AllowDiscount>1</AllowDiscount><ItemStatus>1</ItemStatus><ItemPrice>88.70</ItemPrice></item><item><PriceUpdateDate>2016-02-02 06:49:56</PriceUpdateDate><ItemCode>431970</ItemCode><ItemType>3</ItemType><ItemName>קיט בקר צוואר צלעות</ItemName><ManufacturerName>אדום אדום</ManufacturerName><ManufactureCountry>ישראל</ManufactureCountry><ManufacturerItemDescription>קיט צוואר צלעות טרי לקג</ManufacturerItemDescription><SoldByWeight/><Quantity>1.00</Quantity><UnitOfMeasure>ק"ג</UnitOfMeasure><QtyInPackage>לא ידוע</QtyInPackage><UnitOfMeasurePrice>69.9000</UnitOfMeasurePrice><AllowDiscount>1</AllowDiscount><ItemStatus>1</ItemStatus><ItemPrice>69.90</ItemPrice></item><item><PriceUpdateDate>2015-02-16 07:53:20</PriceUpdateDate><ItemCode>432007</ItemCode><ItemType>3</ItemType><ItemName>כתף בקר עגל טרי לקדי</ItemName><ManufacturerName>אדום אדום</ManufacturerName><ManufactureCountry>ישראל</ManufactureCountry><ManufacturerItemDescription>כתף לקדירה עגל טרי לקג</ManufacturerItemDescription><SoldByWeight/><Quantity>1.00</Quantity><UnitOfMeasure>ק"ג</UnitOfMeasure><QtyInPackage>לא ידוע</QtyInPackage><UnitOfMeasurePrice>69.9000</UnitOfMeasurePrice><AllowDiscount>1</AllowDiscount><ItemStatus>1</ItemStatus><ItemPrice>69.90</ItemPrice></item><item><PriceUpdateDate>2015-02-27 09:45:51</PriceUpdateDate><ItemCode>432014</ItemCode><ItemType>3</ItemType><ItemName>צלי כתף בקר עגל טרי</ItemName><ManufacturerName>אדום אדום</ManufacturerName><ManufactureCountry>ישראל</ManufactureCountry><ManufacturerItemDescription>צלי כתף טרי</ManufacturerItemDescription><SoldByWeight/><Quantity>1.00</Quantity><UnitOfMeasure>ק"ג</UnitOfMeasure><QtyInPackage>לא ידוע</QtyInPackage><UnitOfMeasurePrice>99.0000</UnitOfMeasurePrice><AllowDiscount>1</AllowDiscount><ItemStatus>1</ItemStatus><ItemPrice>99.00</ItemPrice></item><item><PriceUpdateDate>2014-11-13 07:46:06</PriceUpdateDate><ItemCode>432045</ItemCode><ItemType>3</ItemType><ItemName>אסדו בקר טרי אדום אד</ItemName><ManufacturerName>אדום אדום</ManufacturerName><ManufactureCountry>ישראל</ManufactureCountry><ManufacturerItemDescription>אסדו טרי</ManufacturerItemDescription><SoldByWeight/><Quantity>1.00</Quantity><UnitOfMeasure>ק"ג</UnitOfMeasure><QtyInPackage>לא ידוע</QtyInPackage><UnitOfMeasurePrice>64.9000</UnitOfMeasurePrice><AllowDiscount>1</AllowDiscount><ItemStatus>1</ItemStatus><ItemPrice>64.90</ItemPrice></item><item><PriceUpdateDate>2015-06-10 06:41:29</PriceUpdateDate><ItemCode>432069</ItemCode><ItemType>3</ItemType><ItemName>ויסבראטן בקר עגל טרי</ItemName><ManufacturerName>אדום אדום</ManufacturerName><ManufactureCountry>ישראל</ManufactureCountry><ManufacturerItemDescription>ויסבראטן עגל טרי לקג</ManufacturerItemDescription><SoldByWeight/><Quantity>1.00</Quantity><UnitOfMeasure>ק"ג</UnitOfMeasure><QtyInPackage>לא ידוע</QtyInPackage><UnitOfMeasurePrice>109.0000</UnitOfMeasurePrice><AllowDiscount>1</AllowDiscount><ItemStatus>1</ItemStatus><ItemPrice>109.00</ItemPrice></item><item><PriceUpdateDate>2015-04-12 17:01:05</PriceUpdateDate><ItemCode>432229</ItemCode><ItemType>3</ItemType><ItemName>כף בקר עגל טרי אדום</ItemName><ManufacturerName>אדום אדום</ManufacturerName><ManufactureCountry>ישראל</ManufactureCountry><ManufacturerItemDescription>כף עגל טרי לקג</ManufacturerItemDescription><SoldByWeight/><Quantity>1.00</Quantity><UnitOfMeasure>ק"ג</UnitOfMeasure><QtyInPackage>לא ידוע</QtyInPackage><UnitOfMeasurePrice>104.0000</UnitOfMeasurePrice><AllowDiscount>1</AllowDiscount><ItemStatus>1</ItemStatus><ItemPrice>104.00</ItemPrice></item><item><PriceUpdateDate>2015-02-27 09:45:51</PriceUpdateDate><ItemCode>432892</ItemCode><ItemType>3</ItemType><ItemName>צלי  כתף טרי  חלק אד</ItemName><ManufacturerName>אדום אדום</ManufacturerName><ManufactureCountry>ישראל</ManufactureCountry><ManufacturerItemDescription>צלי  כתף טרי  חלק אד</ManufacturerItemDescription><SoldByWeight/><Quantity>1.00</Quantity><UnitOfMeasure>ק"ג</UnitOfMeasure><QtyInPackage>לא ידוע</QtyInPackage><UnitOfMeasurePrice>99.0000</UnitOfMeasurePrice><AllowDiscount>1</AllowDiscount><ItemStatus>1</ItemStatus><ItemPrice>99.00</ItemPrice></item><item><PriceUpdateDate>2015-03-26 09:34:14</PriceUpdateDate><ItemCode>435565</ItemCode><ItemType>3</ItemType><ItemName>פסטרמה ספרדית</ItemName><ManufacturerName>טירת צבי</ManufacturerName><ManufactureCountry>ישראל</ManufactureCountry><ManufacturerItemDescription>פסטרמה ספרדית</ManufacturerItemDescription><SoldByWeight/><Quantity>1.00</Quantity><UnitOfMeasure>ק"ג</UnitOfMeasure><QtyInPackage>לא ידוע</QtyInPackage><UnitOfMeasurePrice>79.9000</UnitOfMeasurePrice><AllowDiscount>1</AllowDiscount><ItemStatus>1</ItemStatus><ItemPrice>79.90</ItemPrice></item><item><PriceUpdateDate>2016-06-06 11:45:50</PriceUpdateDate><ItemCode>438122</ItemCode><ItemType>3</ItemType><ItemName>פילה סלמון  סטרלינג</ItemName><ManufacturerName>דלידג</ManufacturerName><ManufactureCountry>ישראל</ManufactureCountry><ManufacturerItemDescription>פילה סלמון סטרלינג לקג</ManufacturerItemDescription><SoldByWeight/><Quantity>1.00</Quantity><UnitOfMeasure>ק"ג</UnitOfMeasure><QtyInPackage>לא ידוע</QtyInPackage><UnitOfMeasurePrice>74.9000</UnitOfMeasurePrice><AllowDiscount>1</AllowDiscount><ItemStatus>1</ItemStatus><ItemPrice>74.90</ItemPrice></item><item><PriceUpdateDate>2015-10-11 10:35:11</PriceUpdateDate><ItemCode>440200</ItemCode><ItemType>3</ItemType><ItemName>גבינה עמק לייט חריץ</ItemName><ManufacturerName>עמק</ManufacturerName><ManufactureCountry>ישראל</ManufactureCountry><ManufacturerItemDescription>גבינה עמק לייט חריץ</ManufacturerItemDescription><SoldByWeight/><Quantity>1.00</Quantity><UnitOfMeasure>ק"ג</UnitOfMeasure><QtyInPackage>לא ידוע</QtyInPackage><UnitOfMeasurePrice>72.4000</UnitOfMeasurePrice><AllowDiscount>1</AllowDiscount><ItemStatus>1</ItemStatus><ItemPrice>72.40</ItemPrice></item><item><PriceUpdateDate>2015-10-20 16:46:10</PriceUpdateDate><ItemCode>440491</ItemCode><ItemType>3</ItemType><ItemName>צפתית פיראוס 5% במשק</ItemName><ManufacturerName>פיראוס</ManufacturerName><ManufactureCountry>ישראל</ManufactureCountry><ManufacturerItemDescription>צפתית פיראוס 5% במשק</ManufacturerItemDescription><SoldByWeight/><Quantity>1.00</Quantity><UnitOfMeasure>ק"ג</UnitOfMeasure><QtyInPackage>לא ידוע</QtyInPackage><UnitOfMeasurePrice>62.0000</UnitOfMeasurePrice><AllowDiscount>1</AllowDiscount><ItemStatus>1</ItemStatus><ItemPrice>62.00</ItemPrice></item><item><PriceUpdateDate>2014-11-03 06:37:49</PriceUpdateDate><ItemCode>449203</ItemCode><ItemType>3</ItemType><ItemName>עוף טחון טרי במשקל</ItemName><ManufacturerName>לא ממותג</ManufacturerName><ManufactureCountry>ישראל</ManufactureCountry><ManufacturerItemDescription>עוף טחון טרי במשקל</ManufacturerItemDescription><SoldByWeight/><Quantity>1.00</Quantity><UnitOfMeasure>ק"ג</UnitOfMeasure><QtyInPackage>לא ידוע</QtyInPackage><UnitOfMeasurePrice>32.9000</UnitOfMeasurePrice><AllowDiscount>1</AllowDiscount><ItemStatus>1</ItemStatus><ItemPrice>32.90</ItemPrice></item><item><PriceUpdateDate>2016-05-30 22:02:15</PriceUpdateDate><ItemCode>449401</ItemCode><ItemType>3</ItemType><ItemName>מב בורקס גבינה במשקל</ItemName><ManufacturerName>פילסברי</ManufacturerName><ManufactureCountry>ישראל</ManufactureCountry><ManufacturerItemDescription>בורקס גבינה 1 קג לאפיה</ManufacturerItemDescription><SoldByWeight/><Quantity>1.00</Quantity><UnitOfMeasure>ק"ג</UnitOfMeasure><QtyInPackage>לא ידוע</QtyInPackage><UnitOfMeasurePrice>22.9000</UnitOfMeasurePrice><AllowDiscount>1</AllowDiscount><ItemStatus>1</ItemStatus><ItemPrice>22.90</ItemPrice></item><item><PriceUpdateDate>2016-06-03 06:55:25</PriceUpdateDate><ItemCode>449425</ItemCode><ItemType>3</ItemType><ItemName>מב בורקיטס מאפית</ItemName><ManufacturerName>פילסברי</ManufacturerName><ManufactureCountry>ישראל</ManufactureCountry><ManufacturerItemDescription>מב בורקיטס מאפית</ManufacturerItemDescription><SoldByWeight/><Quantity>1.00</Quantity><UnitOfMeasure>ק"ג</UnitOfMeasure><QtyInPackage>לא ידוע</QtyInPackage><UnitOfMeasurePrice>22.9000</UnitOfMeasurePrice><AllowDiscount>1</AllowDiscount><ItemStatus>1</ItemStatus><ItemPrice>22.90</ItemPrice></item><item><PriceUpdateDate>2016-05-01 21:46:07</PriceUpdateDate><ItemCode>449432</ItemCode><ItemType>3</ItemType><ItemName>קוראסון ביס שוקולד</ItemName><ManufacturerName>פילסברי</ManufacturerName><ManufactureCountry>ישראל</ManufactureCountry><ManufacturerItemDescription>קוראסון ביס שוקולד</ManufacturerItemDescription><SoldByWeight/><Quantity>1.00</Quantity><UnitOfMeasure>ק"ג</UnitOfMeasure><QtyInPackage>לא ידוע</QtyInPackage><UnitOfMeasurePrice>35.0000</UnitOfMeasurePrice><AllowDiscount>1</AllowDiscount><ItemStatus>1</ItemStatus><ItemPrice>35.00</ItemPrice></item><item><PriceUpdateDate>2016-05-30 22:02:15</PriceUpdateDate><ItemCode>449449</ItemCode><ItemType>3</ItemType><ItemName>מב גביניות</ItemName><ManufacturerName>פילסברי</ManufacturerName><ManufactureCountry>ישראל</ManufactureCountry><ManufacturerItemDescription>גבניות 1 קג לאפיה</ManufacturerItemDescription><SoldByWeight/><Quantity>1.00</Quantity><UnitOfMeasure>ק"ג</UnitOfMeasure><QtyInPackage>לא ידוע</QtyInPackage><UnitOfMeasurePrice>22.9000</UnitOfMeasurePrice><AllowDiscount>1</AllowDiscount><ItemStatus>1</ItemStatus><ItemPrice>22.90</ItemPrice></item><item><PriceUpdateDate>2016-03-01 06:42:24</PriceUpdateDate><ItemCode>449470</ItemCode><ItemType>3</ItemType><ItemName>רוגלך מאפית</ItemName><ManufacturerName>פילסברי</ManufacturerName><ManufactureCountry>ישראל</ManufactureCountry><ManufacturerItemDescription>רוגלך בטעם שוקולד 1 קג</ManufacturerItemDescription><SoldByWeight/><Quantity>1.00</Quantity><UnitOfMeasure>ק"ג</UnitOfMeasure><QtyInPackage>לא ידוע</QtyInPackage><UnitOfMeasurePrice>37.0000</UnitOfMeasurePrice><AllowDiscount>1</AllowDiscount><ItemStatus>1</ItemStatus><ItemPrice>37.00</ItemPrice></item><item><PriceUpdateDate>2015-11-10 09:55:12</PriceUpdateDate><ItemCode>449494</ItemCode><ItemType>3</ItemType><ItemName>מאפה פלמה 1 ק''ג קרם</ItemName><ManufacturerName>פילסברי</ManufacturerName><ManufactureCountry>ישראל</ManufactureCountry><ManufacturerItemDescription>מאפה פלמה קרם שניט 1 קג</ManufacturerItemDescription><SoldByWeight/><Quantity>1.00</Quantity><UnitOfMeasure>ק"ג</UnitOfMeasure><QtyInPackage>לא ידוע</QtyInPackage><UnitOfMeasurePrice>40.8000</UnitOfMeasurePrice><AllowDiscount>1</AllowDiscount><ItemStatus>1</ItemStatus><ItemPrice>40.80</ItemPrice></item><item><PriceUpdateDate>2014-11-03 06:37:52</PriceUpdateDate><ItemCode>449500</ItemCode><ItemType>3</ItemType><ItemName>מאפה פלמה 1 ק''ג גבי</ItemName><ManufacturerName>פילסברי</ManufacturerName><ManufactureCountry>ישראל</ManufactureCountry><ManufacturerItemDescription>מאפה פלמה 1 ק''ג גבי</ManufacturerItemDescription><SoldByWeight/><Quantity>1.00</Quantity><UnitOfMeasure>ק"ג</UnitOfMeasure><QtyInPackage>לא ידוע</QtyInPackage><UnitOfMeasurePrice>40.0000</UnitOfMeasurePrice><AllowDiscount>1</AllowDiscount><ItemStatus>1</ItemStatus><ItemPrice>40.00</ItemPrice></item><item><PriceUpdateDate>2015-11-10 09:55:12</PriceUpdateDate><ItemCode>449524</ItemCode><ItemType>3</ItemType><ItemName>ריבועי פיצה חצי אפוי</ItemName><ManufacturerName>פילסברי</ManufacturerName><ManufactureCountry>ישראל</ManufactureCountry><ManufacturerItemDescription>ריבועי פיצה חצי אפוי</ManufacturerItemDescription><SoldByWeight/><Quantity>1.00</Quantity><UnitOfMeasure>ק"ג</UnitOfMeasure><QtyInPackage>לא ידוע</QtyInPackage><UnitOfMeasurePrice>47.9000</UnitOfMeasurePrice><AllowDiscount>1</AllowDiscount><ItemStatus>1</ItemStatus><ItemPrice>47.90</ItemPrice></item><item><PriceUpdateDate>2015-10-20 09:04:43</PriceUpdateDate><ItemCode>449579</ItemCode><ItemType>3</ItemType><ItemName>פילס פיצה</ItemName><ManufacturerName>פילסברי</ManufacturerName><ManufactureCountry>ישראל</ManufactureCountry><ManufacturerItemDescription>בורקס פילס פיצה 1 קג לאפי</ManufacturerItemDescription><SoldByWeight/><Quantity>1.00</Quantity><UnitOfMeasure>ק"ג</UnitOfMeasure><QtyInPackage>לא ידוע</QtyInPackage><UnitOfMeasurePrice>40.8000</UnitOfMeasurePrice><AllowDiscount>1</AllowDiscount><ItemStatus>1</ItemStatus><ItemPrice>40.80</ItemPrice></item><item><PriceUpdateDate>2014-11-03 06:37:53</PriceUpdateDate><ItemCode>449906</ItemCode><ItemType>3</ItemType><ItemName>שנק קינמון פילסברי</ItemName><ManufacturerName>פילסברי</ManufacturerName><ManufactureCountry>ישראל</ManufactureCountry><ManufacturerItemDescription>שנק קינמון פילסברי</ManufacturerItemDescription><SoldByWeight/><Quantity>1.00</Quantity><UnitOfMeasure>ק"ג</UnitOfMeasure><QtyInPackage>לא ידוע</QtyInPackage><UnitOfMeasurePrice>35.0000</UnitOfMeasurePrice><AllowDiscount>1</AllowDiscount><ItemStatus>1</ItemStatus><ItemPrice>35.00</ItemPrice></item><item><PriceUpdateDate>2014-11-03 06:37:53</PriceUpdateDate><ItemCode>449982</ItemCode><ItemType>3</ItemType><ItemName>מאפה פלמה תפו"ע</ItemName><ManufacturerName>פילסברי</ManufacturerName><ManufactureCountry>ישראל</ManufactureCountry><ManufacturerItemDescription>מאפה פלמה תפו"ע</ManufacturerItemDescription><SoldByWeight/><Quantity>1.00</Quantity><UnitOfMeasure>ק"ג</UnitOfMeasure><QtyInPackage>לא ידוע</QtyInPackage><UnitOfMeasurePrice>35.0000</UnitOfMeasurePrice><AllowDiscount>1</AllowDiscount><ItemStatus>1</ItemStatus><ItemPrice>35.00</ItemPrice></item><item><PriceUpdateDate>2016-05-30 22:02:16</PriceUpdateDate><ItemCode>451930</ItemCode><ItemType>3</ItemType><ItemName>מקרל שלם ואקום דלידג</ItemName><ManufacturerName>דלידג</ManufacturerName><ManufactureCountry>ישראל</ManufactureCountry><ManufacturerItemDescription>מקרל שלם ואקום דלידג</ManufacturerItemDescription><SoldByWeight/><Quantity>1.00</Quantity><UnitOfMeasure>ק"ג</UnitOfMeasure><QtyInPackage>לא ידוע</QtyInPackage><UnitOfMeasurePrice>99.0000</UnitOfMeasurePrice><AllowDiscount>1</AllowDiscount><ItemStatus>1</ItemStatus><ItemPrice>99.00</ItemPrice></item><item><PriceUpdateDate>2014-11-03 06:37:53</PriceUpdateDate><ItemCode>454306</ItemCode><ItemType>3</ItemType><ItemName>בורקס קוקטייל ביס 1</ItemName><ManufacturerName>פילסברי</ManufacturerName><ManufactureCountry>ישראל</ManufactureCountry><ManufacturerItemDescription>בורקס קוקטייל ביס 1</ManufacturerItemDescription><SoldByWeight/><Quantity>1.00</Quantity><UnitOfMeasure>ק"ג</UnitOfMeasure><QtyInPackage>לא ידוע</QtyInPackage><UnitOfMeasurePrice>50.0000</UnitOfMeasurePrice><AllowDiscount>1</AllowDiscount><ItemStatus>1</ItemStatus><ItemPrice>50.00</ItemPrice></item><item><PriceUpdateDate>2016-05-30 22:02:18</PriceUpdateDate><ItemCode>454351</ItemCode><ItemType>3</ItemType><ItemName>מב בורקס פילס 1 ק''ג</ItemName><ManufacturerName>פילסברי</ManufacturerName><ManufactureCountry>ישראל</ManufactureCountry><ManufacturerItemDescription>בורקס פילס פטריות 1 קג לא</ManufacturerItemDescription><SoldByWeight/><Quantity>1.00</Quantity><UnitOfMeasure>ק"ג</UnitOfMeasure><QtyInPackage>לא ידוע</QtyInPackage><UnitOfMeasurePrice>24.9000</UnitOfMeasurePrice><AllowDiscount>1</AllowDiscount><ItemStatus>1</ItemStatus><ItemPrice>24.90</ItemPrice></item><item><PriceUpdateDate>2015-05-31 10:04:27</PriceUpdateDate><ItemCode>454368</ItemCode><ItemType>3</ItemType><ItemName>עוגת פלטה שוקולד</ItemName><ManufacturerName>פילסברי</ManufacturerName><ManufactureCountry>ישראל</ManufactureCountry><ManufacturerItemDescription>עוגת פלטה שוקולד</ManufacturerItemDescription><SoldByWeight/><Quantity>1.00</Quantity><UnitOfMeasure>ק"ג</UnitOfMeasure><QtyInPackage>לא ידוע</QtyInPackage><UnitOfMeasurePrice>53.0000</UnitOfMeasurePrice><AllowDiscount>1</AllowDiscount><ItemStatus>1</ItemStatus><ItemPrice>53.00</ItemPrice></item><item><PriceUpdateDate>2015-10-20 09:04:43</PriceUpdateDate><ItemCode>454450</ItemCode><ItemType>3</ItemType><ItemName>עוגיות נילס קוקיס 1</ItemName><ManufacturerName>פילסברי</ManufacturerName><ManufactureCountry>ישראל</ManufactureCountry><ManufacturerItemDescription>עוגיות נילס קוקיס 1</ManufacturerItemDescription><SoldByWeight/><Quantity>1.00</Quantity><UnitOfMeasure>ק"ג</UnitOfMeasure><QtyInPackage>לא ידוע</QtyInPackage><UnitOfMeasurePrice>54.0000</UnitOfMeasurePrice><AllowDiscount>1</AllowDiscount><ItemStatus>1</ItemStatus><ItemPrice>54.00</ItemPrice></item><item><PriceUpdateDate>2015-11-10 09:55:13</PriceUpdateDate><ItemCode>454467</ItemCode><ItemType>3</ItemType><ItemName>עוגת פלטה גבינה אפוי</ItemName><ManufacturerName>פילסברי</ManufacturerName><ManufactureCountry>ישראל</ManufactureCountry><ManufacturerItemDescription>עוגת פלטה גבינה אפוי</ManufacturerItemDescription><SoldByWeight/><Quantity>1.00</Quantity><UnitOfMeasure>ק"ג</UnitOfMeasure><QtyInPackage>לא ידוע</QtyInPackage><UnitOfMeasurePrice>58.1000</UnitOfMeasurePrice><AllowDiscount>1</AllowDiscount><ItemStatus>1</ItemStatus><ItemPrice>58.10</ItemPrice></item><item><PriceUpdateDate>2016-05-03 11:47:51</PriceUpdateDate><ItemCode>46024817</ItemCode><ItemType>1</ItemType><ItemName>ס.נקסט אף אף בודד</ItemName><ManufacturerName>נקסט-סיגריות</ManufacturerName><ManufactureCountry>ארצות הברית</ManufactureCountry><ManufacturerItemDescription>סיגריות נקסט  FF בודד</ManufacturerItemDescription><SoldByWeight/><Quantity>0.00</Quantity><UnitOfMeasure>יח'</UnitOfMeasure><QtyInPackage>לא ידוע</QtyInPackage><UnitOfMeasurePrice>0.0000</UnitOfMeasurePrice><AllowDiscount>1</AllowDiscount><ItemStatus>1</ItemStatus><ItemPrice>29.00</ItemPrice></item><item><PriceUpdateDate>2016-05-03 11:47:51</PriceUpdateDate><ItemCode>46024824</ItemCode><ItemType>1</ItemType><ItemName>ס.נקסט בודד</ItemName><ManufacturerName>נקסט-סיגריות</ManufacturerName><ManufactureCountry>ארצות הברית</ManufactureCountry><ManufacturerItemDescription>סיגריות נקסט בודד</ManufacturerItemDescription><SoldByWeight/><Quantity>0.00</Quantity><UnitOfMeasure>יח'</UnitOfMeasure><QtyInPackage>לא ידוע</QtyInPackage><UnitOfMeasurePrice>0.0000</UnitOfMeasurePrice><AllowDiscount>1</AllowDiscount><ItemStatus>1</ItemStatus><ItemPrice>29.00</ItemPrice></item><item><PriceUpdateDate>2016-05-03 11:47:51</PriceUpdateDate><ItemCode>46026491</ItemCode><ItemType>1</ItemType><ItemName>ס.פרלמנט סופר בודד</ItemName><ManufacturerName>פארלמנט</ManufacturerName><ManufactureCountry>ארצות הברית</ManufactureCountry><ManufacturerItemDescription>סיגריות פרלמנט סופר סלימס</ManufacturerItemDescription><SoldByWeight/><Quantity>0.00</Quantity><UnitOfMeasure>יח'</UnitOfMeasure><QtyInPackage>לא ידוע</QtyInPackage><UnitOfMeasurePrice>0.0000</UnitOfMeasurePrice><AllowDiscount>1</AllowDiscount><ItemStatus>1</ItemStatus><ItemPrice>38.00</ItemPrice></item><item><PriceUpdateDate>2016-05-30 22:03:03</PriceUpdateDate><ItemCode>4607012670038</ItemCode><ItemType>1</ItemType><ItemName>שמן חמניות מזוכך 1 ל</ItemName><ManufacturerName>לא ממותג</ManufacturerName><ManufactureCountry>ישראל</ManufactureCountry><ManufacturerItemDescription>שמן חמניות מזוכך 1 ל</ManufacturerItemDescription><SoldByWeight/><Quantity>1000.00</Quantity><UnitOfMeasure>גרם     </UnitOfMeasure><QtyInPackage>לא ידוע</QtyInPackage><UnitOfMeasurePrice>0.0153</UnitOfMeasurePrice><AllowDiscount>1</AllowDiscount><ItemStatus>1</ItemStatus><ItemPrice>15.30</ItemPrice></item><item><PriceUpdateDate>2015-11-12 14:59:02</PriceUpdateDate><ItemCode>4607026530212</ItemCode><ItemType>1</ItemType><ItemName>כוסמת 900 גרם</ItemName><ManufacturerName>לא ממותג</ManufacturerName><ManufactureCountry>ישראל</ManufactureCountry><ManufacturerItemDescription>כוסמת 900 גרם</ManufacturerItemDescription><SoldByWeight/><Quantity>900.00</Quantity><UnitOfMeasure>גרם     </UnitOfMeasure><QtyInPackage>לא ידוע</QtyInPackage><UnitOfMeasurePrice>0.0204</UnitOfMeasurePrice><AllowDiscount>1</AllowDiscount><ItemStatus>1</ItemStatus><ItemPrice>18.40</ItemPrice></item><item><PriceUpdateDate>2016-05-02 08:05:37</PriceUpdateDate><ItemCode>46214731552</ItemCode><ItemType>1</ItemType><ItemName>עוגיות מרבה שוקוצ'יפ</ItemName><ManufacturerName>מרבה</ManufacturerName><ManufactureCountry>הולנד</ManufactureCountry><ManufacturerItemDescription>עוגיות ש.צ'יפס  יפס225גר</ManufacturerItemDescription><SoldByWeight/><Quantity>225.00</Quantity><UnitOfMeasure>גרם     </UnitOfMeasure><QtyInPackage>לא ידוע</QtyInPackage><UnitOfMeasurePrice>0.0396</UnitOfMeasurePrice><AllowDiscount>0</AllowDiscount><ItemStatus>1</ItemStatus><ItemPrice>8.90</ItemPrice></item><item><PriceUpdateDate>2016-05-30 22:03:04</PriceUpdateDate><ItemCode>4710964104916</ItemCode><ItemType>1</ItemType><ItemName>מב שמן שומשום טהור37</ItemName><ManufacturerName>לא ממותג</ManufacturerName><ManufactureCountry>ישראל</ManufactureCountry><ManufacturerItemDescription>מב שמן שומשום טהור37</ManufacturerItemDescription><SoldByWeight/><Quantity>700.00</Quantity><UnitOfMeasure>מ"ל</UnitOfMeasure><QtyInPackage>לא ידוע</QtyInPackage><UnitOfMeasurePrice>0.0329</UnitOfMeasurePrice><AllowDiscount>1</AllowDiscount><ItemStatus>1</ItemStatus><ItemPrice>23.00</ItemPrice></item><item><PriceUpdateDate>2016-03-01 06:42:50</PriceUpdateDate><ItemCode>4751001584780</ItemCode><ItemType>1</ItemType><ItemName>דג ריגה כבד דגים 230</ItemName><ManufacturerName>רוסמן</ManufacturerName><ManufactureCountry>ישראל</ManufactureCountry><ManufacturerItemDescription>דג ריגה כבד דגים 230</ManufacturerItemDescription><SoldByWeight/><Quantity>230.00</Quantity><UnitOfMeasure>גרם     </UnitOfMeasure><QtyInPackage>לא ידוע</QtyInPackage><UnitOfMeasurePrice>0.0665</UnitOfMeasurePrice><AllowDiscount>1</AllowDiscount><ItemStatus>1</ItemStatus><ItemPrice>15.30</ItemPrice></item><item><PriceUpdateDate>2016-06-01 06:32:58</PriceUpdateDate><ItemCode>4751001585336</ItemCode><ItemType>1</ItemType><ItemName>מב שפרוטים בשמן צמחי</ItemName><ManufacturerName>רוסמן</ManufacturerName><ManufactureCountry>ישראל</ManufactureCountry><ManufacturerItemDescription>מב שפרוטים בשמן צמחי</ManufacturerItemDescription><SoldByWeight/><Quantity>250.00</Quantity><UnitOfMeasure>גרם     </UnitOfMeasure><QtyInPackage>לא ידוע</QtyInPackage><UnitOfMeasurePrice>0.0476</UnitOfMeasurePrice><AllowDiscount>1</AllowDiscount><ItemStatus>1</ItemStatus><ItemPrice>11.90</ItemPrice></item><item><PriceUpdateDate>2015-02-27 09:45:51</PriceUpdateDate><ItemCode>476216</ItemCode><ItemType>3</ItemType><ItemName>פילה  מדומה מעגל בקר</ItemName><ManufacturerName>אדום אדום</ManufacturerName><ManufactureCountry>ישראל</ManufactureCountry><ManufacturerItemDescription>פילה מדומה טרי</ManufacturerItemDescription><SoldByWeight/><Quantity>1.00</Quantity><UnitOfMeasure>ק"ג</UnitOfMeasure><QtyInPackage>לא ידוע</QtyInPackage><UnitOfMeasurePrice>95.0000</UnitOfMeasurePrice><AllowDiscount>1</AllowDiscount><ItemStatus>1</ItemStatus><ItemPrice>95.00</ItemPrice></item><item><PriceUpdateDate>2016-02-04 08:54:49</PriceUpdateDate><ItemCode>476223</ItemCode><ItemType>3</ItemType><ItemName>צ'אך בקר עגל טרי אדו</ItemName><ManufacturerName>אדום אדום</ManufacturerName><ManufactureCountry>ישראל</ManufactureCountry><ManufacturerItemDescription>צאך עגל טרי לקג</ManufacturerItemDescription><SoldByWeight/><Quantity>1.00</Quantity><UnitOfMeasure>ק"ג</UnitOfMeasure><QtyInPackage>לא ידוע</QtyInPackage><UnitOfMeasurePrice>89.0000</UnitOfMeasurePrice><AllowDiscount>1</AllowDiscount><ItemStatus>1</ItemStatus><ItemPrice>89.00</ItemPrice></item><item><PriceUpdateDate>2016-03-21 09:57:01</PriceUpdateDate><ItemCode>476230</ItemCode><ItemType>3</ItemType><ItemName>אנטריקוט בקר עגל טרי</ItemName><ManufacturerName>אדום אדום</ManufacturerName><ManufactureCountry>ישראל</ManufactureCountry><ManufacturerItemDescription>אנטריקוט טרי</ManufacturerItemDescription><SoldByWeight/><Quantity>1.00</Quantity><UnitOfMeasure>ק"ג</UnitOfMeasure><QtyInPackage>לא ידוע</QtyInPackage><UnitOfMeasurePrice>149.9000</UnitOfMeasurePrice><AllowDiscount>1</AllowDiscount><ItemStatus>1</ItemStatus><ItemPrice>149.90</ItemPrice></item><item><PriceUpdateDate>2015-04-12 17:01:06</PriceUpdateDate><ItemCode>476254</ItemCode><ItemType>3</ItemType><ItemName>שייטל בקר עגל טרי אד</ItemName><ManufacturerName>אדום אדום</ManufacturerName><ManufactureCountry>ישראל</ManufactureCountry><ManufacturerItemDescription>שייטל עגל טרי לקג</ManufacturerItemDescription><SoldByWeight/><Quantity>1.00</Quantity><UnitOfMeasure>ק"ג</UnitOfMeasure><QtyInPackage>לא ידוע</QtyInPackage><UnitOfMeasurePrice>109.0000</UnitOfMeasurePrice><AllowDiscount>1</AllowDiscount><ItemStatus>1</ItemStatus><ItemPrice>109.00</ItemPrice></item><item><PriceUpdateDate>2016-05-30 22:02:24</PriceUpdateDate><ItemCode>476308</ItemCode><ItemType>3</ItemType><ItemName>קיט נתחים לקצב טרי ל</ItemName><ManufacturerName>אדום אדום</ManufacturerName><ManufactureCountry>ישראל</ManufactureCountry><ManufacturerItemDescription>בשר טחון טרי נתחים</ManufacturerItemDescription><SoldByWeight/><Quantity>1.00</Quantity><UnitOfMeasure>ק"ג</UnitOfMeasure><QtyInPackage>לא ידוע</QtyInPackage><UnitOfMeasurePrice>64.9000</UnitOfMeasurePrice><AllowDiscount>1</AllowDiscount><ItemStatus>1</ItemStatus><ItemPrice>64.90</ItemPrice></item><item><PriceUpdateDate>2015-11-27 09:07:31</PriceUpdateDate><ItemCode>4770595228702</ItemCode><ItemType>1</ItemType><ItemName>שיכר פירות מבעבע 750</ItemName><ManufacturerName>לא ממותג</ManufacturerName><ManufactureCountry>לא ידוע</ManufactureCountry><ManufacturerItemDescription>שיכר פירות מבעבע 750</ManufacturerItemDescription><SoldByWeight/><Quantity>750.00</Quantity><UnitOfMeasure>מ"ל</UnitOfMeasure><QtyInPackage>לא ידוע</QtyInPackage><UnitOfMeasurePrice>0.0292</UnitOfMeasurePrice><AllowDiscount>1</AllowDiscount><ItemStatus>1</ItemStatus><ItemPrice>21.90</ItemPrice></item><item><PriceUpdateDate>2015-05-31 10:04:31</PriceUpdateDate><ItemCode>478258</ItemCode><ItemType>3</ItemType><ItemName>עוגת פלטה תפוח עץ</ItemName><ManufacturerName>פילסברי</ManufacturerName><ManufactureCountry>ישראל</ManufactureCountry><ManufacturerItemDescription>עוגת פלטה תפוח עץ</ManufacturerItemDescription><SoldByWeight/><Quantity>1.00</Quantity><UnitOfMeasure>ק"ג</UnitOfMeasure><QtyInPackage>לא ידוע</QtyInPackage><UnitOfMeasurePrice>51.0000</UnitOfMeasurePrice><AllowDiscount>1</AllowDiscount><ItemStatus>1</ItemStatus><ItemPrice>51.00</ItemPrice></item><item><PriceUpdateDate>2016-05-30 22:03:04</PriceUpdateDate><ItemCode>4800888150080</ItemCode><ItemType>1</ItemType><ItemName>דאו' רול און דאב מלפ</ItemName><ManufacturerName>דאב</ManufacturerName><ManufactureCountry>ישראל</ManufactureCountry><ManufacturerItemDescription>דאודורנט דאב    ירוק 50</ManufacturerItemDescription><SoldByWeight/><Quantity>50.00</Quantity><UnitOfMeasure>מ"ל</UnitOfMeasure><QtyInPackage>לא ידוע</QtyInPackage><UnitOfMeasurePrice>0.5280</UnitOfMeasurePrice><AllowDiscount>1</AllowDiscount><ItemStatus>1</ItemStatus><ItemPrice>26.40</ItemPrice></item><item><PriceUpdateDate>2016-01-05 08:48:47</PriceUpdateDate><ItemCode>4800888175496</ItemCode><ItemType>1</ItemType><ItemName>דאו' רול און דאב מן</ItemName><ManufacturerName>דאב מן</ManufacturerName><ManufactureCountry>ישראל</ManufactureCountry><ManufacturerItemDescription>דאו' רול און דאב מן</ManufacturerItemDescription><SoldByWeight/><Quantity>50.00</Quantity><UnitOfMeasure>מ"ל</UnitOfMeasure><QtyInPackage>לא ידוע</QtyInPackage><UnitOfMeasurePrice>0.5220</UnitOfMeasurePrice><AllowDiscount>1</AllowDiscount><ItemStatus>1</ItemStatus><ItemPrice>26.10</ItemPrice></item><item><PriceUpdateDate>2016-05-30 22:03:05</PriceUpdateDate><ItemCode>4801234145132</ItemCode><ItemType>1</ItemType><ItemName>מב גלייד נטורל ספריי</ItemName><ManufacturerName>גלייד</ManufacturerName><ManufactureCountry>ישראל</ManufactureCountry><ManufacturerItemDescription>מב גלייד נטורל ספריי</ManufacturerItemDescription><SoldByWeight/><Quantity>400.00</Quantity><UnitOfMeasure>מ"ל</UnitOfMeasure><QtyInPackage>לא ידוע</QtyInPackage><UnitOfMeasurePrice>0.0373</UnitOfMeasurePrice><AllowDiscount>1</AllowDiscount><ItemStatus>1</ItemStatus><ItemPrice>14.90</ItemPrice></item><item><PriceUpdateDate>2015-12-01 08:41:22</PriceUpdateDate><ItemCode>4820000172042</ItemCode><ItemType>1</ItemType><ItemName>יין מבעבע אודסה מתוק</ItemName><ManufacturerName>לא ממותג</ManufacturerName><ManufactureCountry>לא ידוע</ManufactureCountry><ManufacturerItemDescription>יין מבעבע אודסה מתוק</ManufacturerItemDescription><SoldByWeight/><Quantity>750.00</Quantity><UnitOfMeasure>מ"ל</UnitOfMeasure><QtyInPackage>לא ידוע</QtyInPackage><UnitOfMeasurePrice>0.0519</UnitOfMeasurePrice><AllowDiscount>1</AllowDiscount><ItemStatus>1</ItemStatus><ItemPrice>38.90</ItemPrice></item><item><PriceUpdateDate>2016-05-30 22:03:05</PriceUpdateDate><ItemCode>4820006010409</ItemCode><ItemType>1</ItemType><ItemName>כוסמת בשקית רוסמן 80</ItemName><ManufacturerName>רוסמן</ManufacturerName><ManufactureCountry>ישראל</ManufactureCountry><ManufacturerItemDescription>כוסמת בשקית רוסמן 80</ManufacturerItemDescription><SoldByWeight/><Quantity>800.00</Quantity><UnitOfMeasure>גרם     </UnitOfMeasure><QtyInPackage>לא ידוע</QtyInPackage><UnitOfMeasurePrice>0.0154</UnitOfMeasurePrice><AllowDiscount>1</AllowDiscount><ItemStatus>1</ItemStatus><ItemPrice>12.30</ItemPrice></item><item><PriceUpdateDate>2016-02-02 06:50:33</PriceUpdateDate><ItemCode>4820060250667</ItemCode><ItemType>1</ItemType><ItemName>מב וודקה חורטיצה פלט</ItemName><ManufacturerName>לא ממותג</ManufacturerName><ManufactureCountry>אוקראינה</ManufactureCountry><ManufacturerItemDescription>וודקה חורטיצה 0.7 פלטינום</ManufacturerItemDescription><SoldByWeight/><Quantity>700.00</Quantity><UnitOfMeasure>מ"ל</UnitOfMeasure><QtyInPackage>לא ידוע</QtyInPackage><UnitOfMeasurePrice>0.0899</UnitOfMeasurePrice><AllowDiscount>1</AllowDiscount><ItemStatus>1</ItemStatus><ItemPrice>62.90</ItemPrice></item><item><PriceUpdateDate>2016-05-16 18:37:41</PriceUpdateDate><ItemCode>48256222203</ItemCode><ItemType>1</ItemType><ItemName>אסטוניש לתנורים 500</ItemName><ManufacturerName>אסטוניש</ManufacturerName><ManufactureCountry>ישראל</ManufactureCountry><ManufacturerItemDescription>אסטוניש לתנורים 500</ManufacturerItemDescription><SoldByWeight/><Quantity>500.00</Quantity><UnitOfMeasure>מ"ל</UnitOfMeasure><QtyInPackage>לא ידוע</QtyInPackage><UnitOfMeasurePrice>0.0398</UnitOfMeasurePrice><AllowDiscount>1</AllowDiscount><ItemStatus>1</ItemStatus><ItemPrice>19.90</ItemPrice></item><item><PriceUpdateDate>2016-05-30 22:02:31</PriceUpdateDate><ItemCode>4861025</ItemCode><ItemType>3</ItemType><ItemName>מב גבינה בולגרית  5%</ItemName><ManufacturerName>המושבה</ManufacturerName><ManufactureCountry>ישראל</ManufactureCountry><ManufacturerItemDescription>מב גבינה בולגרית  5%</ManufacturerItemDescription><SoldByWeight/><Quantity>1.00</Quantity><UnitOfMeasure>ק"ג</UnitOfMeasure><QtyInPackage>לא ידוע</QtyInPackage><UnitOfMeasurePrice>50.0000</UnitOfMeasurePrice><AllowDiscount>1</AllowDiscount><ItemStatus>1</ItemStatus><ItemPrice>50.00</ItemPrice></item><item><PriceUpdateDate>2016-05-30 22:03:05</PriceUpdateDate><ItemCode>4891135400140</ItemCode><ItemType>1</ItemType><ItemName>פחמים מיוחדים הפי 4</ItemName><ManufacturerName>יעקבי</ManufacturerName><ManufactureCountry>ישראל</ManufactureCountry><ManufacturerItemDescription>פחמים מיוחדים הפי 4</ManufacturerItemDescription><SoldByWeight/><Quantity>4000.00</Quantity><UnitOfMeasure>גרם     </UnitOfMeasure><QtyInPackage>לא ידוע</QtyInPackage><UnitOfMeasurePrice>0.0092</UnitOfMeasurePrice><AllowDiscount>1</AllowDiscount><ItemStatus>1</ItemStatus><ItemPrice>36.70</ItemPrice></item><item><PriceUpdateDate>2016-05-30 22:03:05</PriceUpdateDate><ItemCode>4891228430061</ItemCode><ItemType>1</ItemType><ItemName>ס.גילוח חד פעמי*10 נ</ItemName><ManufacturerName>לא ידוע</ManufacturerName><ManufactureCountry>סין</ManufactureCountry><ManufacturerItemDescription>מנה חמה נודלס   עוף70גרם</ManufacturerItemDescription><SoldByWeight/><Quantity>10.00</Quantity><UnitOfMeasure>בודד</UnitOfMeasure><QtyInPackage>לא ידוע</QtyInPackage><UnitOfMeasurePrice>3.4600</UnitOfMeasurePrice><AllowDiscount>1</AllowDiscount><ItemStatus>1</ItemStatus><ItemPrice>34.60</ItemPrice></item><item><PriceUpdateDate>2016-05-30 22:03:05</PriceUpdateDate><ItemCode>4891228430085</ItemCode><ItemType>1</ItemType><ItemName>מב סכיני גילוח אקסטר</ItemName><ManufacturerName>שיק</ManufacturerName><ManufactureCountry>סין</ManufactureCountry><ManufacturerItemDescription>סכין גילוח אקסטרים 3 כחול</ManufacturerItemDescription><SoldByWeight/><Quantity>4.00</Quantity><UnitOfMeasure>בודד</UnitOfMeasure><QtyInPackage>לא ידוע</QtyInPackage><UnitOfMeasurePrice>3.9750</UnitOfMeasurePrice><AllowDiscount>1</AllowDiscount><ItemStatus>1</ItemStatus><ItemPrice>15.90</ItemPrice></item><item><PriceUpdateDate>2016-05-30 22:03:05</PriceUpdateDate><ItemCode>4891228430092</ItemCode><ItemType>1</ItemType><ItemName>מב סכיני גילוח שיק א</ItemName><ManufacturerName>שיק</ManufacturerName><ManufactureCountry>סין</ManufactureCountry><ManufacturerItemDescription>טוסטעיםחיטה מלאהה 100גרם</ManufacturerItemDescription><SoldByWeight/><Quantity>4.00</Quantity><UnitOfMeasure>בודד</UnitOfMeasure><QtyInPackage>לא ידוע</QtyInPackage><UnitOfMeasurePrice>3.9750</UnitOfMeasurePrice><AllowDiscount>1</AllowDiscount><ItemStatus>1</ItemStatus><ItemPrice>15.90</ItemPrice></item><item><PriceUpdateDate>2016-05-30 22:03:05</PriceUpdateDate><ItemCode>4891228430122</ItemCode><ItemType>1</ItemType><ItemName>סכיני גילוח שיק אקזק</ItemName><ManufacturerName>שיק</ManufacturerName><ManufactureCountry>סין</ManufactureCountry><ManufacturerItemDescription>טוסטעים צנימים  גולים125</ManufacturerItemDescription><SoldByWeight/><Quantity>7.00</Quantity><UnitOfMeasure>בודד</UnitOfMeasure><QtyInPackage>לא ידוע</QtyInPackage><UnitOfMeasurePrice>2.8429</UnitOfMeasurePrice><AllowDiscount>1</AllowDiscount><ItemStatus>1</ItemStatus><ItemPrice>19.90</ItemPrice></item><item><PriceUpdateDate>2016-05-30 22:03:05</PriceUpdateDate><ItemCode>4891228430139</ItemCode><ItemType>1</ItemType><ItemName>סכיני גילוח שיק אקזק</ItemName><ManufacturerName>שיק</ManufacturerName><ManufactureCountry>ישראל</ManufactureCountry><ManufacturerItemDescription>סכיני גילוח שיק אקזק</ManufacturerItemDescription><SoldByWeight/><Quantity>7.00</Quantity><UnitOfMeasure>בודד</UnitOfMeasure><QtyInPackage>לא ידוע</QtyInPackage><UnitOfMeasurePrice>2.8429</UnitOfMeasurePrice><AllowDiscount>1</AllowDiscount><ItemStatus>1</ItemStatus><ItemPrice>19.90</ItemPrice></item><item><PriceUpdateDate>2016-05-30 22:03:05</PriceUpdateDate><ItemCode>4903001930993</ItemCode><ItemType>1</ItemType><ItemName>מב רוטב טריאקי יאמאס</ItemName><ManufacturerName>יאמאסה</ManufacturerName><ManufactureCountry>ישראל</ManufactureCountry><ManufacturerItemDescription>רוטב סויה יאמאסה 500 מ"ל</ManufacturerItemDescription><SoldByWeight/><Quantity>500.00</Quantity><UnitOfMeasure>מ"ל</UnitOfMeasure><QtyInPackage>לא ידוע</QtyInPackage><UnitOfMeasurePrice>0.0318</UnitOfMeasurePrice><AllowDiscount>1</AllowDiscount><ItemStatus>1</ItemStatus><ItemPrice>15.90</ItemPrice></item><item><PriceUpdateDate>2016-06-16 09:40:02</PriceUpdateDate><ItemCode>4961</ItemCode><ItemType>3</ItemType><ItemName>פלפל צהוב</ItemName><ManufacturerName>B.B.B</ManufacturerName><ManufactureCountry>ישראל</ManufactureCountry><ManufacturerItemDescription>פלפל צהוב</ManufacturerItemDescription><SoldByWeight/><Quantity>1.00</Quantity><UnitOfMeasure>ק"ג</UnitOfMeasure><QtyInPackage>לא ידוע</QtyInPackage><UnitOfMeasurePrice>11.9000</UnitOfMeasurePrice><AllowDiscount>1</AllowDiscount><ItemStatus>1</ItemStatus><ItemPrice>11.90</ItemPrice></item><item><PriceUpdateDate>2015-10-20 16:52:42</PriceUpdateDate><ItemCode>5000159376655</ItemCode><ItemType>1</ItemType><ItemName>סוכריות סקיטלס פירות</ItemName><ManufacturerName>לא ממותג</ManufacturerName><ManufactureCountry>ישראל</ManufactureCountry><ManufacturerItemDescription>סוכריות סקיטלס  ירות38ג</ManufacturerItemDescription><SoldByWeight/><Quantity>38.00</Quantity><UnitOfMeasure>גרם     </UnitOfMeasure><QtyInPackage>לא ידוע</QtyInPackage><UnitOfMeasurePrice>0.0868</UnitOfMeasurePrice><AllowDiscount>1</AllowDiscount><ItemStatus>1</ItemStatus><ItemPrice>3.30</ItemPrice></item><item><PriceUpdateDate>2015-10-20 16:52:42</PriceUpdateDate><ItemCode>5000159376792</ItemCode><ItemType>1</ItemType><ItemName>סוכריות סקיטלס חמוץ</ItemName><ManufacturerName>לא ממותג</ManufacturerName><ManufactureCountry>ישראל</ManufactureCountry><ManufacturerItemDescription>סוכריות סקיטלס  מוץ 38 ג</ManufacturerItemDescription><SoldByWeight/><Quantity>38.00</Quantity><UnitOfMeasure>גרם     </UnitOfMeasure><QtyInPackage>לא ידוע</QtyInPackage><UnitOfMeasurePrice>0.0868</UnitOfMeasurePrice><AllowDiscount>1</AllowDiscount><ItemStatus>1</ItemStatus><ItemPrice>3.30</ItemPrice></item><item><PriceUpdateDate>2016-06-07 12:25:08</PriceUpdateDate><ItemCode>5000159384186</ItemCode><ItemType>1</ItemType><ItemName>מרס רביעייה 180 גרם</ItemName><ManufacturerName>מרס</ManufacturerName><ManufactureCountry>ישראל</ManufactureCountry><ManufacturerItemDescription>מארז חטיפי מרס  45* גר</ManufacturerItemDescription><SoldByWeight/><Quantity>180.00</Quantity><UnitOfMeasure>גרם     </UnitOfMeasure><QtyInPackage>לא ידוע</QtyInPackage><UnitOfMeasurePrice>0.0939</UnitOfMeasurePrice><AllowDiscount>1</AllowDiscount><ItemStatus>1</ItemStatus><ItemPrice>16.90</ItemPrice></item><item><PriceUpdateDate>2016-06-07 12:25:08</PriceUpdateDate><ItemCode>5000159384209</ItemCode><ItemType>1</ItemType><ItemName>סניקרס רביעייה 200 ג</ItemName><ManufacturerName>סניקרס</ManufacturerName><ManufactureCountry>ישראל</ManufactureCountry><ManufacturerItemDescription>חטיפי סניקרס    ז 50*4גר</ManufacturerItemDescription><SoldByWeight/><Quantity>200.00</Quantity><UnitOfMeasure>גרם     </UnitOfMeasure><QtyInPackage>לא ידוע</QtyInPackage><UnitOfMeasurePrice>0.0845</UnitOfMeasurePrice><AllowDiscount>1</AllowDiscount><ItemStatus>1</ItemStatus><ItemPrice>16.90</ItemPrice></item><item><PriceUpdateDate>2016-06-07 12:25:08</PriceUpdateDate><ItemCode>5000159384476</ItemCode><ItemType>1</ItemType><ItemName>חטיף טוויקס רביעייה</ItemName><ManufacturerName>טוויקס</ManufacturerName><ManufactureCountry>ישראל</ManufactureCountry><ManufacturerItemDescription>חטיפי טוויקס    5 גרם</ManufacturerItemDescription><SoldByWeight/><Quantity>200.00</Quantity><UnitOfMeasure>גרם     </UnitOfMeasure><QtyInPackage>לא ידוע</QtyInPackage><UnitOfMeasurePrice>0.0845</UnitOfMeasurePrice><AllowDiscount>1</AllowDiscount><ItemStatus>1</ItemStatus><ItemPrice>16.90</ItemPrice></item><item><PriceUpdateDate>2015-12-16 07:20:08</PriceUpdateDate><ItemCode>5000159407236</ItemCode><ItemType>1</ItemType><ItemName>חטיף שוקולד מרס 51 ג</ItemName><ManufacturerName>לא ממותג</ManufacturerName><ManufactureCountry>הולנד</ManufactureCountry><ManufacturerItemDescription>חטיף מרס</ManufacturerItemDescription><SoldByWeight/><Quantity>51.00</Quantity><UnitOfMeasure>יח'</UnitOfMeasure><QtyInPackage>לא ידוע</QtyInPackage><UnitOfMeasurePrice>0.1157</UnitOfMeasurePrice><AllowDiscount>0</AllowDiscount><ItemStatus>1</ItemStatus><ItemPrice>5.90</ItemPrice></item><item><PriceUpdateDate>2016-05-17 09:15:30</PriceUpdateDate><ItemCode>5000159409179</ItemCode><ItemType>1</ItemType><ItemName>חטיף סניקרס מיני 403</ItemName><ManufacturerName>מרס</ManufacturerName><ManufactureCountry>ישראל</ManufactureCountry><ManufacturerItemDescription>מיני סניקרס     ת 403 גר</ManufacturerItemDescription><SoldByWeight/><Quantity>403.00</Quantity><UnitOfMeasure>גרם     </UnitOfMeasure><QtyInPackage>לא ידוע</QtyInPackage><UnitOfMeasurePrice>0.0643</UnitOfMeasurePrice><AllowDiscount>1</AllowDiscount><ItemStatus>1</ItemStatus><ItemPrice>25.90</ItemPrice></item><item><PriceUpdateDate>2016-05-17 09:15:30</PriceUpdateDate><ItemCode>5000159442572</ItemCode><ItemType>1</ItemType><ItemName>חטיף טוויקס מיני 403</ItemName><ManufacturerName>מרס</ManufacturerName><ManufactureCountry>ישראל</ManufactureCountry><ManufacturerItemDescription>מיני טוויקס     ת 403גרם</ManufacturerItemDescription><SoldByWeight/><Quantity>403.00</Quantity><UnitOfMeasure>גרם     </UnitOfMeasure><QtyInPackage>לא ידוע</QtyInPackage><UnitOfMeasurePrice>0.0643</UnitOfMeasurePrice><AllowDiscount>1</AllowDiscount><ItemStatus>1</ItemStatus><ItemPrice>25.90</ItemPrice></item><item><PriceUpdateDate>2016-05-17 09:15:30</PriceUpdateDate><ItemCode>5000159452977</ItemCode><ItemType>1</ItemType><ItemName>חטיפי מיני מרס מיקס</ItemName><ManufacturerName>מרס</ManufacturerName><ManufactureCountry>הולנד</ManufactureCountry><ManufacturerItemDescription>חטיף מיקס מיני 400 גרם</ManufacturerItemDescription><SoldByWeight/><Quantity>400.00</Quantity><UnitOfMeasure>גרם     </UnitOfMeasure><QtyInPackage>לא ידוע</QtyInPackage><UnitOfMeasurePrice>0.0647</UnitOfMeasurePrice><AllowDiscount>1</AllowDiscount><ItemStatus>1</ItemStatus><ItemPrice>25.90</ItemPrice></item><item><PriceUpdateDate>2016-06-07 12:25:08</PriceUpdateDate><ItemCode>5000159454452</ItemCode><ItemType>1</ItemType><ItemName>באונטי רביעייה 228 ג</ItemName><ManufacturerName>באונטי</ManufacturerName><ManufactureCountry>ישראל</ManufactureCountry><ManufacturerItemDescription>חטיפי באונטי    5 גרם</ManufacturerItemDescription><SoldByWeight/><Quantity>228.00</Quantity><UnitOfMeasure>גרם     </UnitOfMeasure><QtyInPackage>לא ידוע</QtyInPackage><UnitOfMeasurePrice>0.0741</UnitOfMeasurePrice><AllowDiscount>1</AllowDiscount><ItemStatus>1</ItemStatus><ItemPrice>16.90</ItemPrice></item><item><PriceUpdateDate>2015-12-16 07:20:08</PriceUpdateDate><ItemCode>5000159459228</ItemCode><ItemType>1</ItemType><ItemName>חטיף טוויקס 50 גרם</ItemName><ManufacturerName>לא ממותג</ManufacturerName><ManufactureCountry>הולנד</ManufactureCountry><ManufacturerItemDescription>חטיף טוויקס     רם</ManufacturerItemDescription><SoldByWeight/><Quantity>50.00</Quantity><UnitOfMeasure>גרם     </UnitOfMeasure><QtyInPackage>לא ידוע</QtyInPackage><UnitOfMeasurePrice>0.1180</UnitOfMeasurePrice><AllowDiscount>0</AllowDiscount><ItemStatus>1</ItemStatus><ItemPrice>5.90</ItemPrice></item><item><PriceUpdateDate>2015-12-16 07:20:08</PriceUpdateDate><ItemCode>5000159461122</ItemCode><ItemType>1</ItemType><ItemName>חטיף שוקולד סניקרס 5</ItemName><ManufacturerName>לא ממותג</ManufacturerName><ManufactureCountry>הולנד</ManufactureCountry><ManufacturerItemDescription>חטיף סניקרס     רם</ManufacturerItemDescription><SoldByWeight/><Quantity>50.00</Quantity><UnitOfMeasure>יח'</UnitOfMeasure><QtyInPackage>לא ידוע</QtyInPackage><UnitOfMeasurePrice>0.1180</UnitOfMeasurePrice><AllowDiscount>1</AllowDiscount><ItemStatus>1</ItemStatus><ItemPrice>5.90</ItemPrice></item><item><PriceUpdateDate>2015-11-12 16:53:21</PriceUpdateDate><ItemCode>5000198285505</ItemCode><ItemType>1</ItemType><ItemName>משחת שיניים פרודונטק</ItemName><ManufacturerName>פרודונטקס</ManufacturerName><ManufactureCountry>ישראל</ManufactureCountry><ManufacturerItemDescription>משחת שיניים פרודונטק</ManufacturerItemDescription><SoldByWeight/><Quantity>75.00</Quantity><UnitOfMeasure>מ"ל</UnitOfMeasure><QtyInPackage>לא ידוע</QtyInPackage><UnitOfMeasurePrice>0.3440</UnitOfMeasurePrice><AllowDiscount>1</AllowDiscount><ItemStatus>1</ItemStatus><ItemPrice>25.80</ItemPrice></item><item><PriceUpdateDate>2016-05-30 22:03:06</PriceUpdateDate><ItemCode>5000204657913</ItemCode><ItemType>1</ItemType><ItemName>מ.נעליים קיווי שחור</ItemName><ManufacturerName>קיווי</ManufacturerName><ManufactureCountry>ישראל</ManufactureCountry><ManufacturerItemDescription>קיווי משחה בשחור50מל</ManufacturerItemDescription><SoldByWeight/><Quantity>0.00</Quantity><UnitOfMeasure>יח'</UnitOfMeasure><QtyInPackage>לא ידוע</QtyInPackage><UnitOfMeasurePrice>0.0000</UnitOfMeasurePrice><AllowDiscount>1</AllowDiscount><ItemStatus>1</ItemStatus><ItemPrice>6.20</ItemPrice></item><item><PriceUpdateDate>2016-05-30 22:03:06</PriceUpdateDate><ItemCode>5000204659054</ItemCode><ItemType>1</ItemType><ItemName>מ.נעליים קיווי קופסה</ItemName><ManufacturerName>קיווי</ManufacturerName><ManufactureCountry>ישראל</ManufactureCountry><ManufacturerItemDescription>מ.נעליים קיווי קופסה</ManufacturerItemDescription><SoldByWeight/><Quantity>0.00</Quantity><UnitOfMeasure>יח'</UnitOfMeasure><QtyInPackage>לא ידוע</QtyInPackage><UnitOfMeasurePrice>0.0000</UnitOfMeasurePrice><AllowDiscount>1</AllowDiscount><ItemStatus>1</ItemStatus><ItemPrice>6.20</ItemPrice></item><item><PriceUpdateDate>2016-05-01 21:46:22</PriceUpdateDate><ItemCode>5000204690026</ItemCode><ItemType>1</ItemType><ItemName>פלדג' לניקוי רהיטים</ItemName><ManufacturerName>פלדג'</ManufacturerName><ManufactureCountry>ישראל</ManufactureCountry><ManufacturerItemDescription>פלדג' 5 ב1-     יק 250מל</ManufacturerItemDescription><SoldByWeight/><Quantity>250.00</Quantity><UnitOfMeasure>מ"ל</UnitOfMeasure><QtyInPackage>לא ידוע</QtyInPackage><UnitOfMeasurePrice>0.0752</UnitOfMeasurePrice><AllowDiscount>1</AllowDiscount><ItemStatus>1</ItemStatus><ItemPrice>18.80</ItemPrice></item><item><PriceUpdateDate>2016-05-30 22:03:06</PriceUpdateDate><ItemCode>5010182997338</ItemCode><ItemType>1</ItemType><ItemName>טואלט דאק ג'ל אסלה י</ItemName><ManufacturerName>טואלט דאק</ManufacturerName><ManufactureCountry>איטליה</ManufactureCountry><ManufacturerItemDescription>מיונז הלמנס     גרם</ManufacturerItemDescription><SoldByWeight/><Quantity>55.00</Quantity><UnitOfMeasure>מ"ל</UnitOfMeasure><QtyInPackage>לא ידוע</QtyInPackage><UnitOfMeasurePrice>0.2164</UnitOfMeasurePrice><AllowDiscount>1</AllowDiscount><ItemStatus>1</ItemStatus><ItemPrice>11.90</ItemPrice></item><item><PriceUpdateDate>2016-05-30 22:03:07</PriceUpdateDate><ItemCode>5010182997680</ItemCode><ItemType>1</ItemType><ItemName>מב רייד קוטל זוחלים</ItemName><ManufacturerName>רייד</ManufacturerName><ManufactureCountry>הולנד</ManufactureCountry><ManufacturerItemDescription>רייד נמלים       300 מ"ל</ManufacturerItemDescription><SoldByWeight/><Quantity>300.00</Quantity><UnitOfMeasure>מ"ל</UnitOfMeasure><QtyInPackage>לא ידוע</QtyInPackage><UnitOfMeasurePrice>0.0430</UnitOfMeasurePrice><AllowDiscount>1</AllowDiscount><ItemStatus>1</ItemStatus><ItemPrice>12.90</ItemPrice></item><item><PriceUpdateDate>2016-05-30 22:03:07</PriceUpdateDate><ItemCode>5010677551281</ItemCode><ItemType>1</ItemType><ItemName>בקרדי בריזר לימון 27</ItemName><ManufacturerName>בקרדי</ManufacturerName><ManufactureCountry>גרמניה</ManufactureCountry><ManufacturerItemDescription>מרכך בדין960מ    חדש 960</ManufacturerItemDescription><SoldByWeight/><Quantity>275.00</Quantity><UnitOfMeasure>מ"ל</UnitOfMeasure><QtyInPackage>לא ידוע</QtyInPackage><UnitOfMeasurePrice>0.0582</UnitOfMeasurePrice><AllowDiscount>1</AllowDiscount><ItemStatus>1</ItemStatus><ItemPrice>16.00</ItemPrice></item><item><PriceUpdateDate>2016-05-30 22:03:07</PriceUpdateDate><ItemCode>5010677552387</ItemCode><ItemType>1</ItemType><ItemName>בקרדי בריזראננס 275</ItemName><ManufacturerName>בקרדי</ManufacturerName><ManufactureCountry>גרמניה</ManufactureCountry><ManufacturerItemDescription>בקרדי בריזר אננס 275 מל</ManufacturerItemDescription><SoldByWeight/><Quantity>275.00</Quantity><UnitOfMeasure>מ"ל</UnitOfMeasure><QtyInPackage>לא ידוע</QtyInPackage><UnitOfMeasurePrice>0.0582</UnitOfMeasurePrice><AllowDiscount>1</AllowDiscount><ItemStatus>1</ItemStatus><ItemPrice>16.00</ItemPrice></item><item><PriceUpdateDate>2016-05-30 22:03:07</PriceUpdateDate><ItemCode>5010677554398</ItemCode><ItemType>1</ItemType><ItemName>בקרדי בריזר אבטיח 27</ItemName><ManufacturerName>בריזר</ManufacturerName><ManufactureCountry>גרמניה</ManufactureCountry><ManufacturerItemDescription>בקרדי בריזר אבטיח 275 מל</ManufacturerItemDescription><SoldByWeight/><Quantity>275.00</Quantity><UnitOfMeasure>מ"ל</UnitOfMeasure><QtyInPackage>לא ידוע</QtyInPackage><UnitOfMeasurePrice>0.0582</UnitOfMeasurePrice><AllowDiscount>1</AllowDiscount><ItemStatus>1</ItemStatus><ItemPrice>16.00</ItemPrice></item><item><PriceUpdateDate>2016-06-01 09:41:26</PriceUpdateDate><ItemCode>5010677554602</ItemCode><ItemType>1</ItemType><ItemName>בקרדי בריזר אפרסק 27</ItemName><ManufacturerName>בריזר</ManufacturerName><ManufactureCountry>גרמניה</ManufactureCountry><ManufacturerItemDescription>בקרדי בריזר אפרסק 275 מל</ManufacturerItemDescription><SoldByWeight/><Quantity>275.00</Quantity><UnitOfMeasure>גרם     </UnitOfMeasure><QtyInPackage>לא ידוע</QtyInPackage><UnitOfMeasurePrice>0.0582</UnitOfMeasurePrice><AllowDiscount>1</AllowDiscount><ItemStatus>1</ItemStatus><ItemPrice>16.00</ItemPrice></item><item><PriceUpdateDate>2016-05-30 22:03:07</PriceUpdateDate><ItemCode>5011157630281</ItemCode><ItemType>1</ItemType><ItemName>אורז טילדה בסמטי 1 ק</ItemName><ManufacturerName>טילדה</ManufacturerName><ManufactureCountry>ישראל</ManufactureCountry><ManufacturerItemDescription>אורז טילדה בסמטי 1 ק</ManufacturerItemDescription><SoldByWeight/><Quantity>1000.00</Quantity><UnitOfMeasure>גרם     </UnitOfMeasure><QtyInPackage>לא ידוע</QtyInPackage><UnitOfMeasurePrice>0.0269</UnitOfMeasurePrice><AllowDiscount>1</AllowDiscount><ItemStatus>1</ItemStatus><ItemPrice>26.90</ItemPrice></item><item><PriceUpdateDate>2016-05-30 22:03:08</PriceUpdateDate><ItemCode>5011408053234</ItemCode><ItemType>1</ItemType><ItemName>מב קרם לחות דרמו פרש</ItemName><ManufacturerName>לוריאל</ManufacturerName><ManufactureCountry>ישראל</ManufactureCountry><ManufacturerItemDescription>מב קרם לחות דרמו פרש</ManufacturerItemDescription><SoldByWeight/><Quantity>50.00</Quantity><UnitOfMeasure>מ"ל</UnitOfMeasure><QtyInPackage>לא ידוע</QtyInPackage><UnitOfMeasurePrice>0.8980</UnitOfMeasurePrice><AllowDiscount>1</AllowDiscount><ItemStatus>1</ItemStatus><ItemPrice>44.90</ItemPrice></item><item><PriceUpdateDate>2016-05-01 21:46:22</PriceUpdateDate><ItemCode>5011417540916</ItemCode><ItemType>1</ItemType><ItemName>מב פיניש טבליות 20 ק</ItemName><ManufacturerName>פיניש</ManufacturerName><ManufactureCountry>פולין</ManufactureCountry><ManufacturerItemDescription>מב פיניש טבליות 20 ק</ManufacturerItemDescription><SoldByWeight/><Quantity>20.00</Quantity><UnitOfMeasure>יח'</UnitOfMeasure><QtyInPackage>לא ידוע</QtyInPackage><UnitOfMeasurePrice>1.2450</UnitOfMeasurePrice><AllowDiscount>1</AllowDiscount><ItemStatus>1</ItemStatus><ItemPrice>24.90</ItemPrice></item><item><PriceUpdateDate>2016-05-30 22:03:08</PriceUpdateDate><ItemCode>5011417552247</ItemCode><ItemType>1</ItemType><ItemName>מב מטהר אויר איירויק</ItemName><ManufacturerName>איירויק</ManufacturerName><ManufactureCountry>פולין</ManufactureCountry><ManufacturerItemDescription>מב מטהר אויר איירויק</ManufacturerItemDescription><SoldByWeight/><Quantity>345.00</Quantity><UnitOfMeasure>מ"ל</UnitOfMeasure><QtyInPackage>לא ידוע</QtyInPackage><UnitOfMeasurePrice>0.0432</UnitOfMeasurePrice><AllowDiscount>1</AllowDiscount><ItemStatus>1</ItemStatus><ItemPrice>14.90</ItemPrice></item><item><PriceUpdateDate>2016-05-30 22:03:08</PriceUpdateDate><ItemCode>5011417556825</ItemCode><ItemType>1</ItemType><ItemName>איירויק מטהר אויר/בד</ItemName><ManufacturerName>איירויק</ManufacturerName><ManufactureCountry>פולין</ManufactureCountry><ManufacturerItemDescription>איירויק מטהר אויר/בד</ManufacturerItemDescription><SoldByWeight/><Quantity>345.00</Quantity><UnitOfMeasure>מ"ל</UnitOfMeasure><QtyInPackage>לא ידוע</QtyInPackage><UnitOfMeasurePrice>0.0461</UnitOfMeasurePrice><AllowDiscount>1</AllowDiscount><ItemStatus>1</ItemStatus><ItemPrice>15.90</ItemPrice></item><item><PriceUpdateDate>2016-05-30 22:03:08</PriceUpdateDate><ItemCode>5011417556832</ItemCode><ItemType>1</ItemType><ItemName>איירויק מטהר אויר/בד</ItemName><ManufacturerName>איירויק</ManufacturerName><ManufactureCountry>פולין</ManufactureCountry><ManufacturerItemDescription>דאו. אקס סטיק   גבר 76 ג</ManufacturerItemDescription><SoldByWeight/><Quantity>345.00</Quantity><UnitOfMeasure>מ"ל</UnitOfMeasure><QtyInPackage>לא ידוע</QtyInPackage><UnitOfMeasurePrice>0.0461</UnitOfMeasurePrice><AllowDiscount>1</AllowDiscount><ItemStatus>1</ItemStatus><ItemPrice>15.90</ItemPrice></item><item><PriceUpdateDate>2016-05-30 22:03:08</PriceUpdateDate><ItemCode>5014271300429</ItemCode><ItemType>1</ItemType><ItemName>ריבת מעדן משמש ללא ס</ItemName><ManufacturerName>סאן דלפור</ManufacturerName><ManufactureCountry>ישראל</ManufactureCountry><ManufacturerItemDescription>ריבת מעדן משמש ללא ס</ManufacturerItemDescription><SoldByWeight/><Quantity>284.00</Quantity><UnitOfMeasure>גרם     </UnitOfMeasure><QtyInPackage>לא ידוע</QtyInPackage><UnitOfMeasurePrice>0.0630</UnitOfMeasurePrice><AllowDiscount>1</AllowDiscount><ItemStatus>1</ItemStatus><ItemPrice>17.90</ItemPrice></item><item><PriceUpdateDate>2016-05-30 22:03:08</PriceUpdateDate><ItemCode>5014271310428</ItemCode><ItemType>1</ItemType><ItemName>ריבת מעדן דובדבן שחו</ItemName><ManufacturerName>סאן דלפור</ManufacturerName><ManufactureCountry>ישראל</ManufactureCountry><ManufacturerItemDescription>מעדן דובדבנים שחורים 284</ManufacturerItemDescription><SoldByWeight/><Quantity>284.00</Quantity><UnitOfMeasure>גרם     </UnitOfMeasure><QtyInPackage>לא ידוע</QtyInPackage><UnitOfMeasurePrice>0.0630</UnitOfMeasurePrice><AllowDiscount>1</AllowDiscount><ItemStatus>1</ItemStatus><ItemPrice>17.90</ItemPrice></item><item><PriceUpdateDate>2016-05-30 22:03:08</PriceUpdateDate><ItemCode>5014271330426</ItemCode><ItemType>1</ItemType><ItemName>ריבת מעדן אוכמניות ל</ItemName><ManufacturerName>סאן דלפור</ManufacturerName><ManufactureCountry>ישראל</ManufactureCountry><ManufacturerItemDescription>מעדן אוכמניות כחולות 284</ManufacturerItemDescription><SoldByWeight/><Quantity>284.00</Quantity><UnitOfMeasure>גרם     </UnitOfMeasure><QtyInPackage>לא ידוע</QtyInPackage><UnitOfMeasurePrice>0.0630</UnitOfMeasurePrice><AllowDiscount>1</AllowDiscount><ItemStatus>1</ItemStatus><ItemPrice>17.90</ItemPrice></item><item><PriceUpdateDate>2016-05-30 22:03:08</PriceUpdateDate><ItemCode>5014271350424</ItemCode><ItemType>1</ItemType><ItemName>ריבת מעדן 4 פירות לל</ItemName><ManufacturerName>סאן דלפור</ManufacturerName><ManufactureCountry>ישראל</ManufactureCountry><ManufacturerItemDescription>מעדן ארבע פירות 284 גרם</ManufacturerItemDescription><SoldByWeight/><Quantity>284.00</Quantity><UnitOfMeasure>גרם     </UnitOfMeasure><QtyInPackage>לא ידוע</QtyInPackage><UnitOfMeasurePrice>0.0630</UnitOfMeasurePrice><AllowDiscount>1</AllowDiscount><ItemStatus>1</ItemStatus><ItemPrice>17.90</ItemPrice></item><item><PriceUpdateDate>2016-05-30 22:03:09</PriceUpdateDate><ItemCode>5014271360423</ItemCode><ItemType>1</ItemType><ItemName>ריבת מעדן תפוז ללא ס</ItemName><ManufacturerName>סאן דלפור</ManufacturerName><ManufactureCountry>ישראל</ManufactureCountry><ManufacturerItemDescription>ריבת מעדן תפוז ללא ס</ManufacturerItemDescription><SoldByWeight/><Quantity>284.00</Quantity><UnitOfMeasure>גרם     </UnitOfMeasure><QtyInPackage>לא ידוע</QtyInPackage><UnitOfMeasurePrice>0.0630</UnitOfMeasurePrice><AllowDiscount>1</AllowDiscount><ItemStatus>1</ItemStatus><ItemPrice>17.90</ItemPrice></item><item><PriceUpdateDate>2016-05-30 22:03:09</PriceUpdateDate><ItemCode>5014271390420</ItemCode><ItemType>1</ItemType><ItemName>ריבת מעדן פטל ללא סו</ItemName><ManufacturerName>סאן דלפור</ManufacturerName><ManufactureCountry>ישראל</ManufactureCountry><ManufacturerItemDescription>מעדן פטל 284 גר</ManufacturerItemDescription><SoldByWeight/><Quantity>284.00</Quantity><UnitOfMeasure>גרם     </UnitOfMeasure><QtyInPackage>לא ידוע</QtyInPackage><UnitOfMeasurePrice>0.0630</UnitOfMeasurePrice><AllowDiscount>1</AllowDiscount><ItemStatus>1</ItemStatus><ItemPrice>17.90</ItemPrice></item><item><PriceUpdateDate>2016-05-30 22:03:09</PriceUpdateDate><ItemCode>5014271400426</ItemCode><ItemType>1</ItemType><ItemName>ריבת מעדן תות שדה לל</ItemName><ManufacturerName>סאן דלפור</ManufacturerName><ManufactureCountry>ישראל</ManufactureCountry><ManufacturerItemDescription>מעדן תות שדה 284 גר</ManufacturerItemDescription><SoldByWeight/><Quantity>284.00</Quantity><UnitOfMeasure>גרם     </UnitOfMeasure><QtyInPackage>לא ידוע</QtyInPackage><UnitOfMeasurePrice>0.0630</UnitOfMeasurePrice><AllowDiscount>1</AllowDiscount><ItemStatus>1</ItemStatus><ItemPrice>17.90</ItemPrice></item><item><PriceUpdateDate>2016-05-30 22:03:09</PriceUpdateDate><ItemCode>5014271560427</ItemCode><ItemType>1</ItemType><ItemName>ריבת מעדן תפוז+ג'ינג</ItemName><ManufacturerName>סאן דלפור</ManufacturerName><ManufactureCountry>ישראל</ManufactureCountry><ManufacturerItemDescription>ריבת מעדן תפוז+ג'ינג</ManufacturerItemDescription><SoldByWeight/><Quantity>284.00</Quantity><UnitOfMeasure>גרם     </UnitOfMeasure><QtyInPackage>לא ידוע</QtyInPackage><UnitOfMeasurePrice>0.0630</UnitOfMeasurePrice><AllowDiscount>1</AllowDiscount><ItemStatus>1</ItemStatus><ItemPrice>17.90</ItemPrice></item><item><PriceUpdateDate>2015-11-13 10:30:11</PriceUpdateDate><ItemCode>5029053000619</ItemCode><ItemType>1</ItemType><ItemName>ממחטות קלינקס אולטרא</ItemName><ManufacturerName>קלינקס</ManufacturerName><ManufactureCountry>איטליה</ManufactureCountry><ManufacturerItemDescription>סיף קרם לימון   מון 500מ</ManufacturerItemDescription><SoldByWeight/><Quantity>1.00</Quantity><UnitOfMeasure>יח'</UnitOfMeasure><QtyInPackage>לא ידוע</QtyInPackage><UnitOfMeasurePrice>12.4000</UnitOfMeasurePrice><AllowDiscount>1</AllowDiscount><ItemStatus>1</ItemStatus><ItemPrice>12.40</ItemPrice></item><item><PriceUpdateDate>2016-05-01 21:46:23</PriceUpdateDate><ItemCode>5029053002408</ItemCode><ItemType>1</ItemType><ItemName>מב נייר טואלט קלינקס</ItemName><ManufacturerName>קלינקס</ManufacturerName><ManufactureCountry>ישראל</ManufactureCountry><ManufacturerItemDescription>נ.ט.קלינקס 1/9 לבן 275  מ</ManufacturerItemDescription><SoldByWeight/><Quantity>276.00</Quantity><UnitOfMeasure>מטר</UnitOfMeasure><QtyInPackage>לא ידוע</QtyInPackage><UnitOfMeasurePrice>0.1192</UnitOfMeasurePrice><AllowDiscount>1</AllowDiscount><ItemStatus>1</ItemStatus><ItemPrice>32.90</ItemPrice></item><item><PriceUpdateDate>2016-05-02 08:05:42</PriceUpdateDate><ItemCode>5029053510811</ItemCode><ItemType>1</ItemType><ItemName>מב תחבושות קוטקס נור</ItemName><ManufacturerName>קוטקס</ManufacturerName><ManufactureCountry>ישראל</ManufactureCountry><ManufacturerItemDescription>קוטקס תחבושות נורמל+כנפ.2</ManufacturerItemDescription><SoldByWeight/><Quantity>28.00</Quantity><UnitOfMeasure>בודד</UnitOfMeasure><QtyInPackage>לא ידוע</QtyInPackage><UnitOfMeasurePrice>0.6036</UnitOfMeasurePrice><AllowDiscount>1</AllowDiscount><ItemStatus>1</ItemStatus><ItemPrice>16.90</ItemPrice></item><item><PriceUpdateDate>2016-05-02 08:05:42</PriceUpdateDate><ItemCode>5029053510828</ItemCode><ItemType>1</ItemType><ItemName>מב תחבושות קוטקס סופ</ItemName><ManufacturerName>קוטקס</ManufacturerName><ManufactureCountry>ישראל</ManufactureCountry><ManufacturerItemDescription>קוטקס תחבושות סופר+כנפ.24</ManufacturerItemDescription><SoldByWeight/><Quantity>24.00</Quantity><UnitOfMeasure>בודד</UnitOfMeasure><QtyInPackage>לא ידוע</QtyInPackage><UnitOfMeasurePrice>0.7042</UnitOfMeasurePrice><AllowDiscount>1</AllowDiscount><ItemStatus>1</ItemStatus><ItemPrice>16.90</ItemPrice></item><item><PriceUpdateDate>2016-05-02 08:05:42</PriceUpdateDate><ItemCode>5029053523446</ItemCode><ItemType>1</ItemType><ItemName>מב תחבושות קוטקס ניי</ItemName><ManufacturerName>קוטקס</ManufacturerName><ManufactureCountry>ישראל</ManufactureCountry><ManufacturerItemDescription>מב תחבושות קוטקס ניי</ManufacturerItemDescription><SoldByWeight/><Quantity>16.00</Quantity><UnitOfMeasure>בודד</UnitOfMeasure><QtyInPackage>לא ידוע</QtyInPackage><UnitOfMeasurePrice>1.0562</UnitOfMeasurePrice><AllowDiscount>1</AllowDiscount><ItemStatus>1</ItemStatus><ItemPrice>16.90</ItemPrice></item><item><PriceUpdateDate>2015-10-20 16:29:01</PriceUpdateDate><ItemCode>5029053527574</ItemCode><ItemType>1</ItemType><ItemName>חיתולי האגיס דריי ני</ItemName><ManufacturerName>האגיס</ManufacturerName><ManufactureCountry>ישראל</ManufactureCountry><ManufacturerItemDescription>חיתולי האגיס דריי ני</ManufacturerItemDescription><SoldByWeight/><Quantity>0.00</Quantity><UnitOfMeasure>יח'</UnitOfMeasure><QtyInPackage>לא ידוע</QtyInPackage><UnitOfMeasurePrice>0.0000</UnitOfMeasurePrice><AllowDiscount>1</AllowDiscount><ItemStatus>1</ItemStatus><ItemPrice>41.30</ItemPrice></item><item><PriceUpdateDate>2015-10-20 16:29:01</PriceUpdateDate><ItemCode>5029053527581</ItemCode><ItemType>1</ItemType><ItemName>חיתולי האגיס דריי ני</ItemName><ManufacturerName>האגיס</ManufacturerName><ManufactureCountry>ישראל</ManufactureCountry><ManufacturerItemDescription>חיתולי האגיס דריי ני</ManufacturerItemDescription><SoldByWeight/><Quantity>0.00</Quantity><UnitOfMeasure>יח'</UnitOfMeasure><QtyInPackage>לא ידוע</QtyInPackage><UnitOfMeasurePrice>0.0000</UnitOfMeasurePrice><AllowDiscount>1</AllowDiscount><ItemStatus>1</ItemStatus><ItemPrice>41.30</ItemPrice></item><item><PriceUpdateDate>2015-11-13 10:30:03</PriceUpdateDate><ItemCode>5029053534589</ItemCode><ItemType>1</ItemType><ItemName>טמפוני קוטקס מיני 32</ItemName><ManufacturerName>קוטקס</ManufacturerName><ManufactureCountry>ישראל</ManufactureCountry><ManufacturerItemDescription>טמפוני קוטקס    מיני</ManufacturerItemDescription><SoldByWeight/><Quantity>32.00</Quantity><UnitOfMeasure>בודד</UnitOfMeasure><QtyInPackage>לא ידוע</QtyInPackage><UnitOfMeasurePrice>1.0969</UnitOfMeasurePrice><AllowDiscount>1</AllowDiscount><ItemStatus>1</ItemStatus><ItemPrice>35.10</ItemPrice></item><item><PriceUpdateDate>2016-06-08 11:06:16</PriceUpdateDate><ItemCode>5050083262548</ItemCode><ItemType>1</ItemType><ItemName>קלוגס ספיישל קיי פיר</ItemName><ManufacturerName>קלוגס ספיישל קיי</ManufacturerName><ManufactureCountry>גרמניה</ManufactureCountry><ManufacturerItemDescription>חטיפי מיקספלקס  ק.מריר6י</ManufacturerItemDescription><SoldByWeight/><Quantity>300.00</Quantity><UnitOfMeasure>גרם     </UnitOfMeasure><QtyInPackage>לא ידוע</QtyInPackage><UnitOfMeasurePrice>0.0963</UnitOfMeasurePrice><AllowDiscount>1</AllowDiscount><ItemStatus>1</ItemStatus><ItemPrice>28.90</ItemPrice></item><item><PriceUpdateDate>2015-11-10 14:37:53</PriceUpdateDate><ItemCode>5099864004205</ItemCode><ItemType>1</ItemType><ItemName>אבקת סימילאק אדוונס</ItemName><ManufacturerName>סימילאק</ManufacturerName><ManufactureCountry>אירלנד</ManufactureCountry><ManufacturerItemDescription>דאודורנט דאב מן טיק50מ</ManufacturerItemDescription><SoldByWeight/><Quantity>400.00</Quantity><UnitOfMeasure>גרם     </UnitOfMeasure><QtyInPackage>לא ידוע</QtyInPackage><UnitOfMeasurePrice>0.1220</UnitOfMeasurePrice><AllowDiscount>1</AllowDiscount><ItemStatus>1</ItemStatus><ItemPrice>48.80</ItemPrice></item><item><PriceUpdateDate>2015-10-20 11:18:39</PriceUpdateDate><ItemCode>5099864004991</ItemCode><ItemType>1</ItemType><ItemName>אבקת חלב סימילאק טופ</ItemName><ManufacturerName>לא ממותג</ManufacturerName><ManufactureCountry>אירלנד</ManufactureCountry><ManufacturerItemDescription>דאו.רקסונה      יב150מ</ManufacturerItemDescription><SoldByWeight/><Quantity>900.00</Quantity><UnitOfMeasure>גרם     </UnitOfMeasure><QtyInPackage>לא ידוע</QtyInPackage><UnitOfMeasurePrice>0.1003</UnitOfMeasurePrice><AllowDiscount>1</AllowDiscount><ItemStatus>1</ItemStatus><ItemPrice>90.30</ItemPrice></item><item><PriceUpdateDate>2015-11-10 14:37:53</PriceUpdateDate><ItemCode>5099864005202</ItemCode><ItemType>1</ItemType><ItemName>אבקת סימילאק אדוונס</ItemName><ManufacturerName>סימילאק</ManufacturerName><ManufactureCountry>ספרד</ManufactureCountry><ManufacturerItemDescription>סימילאק אדבנס פלוס 400 3</ManufacturerItemDescription><SoldByWeight/><Quantity>400.00</Quantity><UnitOfMeasure>גרם     </UnitOfMeasure><QtyInPackage>לא ידוע</QtyInPackage><UnitOfMeasurePrice>0.1220</UnitOfMeasurePrice><AllowDiscount>1</AllowDiscount><ItemStatus>1</ItemStatus><ItemPrice>48.80</ItemPrice></item><item><PriceUpdateDate>2015-11-10 14:37:53</PriceUpdateDate><ItemCode>5099864006070</ItemCode><ItemType>1</ItemType><ItemName>אבקת סימילאק אדוונס</ItemName><ManufacturerName>סימילאק</ManufacturerName><ManufactureCountry>ספרד</ManufactureCountry><ManufacturerItemDescription>סימילאק אדבנס פלוס 400 2</ManufacturerItemDescription><SoldByWeight/><Quantity>400.00</Quantity><UnitOfMeasure>גרם     </UnitOfMeasure><QtyInPackage>לא ידוע</QtyInPackage><UnitOfMeasurePrice>0.1220</UnitOfMeasurePrice><AllowDiscount>1</AllowDiscount><ItemStatus>1</ItemStatus><ItemPrice>48.80</ItemPrice></item><item><PriceUpdateDate>2016-03-16 15:40:36</PriceUpdateDate><ItemCode>5099864006704</ItemCode><ItemType>1</ItemType><ItemName>אבקת סימילאק אדוונס</ItemName><ManufacturerName>סימילאק</ManufacturerName><ManufactureCountry>אירלנד</ManufactureCountry><ManufacturerItemDescription>קפה טורקי בצלופן 100 גרם</ManufacturerItemDescription><SoldByWeight/><Quantity>900.00</Quantity><UnitOfMeasure>גרם     </UnitOfMeasure><QtyInPackage>לא ידוע</QtyInPackage><UnitOfMeasurePrice>0.0888</UnitOfMeasurePrice><AllowDiscount>1</AllowDiscount><ItemStatus>1</ItemStatus><ItemPrice>79.90</ItemPrice></item><item><PriceUpdateDate>2016-03-16 15:40:36</PriceUpdateDate><ItemCode>5099864006728</ItemCode><ItemType>1</ItemType><ItemName>אבקת סימילאק אדוונס</ItemName><ManufacturerName>סימילאק</ManufacturerName><ManufactureCountry>אירלנד</ManufactureCountry><ManufacturerItemDescription>מגן תחתון קוטקס קס סילקL</ManufacturerItemDescription><SoldByWeight/><Quantity>900.00</Quantity><UnitOfMeasure>גרם     </UnitOfMeasure><QtyInPackage>לא ידוע</QtyInPackage><UnitOfMeasurePrice>0.0888</UnitOfMeasurePrice><AllowDiscount>1</AllowDiscount><ItemStatus>1</ItemStatus><ItemPrice>79.90</ItemPrice></item><item><PriceUpdateDate>2015-11-12 17:38:38</PriceUpdateDate><ItemCode>5200351240017</ItemCode><ItemType>1</ItemType><ItemName>גליליות וופל אגוזים</ItemName><ManufacturerName>גולדן בריק</ManufacturerName><ManufactureCountry>יוון</ManufactureCountry><ManufacturerItemDescription>גליליות קרם אגוז+קקאו400</ManufacturerItemDescription><SoldByWeight/><Quantity>400.00</Quantity><UnitOfMeasure>גרם     </UnitOfMeasure><QtyInPackage>לא ידוע</QtyInPackage><UnitOfMeasurePrice>0.0508</UnitOfMeasurePrice><AllowDiscount>1</AllowDiscount><ItemStatus>1</ItemStatus><ItemPrice>20.30</ItemPrice></item><item><PriceUpdateDate>2016-02-15 08:23:12</PriceUpdateDate><ItemCode>5200351290210</ItemCode><ItemType>1</ItemType><ItemName>גליליות קקאו אגוזים</ItemName><ManufacturerName>לא ממותג</ManufacturerName><ManufactureCountry>ישראל</ManufactureCountry><ManufacturerItemDescription>גליליות וופל    ז/קקא150</ManufacturerItemDescription><SoldByWeight/><Quantity>150.00</Quantity><UnitOfMeasure>גרם     </UnitOfMeasure><QtyInPackage>לא ידוע</QtyInPackage><UnitOfMeasurePrice>0.0460</UnitOfMeasurePrice><AllowDiscount>1</AllowDiscount><ItemStatus>1</ItemStatus><ItemPrice>6.90</ItemPrice></item><item><PriceUpdateDate>2014-11-03 06:37:37</PriceUpdateDate><ItemCode>5201184021934</ItemCode><ItemType>1</ItemType><ItemName>נר זיקוק</ItemName><ManufacturerName>שמחה זה אנחנו</ManufacturerName><ManufactureCountry>ישראל</ManufactureCountry><ManufacturerItemDescription>נר זיקוק</ManufacturerItemDescription><SoldByWeight/><Quantity>0.00</Quantity><UnitOfMeasure>יח'</UnitOfMeasure><QtyInPackage>לא ידוע</QtyInPackage><UnitOfMeasurePrice>0.0000</UnitOfMeasurePrice><AllowDiscount>1</AllowDiscount><ItemStatus>1</ItemStatus><ItemPrice>5.00</ItemPrice></item><item><PriceUpdateDate>2014-11-03 06:37:37</PriceUpdateDate><ItemCode>5201184057094</ItemCode><ItemType>1</ItemType><ItemName>קישוטי עוגה כדור</ItemName><ManufacturerName>שמחה זה אנחנו</ManufacturerName><ManufactureCountry>ישראל</ManufactureCountry><ManufacturerItemDescription>קישוטי עוגה כדור</ManufacturerItemDescription><SoldByWeight/><Quantity>0.00</Quantity><UnitOfMeasure>יח'</UnitOfMeasure><QtyInPackage>לא ידוע</QtyInPackage><UnitOfMeasurePrice>0.0000</UnitOfMeasurePrice><AllowDiscount>1</AllowDiscount><ItemStatus>1</ItemStatus><ItemPrice>12.60</ItemPrice></item><item><PriceUpdateDate>2014-11-03 06:37:37</PriceUpdateDate><ItemCode>5201184066508</ItemCode><ItemType>1</ItemType><ItemName>נר מספר צבעוני</ItemName><ManufacturerName>שמחה זה אנחנו</ManufacturerName><ManufactureCountry>ישראל</ManufactureCountry><ManufacturerItemDescription>נר מספר</ManufacturerItemDescription><SoldByWeight/><Quantity>0.00</Quantity><UnitOfMeasure>יח'</UnitOfMeasure><QtyInPackage>לא ידוע</QtyInPackage><UnitOfMeasurePrice>0.0000</UnitOfMeasurePrice><AllowDiscount>1</AllowDiscount><ItemStatus>1</ItemStatus><ItemPrice>4.70</ItemPrice></item><item><PriceUpdateDate>2016-01-20 07:31:50</PriceUpdateDate><ItemCode>5201360582280</ItemCode><ItemType>1</ItemType><ItemName>מארז קוראסון אישי 7</ItemName><ManufacturerName>אס.סי צ'יפיטה , רומנ</ManufacturerName><ManufactureCountry>ישראל</ManufactureCountry><ManufacturerItemDescription>מארז קוראסון אישי 7</ManufacturerItemDescription><SoldByWeight/><Quantity>240.00</Quantity><UnitOfMeasure>גרם     </UnitOfMeasure><QtyInPackage>לא ידוע</QtyInPackage><UnitOfMeasurePrice>0.0413</UnitOfMeasurePrice><AllowDiscount>1</AllowDiscount><ItemStatus>1</ItemStatus><ItemPrice>9.90</ItemPrice></item><item><PriceUpdateDate>2016-02-11 09:34:57</PriceUpdateDate><ItemCode>5201360582785</ItemCode><ItemType>1</ItemType><ItemName>מארז קוראסון אישי 7</ItemName><ManufacturerName>אס.סי צ'יפיטה , רומנ</ManufacturerName><ManufactureCountry>ישראל</ManufactureCountry><ManufacturerItemDescription>מארז קוראסון אישי 7</ManufacturerItemDescription><SoldByWeight/><Quantity>240.00</Quantity><UnitOfMeasure>גרם     </UnitOfMeasure><QtyInPackage>לא ידוע</QtyInPackage><UnitOfMeasurePrice>0.0413</UnitOfMeasurePrice><AllowDiscount>1</AllowDiscount><ItemStatus>1</ItemStatus><ItemPrice>9.90</ItemPrice></item><item><PriceUpdateDate>2016-01-20 07:31:50</PriceUpdateDate><ItemCode>5201360724147</ItemCode><ItemType>1</ItemType><ItemName>מארז רולדות אישיות 7</ItemName><ManufacturerName>אס.סי צ'יפיטה , רומנ</ManufacturerName><ManufactureCountry>ישראל</ManufactureCountry><ManufacturerItemDescription>מארז רולדות אישיות 7</ManufacturerItemDescription><SoldByWeight/><Quantity>256.00</Quantity><UnitOfMeasure>גרם     </UnitOfMeasure><QtyInPackage>לא ידוע</QtyInPackage><UnitOfMeasurePrice>0.0387</UnitOfMeasurePrice><AllowDiscount>1</AllowDiscount><ItemStatus>1</ItemStatus><ItemPrice>9.90</ItemPrice></item><item><PriceUpdateDate>2016-01-20 07:31:50</PriceUpdateDate><ItemCode>5201360724741</ItemCode><ItemType>1</ItemType><ItemName>מארז רולדות אישיות 7</ItemName><ManufacturerName>אס.סי צ'יפיטה , רומנ</ManufacturerName><ManufactureCountry>ישראל</ManufactureCountry><ManufacturerItemDescription>מארז רולדות אישיות 7</ManufacturerItemDescription><SoldByWeight/><Quantity>256.00</Quantity><UnitOfMeasure>גרם     </UnitOfMeasure><QtyInPackage>לא ידוע</QtyInPackage><UnitOfMeasurePrice>0.0387</UnitOfMeasurePrice><AllowDiscount>1</AllowDiscount><ItemStatus>1</ItemStatus><ItemPrice>9.90</ItemPrice></item><item><PriceUpdateDate>2016-01-20 07:31:50</PriceUpdateDate><ItemCode>5201360797097</ItemCode><ItemType>1</ItemType><ItemName>מארז עוגות ספוג אישי</ItemName><ManufacturerName>אס.סי צ'יפיטה , רומנ</ManufacturerName><ManufactureCountry>ישראל</ManufactureCountry><ManufacturerItemDescription>מארז עוגות ספוג אישי</ManufacturerItemDescription><SoldByWeight/><Quantity>256.00</Quantity><UnitOfMeasure>גרם     </UnitOfMeasure><QtyInPackage>לא ידוע</QtyInPackage><UnitOfMeasurePrice>0.0387</UnitOfMeasurePrice><AllowDiscount>1</AllowDiscount><ItemStatus>1</ItemStatus><ItemPrice>9.90</ItemPrice></item><item><PriceUpdateDate>2016-01-20 07:31:50</PriceUpdateDate><ItemCode>5201360797196</ItemCode><ItemType>1</ItemType><ItemName>מארז עוגות ספוג אישי</ItemName><ManufacturerName>אס.סי צ'יפיטה , רומנ</ManufacturerName><ManufactureCountry>ישראל</ManufactureCountry><ManufacturerItemDescription>מארז עוגות ספוג אישי</ManufacturerItemDescription><SoldByWeight/><Quantity>256.00</Quantity><UnitOfMeasure>גרם     </UnitOfMeasure><QtyInPackage>לא ידוע</QtyInPackage><UnitOfMeasurePrice>0.0387</UnitOfMeasurePrice><AllowDiscount>1</AllowDiscount><ItemStatus>1</ItemStatus><ItemPrice>9.90</ItemPrice></item><item><PriceUpdateDate>2015-12-28 09:41:06</PriceUpdateDate><ItemCode>5400265022796</ItemCode><ItemType>1</ItemType><ItemName>שוקול'ס דפדפי שוקולד</ItemName><ManufacturerName>ק.א.שוקולד</ManufacturerName><ManufactureCountry>בלגיה</ManufactureCountry><ManufacturerItemDescription>דפדפי שוקולד חלב 125 גרם</ManufacturerItemDescription><SoldByWeight/><Quantity>125.00</Quantity><UnitOfMeasure>גרם     </UnitOfMeasure><QtyInPackage>לא ידוע</QtyInPackage><UnitOfMeasurePrice>0.1192</UnitOfMeasurePrice><AllowDiscount>1</AllowDiscount><ItemStatus>1</ItemStatus><ItemPrice>14.90</ItemPrice></item><item><PriceUpdateDate>2016-05-30 22:03:10</PriceUpdateDate><ItemCode>5400265024349</ItemCode><ItemType>1</ItemType><ItemName>מב המלט מאפה מסוכר 2</ItemName><ManufacturerName>ק.א.שוקולד</ManufacturerName><ManufactureCountry>ישראל</ManufactureCountry><ManufacturerItemDescription>מב המלט מאפה מסוכר 2</ManufacturerItemDescription><SoldByWeight/><Quantity>250.00</Quantity><UnitOfMeasure>גרם     </UnitOfMeasure><QtyInPackage>לא ידוע</QtyInPackage><UnitOfMeasurePrice>0.0400</UnitOfMeasurePrice><AllowDiscount>1</AllowDiscount><ItemStatus>1</ItemStatus><ItemPrice>10.00</ItemPrice></item><item><PriceUpdateDate>2016-05-30 22:02:34</PriceUpdateDate><ItemCode>54051140</ItemCode><ItemType>1</ItemType><ItemName>מב אלפרו מעדן סויה ו</ItemName><ManufacturerName>אלפרו</ManufacturerName><ManufactureCountry>בלגיה</ManufactureCountry><ManufacturerItemDescription>מעדן סויה 4יח'  ל 125X4ג</ManufacturerItemDescription><SoldByWeight/><Quantity>500.00</Quantity><UnitOfMeasure>גרם     </UnitOfMeasure><QtyInPackage>לא ידוע</QtyInPackage><UnitOfMeasurePrice>0.0298</UnitOfMeasurePrice><AllowDiscount>1</AllowDiscount><ItemStatus>1</ItemStatus><ItemPrice>14.90</ItemPrice></item><item><PriceUpdateDate>2016-05-30 22:02:34</PriceUpdateDate><ItemCode>54051157</ItemCode><ItemType>1</ItemType><ItemName>מב אלפרו מעדן סויה ש</ItemName><ManufacturerName>אלפרו</ManufacturerName><ManufactureCountry>בלגיה</ManufactureCountry><ManufacturerItemDescription>מעדן סויה 4יח'  ו125X4גר</ManufacturerItemDescription><SoldByWeight/><Quantity>500.00</Quantity><UnitOfMeasure>גרם     </UnitOfMeasure><QtyInPackage>לא ידוע</QtyInPackage><UnitOfMeasurePrice>0.0298</UnitOfMeasurePrice><AllowDiscount>1</AllowDiscount><ItemStatus>1</ItemStatus><ItemPrice>14.90</ItemPrice></item><item><PriceUpdateDate>2016-02-15 10:16:48</PriceUpdateDate><ItemCode>5410076238255</ItemCode><ItemType>1</ItemType><ItemName>מי פה אורל בי 500 מ"</ItemName><ManufacturerName>אורל בי</ManufacturerName><ManufactureCountry>גרמניה</ManufactureCountry><ManufacturerItemDescription>מי פה אורל בי 500 מ"</ManufacturerItemDescription><SoldByWeight/><Quantity>500.00</Quantity><UnitOfMeasure>מ"ל</UnitOfMeasure><QtyInPackage>לא ידוע</QtyInPackage><UnitOfMeasurePrice>0.0798</UnitOfMeasurePrice><AllowDiscount>1</AllowDiscount><ItemStatus>1</ItemStatus><ItemPrice>39.90</ItemPrice></item><item><PriceUpdateDate>2016-02-15 08:10:36</PriceUpdateDate><ItemCode>5410076659708</ItemCode><ItemType>1</ItemType><ItemName>מרכך הד שולדרס תפוח</ItemName><ManufacturerName>H$S</ManufacturerName><ManufactureCountry>ישראל</ManufactureCountry><ManufacturerItemDescription>מרכך הד שולדרס תפוח</ManufacturerItemDescription><SoldByWeight/><Quantity>400.00</Quantity><UnitOfMeasure>מ"ל</UnitOfMeasure><QtyInPackage>לא ידוע</QtyInPackage><UnitOfMeasurePrice>0.0597</UnitOfMeasurePrice><AllowDiscount>1</AllowDiscount><ItemStatus>1</ItemStatus><ItemPrice>23.90</ItemPrice></item><item><PriceUpdateDate>2016-05-30 22:03:10</PriceUpdateDate><ItemCode>5410126004007</ItemCode><ItemType>1</ItemType><ItemName>מב עוגיות לוטוס דינו</ItemName><ManufacturerName>לוטוס</ManufacturerName><ManufactureCountry>ישראל</ManufactureCountry><ManufacturerItemDescription>מב עוגיות לוטוס דינו</ManufacturerItemDescription><SoldByWeight/><Quantity>225.00</Quantity><UnitOfMeasure>גרם     </UnitOfMeasure><QtyInPackage>לא ידוע</QtyInPackage><UnitOfMeasurePrice>0.0440</UnitOfMeasurePrice><AllowDiscount>1</AllowDiscount><ItemStatus>1</ItemStatus><ItemPrice>9.90</ItemPrice></item><item><PriceUpdateDate>2016-05-30 22:03:10</PriceUpdateDate><ItemCode>5410126004601</ItemCode><ItemType>1</ItemType><ItemName>מב עוגיות לוטוס דינו</ItemName><ManufacturerName>לוטוס</ManufacturerName><ManufactureCountry>ישראל</ManufactureCountry><ManufacturerItemDescription>מב עוגיות לוטוס דינו</ManufacturerItemDescription><SoldByWeight/><Quantity>175.00</Quantity><UnitOfMeasure>גרם     </UnitOfMeasure><QtyInPackage>לא ידוע</QtyInPackage><UnitOfMeasurePrice>0.0566</UnitOfMeasurePrice><AllowDiscount>1</AllowDiscount><ItemStatus>1</ItemStatus><ItemPrice>9.90</ItemPrice></item><item><PriceUpdateDate>2016-05-30 22:03:10</PriceUpdateDate><ItemCode>5410126106183</ItemCode><ItemType>1</ItemType><ItemName>ביסקויט לוטוס קרמל 3</ItemName><ManufacturerName>לוטוס</ManufacturerName><ManufactureCountry>בלגיה</ManufactureCountry><ManufacturerItemDescription>ביסקוויט לוטוס  רוז 50יח</ManufacturerItemDescription><SoldByWeight/><Quantity>312.00</Quantity><UnitOfMeasure>גרם     </UnitOfMeasure><QtyInPackage>לא ידוע</QtyInPackage><UnitOfMeasurePrice>0.0564</UnitOfMeasurePrice><AllowDiscount>1</AllowDiscount><ItemStatus>1</ItemStatus><ItemPrice>17.60</ItemPrice></item><item><PriceUpdateDate>2016-05-30 22:03:10</PriceUpdateDate><ItemCode>5410126116953</ItemCode><ItemType>1</ItemType><ItemName>מב ממרח עוגיות לוטוס</ItemName><ManufacturerName>לוטוס</ManufacturerName><ManufactureCountry>בלגיה</ManufactureCountry><ManufacturerItemDescription>ממרח ביסקוויט   טוס 400ג</ManufacturerItemDescription><SoldByWeight/><Quantity>400.00</Quantity><UnitOfMeasure>גרם     </UnitOfMeasure><QtyInPackage>לא ידוע</QtyInPackage><UnitOfMeasurePrice>0.0497</UnitOfMeasurePrice><AllowDiscount>1</AllowDiscount><ItemStatus>1</ItemStatus><ItemPrice>19.90</ItemPrice></item><item><PriceUpdateDate>2016-05-30 22:03:10</PriceUpdateDate><ItemCode>5410126716016</ItemCode><ItemType>1</ItemType><ItemName>מב ביסקוויט לוטוס קר</ItemName><ManufacturerName>לוטוס</ManufacturerName><ManufactureCountry>בלגיה</ManufactureCountry><ManufacturerItemDescription>ביסקויט לוטוס   .קרמל250</ManufacturerItemDescription><SoldByWeight/><Quantity>250.00</Quantity><UnitOfMeasure>גרם     </UnitOfMeasure><QtyInPackage>לא ידוע</QtyInPackage><UnitOfMeasurePrice>0.0356</UnitOfMeasurePrice><AllowDiscount>1</AllowDiscount><ItemStatus>1</ItemStatus><ItemPrice>8.90</ItemPrice></item><item><PriceUpdateDate>2016-05-01 21:46:23</PriceUpdateDate><ItemCode>5410173210055</ItemCode><ItemType>1</ItemType><ItemName>רומבוטס קפה טחון וקל</ItemName><ManufacturerName>לא ממותג</ManufacturerName><ManufactureCountry>ישראל</ManufactureCountry><ManufacturerItemDescription>רומבוטס קפה טחון וקל</ManufacturerItemDescription><SoldByWeight/><Quantity>70.00</Quantity><UnitOfMeasure>גרם     </UnitOfMeasure><QtyInPackage>לא ידוע</QtyInPackage><UnitOfMeasurePrice>0.3514</UnitOfMeasurePrice><AllowDiscount>1</AllowDiscount><ItemStatus>1</ItemStatus><ItemPrice>24.60</ItemPrice></item><item><PriceUpdateDate>2016-05-30 22:03:10</PriceUpdateDate><ItemCode>5410228146162</ItemCode><ItemType>1</ItemType><ItemName>בירה לף ברון 330 מ"ל</ItemName><ManufacturerName>לף</ManufacturerName><ManufactureCountry>בלגיה</ManufactureCountry><ManufacturerItemDescription>בירה לף ברון    וק 300מל</ManufacturerItemDescription><SoldByWeight/><Quantity>330.00</Quantity><UnitOfMeasure>מ"ל</UnitOfMeasure><QtyInPackage>לא ידוע</QtyInPackage><UnitOfMeasurePrice>0.0452</UnitOfMeasurePrice><AllowDiscount>1</AllowDiscount><ItemStatus>1</ItemStatus><ItemPrice>14.90</ItemPrice></item><item><PriceUpdateDate>2016-05-02 08:05:43</PriceUpdateDate><ItemCode>5410316983693</ItemCode><ItemType>1</ItemType><ItemName>מב וודקה סמירנוף איי</ItemName><ManufacturerName>סמירנוף אייס</ManufacturerName><ManufactureCountry>איטליה</ManufactureCountry><ManufacturerItemDescription>ממתיק הרמזית    ת</ManufacturerItemDescription><SoldByWeight/><Quantity>275.00</Quantity><UnitOfMeasure>מ"ל</UnitOfMeasure><QtyInPackage>לא ידוע</QtyInPackage><UnitOfMeasurePrice>0.0360</UnitOfMeasurePrice><AllowDiscount>1</AllowDiscount><ItemStatus>1</ItemStatus><ItemPrice>9.90</ItemPrice></item><item><PriceUpdateDate>2016-02-02 06:50:36</PriceUpdateDate><ItemCode>5411188081852</ItemCode><ItemType>1</ItemType><ItemName>אלפרו סויה וניל 1 לי</ItemName><ManufacturerName>אלפרו</ManufacturerName><ManufactureCountry>בלגיה</ManufactureCountry><ManufacturerItemDescription>אלפרו סויה וניל 1 ליטר</ManufacturerItemDescription><SoldByWeight/><Quantity>1000.00</Quantity><UnitOfMeasure>מ"ל</UnitOfMeasure><QtyInPackage>לא ידוע</QtyInPackage><UnitOfMeasurePrice>0.0149</UnitOfMeasurePrice><AllowDiscount>1</AllowDiscount><ItemStatus>1</ItemStatus><ItemPrice>14.90</ItemPrice></item><item><PriceUpdateDate>2016-05-30 22:03:10</PriceUpdateDate><ItemCode>5411188094159</ItemCode><ItemType>1</ItemType><ItemName>מב אלפרו מעדן סויה ש</ItemName><ManufacturerName>אלפרו</ManufacturerName><ManufactureCountry>בלגיה</ManufactureCountry><ManufacturerItemDescription>מעדן סויה 4יח'  ולד125X4</ManufacturerItemDescription><SoldByWeight/><Quantity>500.00</Quantity><UnitOfMeasure>מ"ל</UnitOfMeasure><QtyInPackage>לא ידוע</QtyInPackage><UnitOfMeasurePrice>0.0298</UnitOfMeasurePrice><AllowDiscount>1</AllowDiscount><ItemStatus>1</ItemStatus><ItemPrice>14.90</ItemPrice></item><item><PriceUpdateDate>2016-05-30 22:03:11</PriceUpdateDate><ItemCode>5411188110002</ItemCode><ItemType>1</ItemType><ItemName>מב אלפרו מעדן סויה ע</ItemName><ManufacturerName>אלפרו</ManufacturerName><ManufactureCountry>בלגיה</ManufactureCountry><ManufacturerItemDescription>מעדן סויה 4 יח   4י125*ג</ManufacturerItemDescription><SoldByWeight/><Quantity>500.00</Quantity><UnitOfMeasure>גרם     </UnitOfMeasure><QtyInPackage>לא ידוע</QtyInPackage><UnitOfMeasurePrice>0.0298</UnitOfMeasurePrice><AllowDiscount>1</AllowDiscount><ItemStatus>1</ItemStatus><ItemPrice>14.90</ItemPrice></item><item><PriceUpdateDate>2016-05-30 22:03:11</PriceUpdateDate><ItemCode>5411188111375</ItemCode><ItemType>1</ItemType><ItemName>מב אלפרו משקה אורז ו</ItemName><ManufacturerName>אלפרו</ManufacturerName><ManufactureCountry>בלגיה</ManufactureCountry><ManufacturerItemDescription>משקה אורז וניל   ליטר</ManufacturerItemDescription><SoldByWeight/><Quantity>1000.00</Quantity><UnitOfMeasure>מ"ל</UnitOfMeasure><QtyInPackage>לא ידוע</QtyInPackage><UnitOfMeasurePrice>0.0119</UnitOfMeasurePrice><AllowDiscount>1</AllowDiscount><ItemStatus>1</ItemStatus><ItemPrice>11.90</ItemPrice></item><item><PriceUpdateDate>2016-05-30 22:03:11</PriceUpdateDate><ItemCode>5411188112549</ItemCode><ItemType>1</ItemType><ItemName>מב אלפרו משקה אורז 1</ItemName><ManufacturerName>אלפרו</ManufacturerName><ManufactureCountry>בלגיה</ManufactureCountry><ManufacturerItemDescription>אלפרו משקה אורז 1 ליטר</ManufacturerItemDescription><SoldByWeight/><Quantity>1000.00</Quantity><UnitOfMeasure>גרם     </UnitOfMeasure><QtyInPackage>לא ידוע</QtyInPackage><UnitOfMeasurePrice>0.0119</UnitOfMeasurePrice><AllowDiscount>1</AllowDiscount><ItemStatus>1</ItemStatus><ItemPrice>11.90</ItemPrice></item><item><PriceUpdateDate>2016-05-30 22:03:11</PriceUpdateDate><ItemCode>5411188112709</ItemCode><ItemType>1</ItemType><ItemName>מב אלפרו  משקה שקדים</ItemName><ManufacturerName>אלפרו</ManufacturerName><ManufactureCountry>ישראל</ManufactureCountry><ManufacturerItemDescription>אלפרו משקה שקדים לל"ס 1ל</ManufacturerItemDescription><SoldByWeight/><Quantity>1000.00</Quantity><UnitOfMeasure>מ"ל</UnitOfMeasure><QtyInPackage>לא ידוע</QtyInPackage><UnitOfMeasurePrice>0.0119</UnitOfMeasurePrice><AllowDiscount>1</AllowDiscount><ItemStatus>1</ItemStatus><ItemPrice>11.90</ItemPrice></item><item><PriceUpdateDate>2016-05-02 08:05:43</PriceUpdateDate><ItemCode>5411188114239</ItemCode><ItemType>1</ItemType><ItemName>מב אלפרו שמנת לבישול</ItemName><ManufacturerName>אלפרו</ManufacturerName><ManufactureCountry>בלגיה</ManufactureCountry><ManufacturerItemDescription>אלפרו שמנת      אורז250מ</ManufacturerItemDescription><SoldByWeight/><Quantity>250.00</Quantity><UnitOfMeasure>מ"ל</UnitOfMeasure><QtyInPackage>לא ידוע</QtyInPackage><UnitOfMeasurePrice>0.0316</UnitOfMeasurePrice><AllowDiscount>1</AllowDiscount><ItemStatus>1</ItemStatus><ItemPrice>7.90</ItemPrice></item><item><PriceUpdateDate>2016-05-30 22:03:11</PriceUpdateDate><ItemCode>5411188116592</ItemCode><ItemType>1</ItemType><ItemName>מב אלפרו משקה קוקוס</ItemName><ManufacturerName>אלפרו</ManufacturerName><ManufactureCountry>בלגיה</ManufactureCountry><ManufacturerItemDescription>אלפרו משקה קוקוס 1 ליטר</ManufacturerItemDescription><SoldByWeight/><Quantity>1000.00</Quantity><UnitOfMeasure>גרם     </UnitOfMeasure><QtyInPackage>לא ידוע</QtyInPackage><UnitOfMeasurePrice>0.0119</UnitOfMeasurePrice><AllowDiscount>1</AllowDiscount><ItemStatus>1</ItemStatus><ItemPrice>11.90</ItemPrice></item><item><PriceUpdateDate>2016-05-30 22:03:11</PriceUpdateDate><ItemCode>5411188118732</ItemCode><ItemType>1</ItemType><ItemName>מב אלפרו משקה קוקוס</ItemName><ManufacturerName>אלפרו</ManufacturerName><ManufactureCountry>בלגיה</ManufactureCountry><ManufacturerItemDescription>אלפלרו משקה אגוזם 1 ליטר</ManufacturerItemDescription><SoldByWeight/><Quantity>1000.00</Quantity><UnitOfMeasure>מ"ל</UnitOfMeasure><QtyInPackage>לא ידוע</QtyInPackage><UnitOfMeasurePrice>0.0119</UnitOfMeasurePrice><AllowDiscount>1</AllowDiscount><ItemStatus>1</ItemStatus><ItemPrice>11.90</ItemPrice></item><item><PriceUpdateDate>2016-05-30 22:03:11</PriceUpdateDate><ItemCode>5411188120742</ItemCode><ItemType>1</ItemType><ItemName>מב אלפרו משקה שקדים</ItemName><ManufacturerName>אלפרו</ManufacturerName><ManufactureCountry>בלגיה</ManufactureCountry><ManufacturerItemDescription>אלפלרו משקה אגוזם 1 ליטר</ManufacturerItemDescription><SoldByWeight/><Quantity>1000.00</Quantity><UnitOfMeasure>מ"ל</UnitOfMeasure><QtyInPackage>לא ידוע</QtyInPackage><UnitOfMeasurePrice>0.0119</UnitOfMeasurePrice><AllowDiscount>1</AllowDiscount><ItemStatus>1</ItemStatus><ItemPrice>11.90</ItemPrice></item><item><PriceUpdateDate>2016-02-02 06:50:37</PriceUpdateDate><ItemCode>5411188300328</ItemCode><ItemType>1</ItemType><ItemName>משקה סויה שוקו 1 ליט</ItemName><ManufacturerName>אלפרו</ManufacturerName><ManufactureCountry>בלגיה</ManufactureCountry><ManufacturerItemDescription>אלפרו סויה שוקו 1 ליטר</ManufacturerItemDescription><SoldByWeight/><Quantity>1000.00</Quantity><UnitOfMeasure>מ"ל</UnitOfMeasure><QtyInPackage>לא ידוע</QtyInPackage><UnitOfMeasurePrice>0.0149</UnitOfMeasurePrice><AllowDiscount>1</AllowDiscount><ItemStatus>1</ItemStatus><ItemPrice>14.90</ItemPrice></item><item><PriceUpdateDate>2016-05-15 12:46:09</PriceUpdateDate><ItemCode>5413121359769</ItemCode><ItemType>1</ItemType><ItemName>בונבוניירה בלג'יאן צ</ItemName><ManufacturerName>ק.א.שוקולד</ManufacturerName><ManufactureCountry>בלגיה</ManufactureCountry><ManufacturerItemDescription>בונבונירה צדפי שוקולד 195</ManufacturerItemDescription><SoldByWeight/><Quantity>195.00</Quantity><UnitOfMeasure>גרם     </UnitOfMeasure><QtyInPackage>לא ידוע</QtyInPackage><UnitOfMeasurePrice>0.0779</UnitOfMeasurePrice><AllowDiscount>1</AllowDiscount><ItemStatus>1</ItemStatus><ItemPrice>15.20</ItemPrice></item><item><PriceUpdateDate>2016-05-18 17:54:57</PriceUpdateDate><ItemCode>5413149655522</ItemCode><ItemType>1</ItemType><ItemName>אריאל  שושן צחור 1.2</ItemName><ManufacturerName>אריאל</ManufacturerName><ManufactureCountry>ישראל</ManufactureCountry><ManufacturerItemDescription>א.כביסה אריאל שושן צחור1.</ManufacturerItemDescription><SoldByWeight/><Quantity>1250.00</Quantity><UnitOfMeasure>גרם     </UnitOfMeasure><QtyInPackage>לא ידוע</QtyInPackage><UnitOfMeasurePrice>0.0159</UnitOfMeasurePrice><AllowDiscount>1</AllowDiscount><ItemStatus>1</ItemStatus><ItemPrice>19.90</ItemPrice></item><item><PriceUpdateDate>2015-11-12 17:54:56</PriceUpdateDate><ItemCode>5413149695986</ItemCode><ItemType>1</ItemType><ItemName>אבקת כביסה תינוקלין</ItemName><ManufacturerName>תינוקלין</ManufacturerName><ManufactureCountry>ישראל</ManufactureCountry><ManufacturerItemDescription>אבקת כביסה תינוקלין</ManufacturerItemDescription><SoldByWeight/><Quantity>1250.00</Quantity><UnitOfMeasure>גרם     </UnitOfMeasure><QtyInPackage>לא ידוע</QtyInPackage><UnitOfMeasurePrice>0.0222</UnitOfMeasurePrice><AllowDiscount>1</AllowDiscount><ItemStatus>1</ItemStatus><ItemPrice>27.70</ItemPrice></item><item><PriceUpdateDate>2016-05-30 22:03:11</PriceUpdateDate><ItemCode>5413149922938</ItemCode><ItemType>1</ItemType><ItemName>אבקת כביסה אריאל שוש</ItemName><ManufacturerName>אריאל</ManufacturerName><ManufactureCountry>ישראל</ManufactureCountry><ManufacturerItemDescription>אבקת כביסה אריאל שוש</ManufacturerItemDescription><SoldByWeight/><Quantity>5000.00</Quantity><UnitOfMeasure>גרם     </UnitOfMeasure><QtyInPackage>לא ידוע</QtyInPackage><UnitOfMeasurePrice>0.0104</UnitOfMeasurePrice><AllowDiscount>1</AllowDiscount><ItemStatus>1</ItemStatus><ItemPrice>51.90</ItemPrice></item><item><PriceUpdateDate>2016-03-01 06:42:53</PriceUpdateDate><ItemCode>5413149930025</ItemCode><ItemType>1</ItemType><ItemName>אבקת כביסה טייד אלפי</ItemName><ManufacturerName>טייד</ManufacturerName><ManufactureCountry>ישראל</ManufactureCountry><ManufacturerItemDescription>אבקת כביסה טייד אלפי</ManufacturerItemDescription><SoldByWeight/><Quantity>5000.00</Quantity><UnitOfMeasure>גרם     </UnitOfMeasure><QtyInPackage>לא ידוע</QtyInPackage><UnitOfMeasurePrice>0.0100</UnitOfMeasurePrice><AllowDiscount>1</AllowDiscount><ItemStatus>1</ItemStatus><ItemPrice>49.90</ItemPrice></item><item><PriceUpdateDate>2016-03-22 08:29:07</PriceUpdateDate><ItemCode>5413216990242</ItemCode><ItemType>1</ItemType><ItemName>בונבוניירה צדפי שוקו</ItemName><ManufacturerName>יוגטה</ManufacturerName><ManufactureCountry>לא ידוע</ManufactureCountry><ManufacturerItemDescription>בונבוניירה צדפי שוקו</ManufacturerItemDescription><SoldByWeight/><Quantity>250.00</Quantity><UnitOfMeasure>גרם     </UnitOfMeasure><QtyInPackage>לא ידוע</QtyInPackage><UnitOfMeasurePrice>0.0716</UnitOfMeasurePrice><AllowDiscount>1</AllowDiscount><ItemStatus>1</ItemStatus><ItemPrice>17.90</ItemPrice></item><item><PriceUpdateDate>2016-05-15 12:46:09</PriceUpdateDate><ItemCode>5420066330098</ItemCode><ItemType>1</ItemType><ItemName>בונ' ביאנקה טראפלס ק</ItemName><ManufacturerName>ביאנקה</ManufacturerName><ManufactureCountry>בלגיה</ManufactureCountry><ManufacturerItemDescription>ביאנקה טרופל קקאו 175 גרם</ManufacturerItemDescription><SoldByWeight/><Quantity>175.00</Quantity><UnitOfMeasure>גרם     </UnitOfMeasure><QtyInPackage>לא ידוע</QtyInPackage><UnitOfMeasurePrice>0.0680</UnitOfMeasurePrice><AllowDiscount>1</AllowDiscount><ItemStatus>1</ItemStatus><ItemPrice>11.90</ItemPrice></item><item><PriceUpdateDate>2016-05-15 12:46:09</PriceUpdateDate><ItemCode>5420066330166</ItemCode><ItemType>1</ItemType><ItemName>בונ' ביאנקה טראפלס פ</ItemName><ManufacturerName>ביאנקה</ManufacturerName><ManufactureCountry>בלגיה</ManufactureCountry><ManufacturerItemDescription>ביאנקה טרופל קקאו 175 גרם</ManufacturerItemDescription><SoldByWeight/><Quantity>175.00</Quantity><UnitOfMeasure>גרם     </UnitOfMeasure><QtyInPackage>לא ידוע</QtyInPackage><UnitOfMeasurePrice>0.0680</UnitOfMeasurePrice><AllowDiscount>1</AllowDiscount><ItemStatus>1</ItemStatus><ItemPrice>11.90</ItemPrice></item><item><PriceUpdateDate>2016-05-15 12:46:09</PriceUpdateDate><ItemCode>5420066330173</ItemCode><ItemType>1</ItemType><ItemName>בונ' ביאנקה טראפלס מ</ItemName><ManufacturerName>ביאנקה</ManufacturerName><ManufactureCountry>בלגיה</ManufactureCountry><ManufacturerItemDescription>ביאנקה טרופל שוקולד מריר1</ManufacturerItemDescription><SoldByWeight/><Quantity>175.00</Quantity><UnitOfMeasure>גרם     </UnitOfMeasure><QtyInPackage>לא ידוע</QtyInPackage><UnitOfMeasurePrice>0.0680</UnitOfMeasurePrice><AllowDiscount>1</AllowDiscount><ItemStatus>1</ItemStatus><ItemPrice>11.90</ItemPrice></item><item><PriceUpdateDate>2016-05-30 22:03:11</PriceUpdateDate><ItemCode>5425000191025</ItemCode><ItemType>1</ItemType><ItemName>מב משקה אגוזים רייס</ItemName><ManufacturerName>רייס דרים</ManufacturerName><ManufactureCountry>גרמניה</ManufactureCountry><ManufacturerItemDescription>דאו.אדידס A3 פרש לגבר200</ManufacturerItemDescription><SoldByWeight/><Quantity>1000.00</Quantity><UnitOfMeasure>מ"ל</UnitOfMeasure><QtyInPackage>לא ידוע</QtyInPackage><UnitOfMeasurePrice>0.0119</UnitOfMeasurePrice><AllowDiscount>1</AllowDiscount><ItemStatus>1</ItemStatus><ItemPrice>11.90</ItemPrice></item><item><PriceUpdateDate>2014-11-03 06:37:44</PriceUpdateDate><ItemCode>54800010080</ItemCode><ItemType>1</ItemType><ItemName>אורז אנקל בנס רגיל 9</ItemName><ManufacturerName>אנקל בנס</ManufacturerName><ManufactureCountry>ישראל</ManufactureCountry><ManufacturerItemDescription>אורז אנקל בנס רגיל 9</ManufacturerItemDescription><SoldByWeight/><Quantity>907.00</Quantity><UnitOfMeasure>גרם     </UnitOfMeasure><QtyInPackage>לא ידוע</QtyInPackage><UnitOfMeasurePrice>0.0301</UnitOfMeasurePrice><AllowDiscount>1</AllowDiscount><ItemStatus>1</ItemStatus><ItemPrice>27.30</ItemPrice></item><item><PriceUpdateDate>2015-11-12 16:53:51</PriceUpdateDate><ItemCode>55369902564</ItemCode><ItemType>1</ItemType><ItemName>רסק אפל סנק 4 מנות ת</ItemName><ManufacturerName>אפל סנאק</ManufacturerName><ManufactureCountry>ישראל</ManufactureCountry><ManufacturerItemDescription>רסק אפל סנק 4 מנות ת</ManufacturerItemDescription><SoldByWeight/><Quantity>113.00</Quantity><UnitOfMeasure>גרם     </UnitOfMeasure><QtyInPackage>לא ידוע</QtyInPackage><UnitOfMeasurePrice>0.1513</UnitOfMeasurePrice><AllowDiscount>1</AllowDiscount><ItemStatus>1</ItemStatus><ItemPrice>17.10</ItemPrice></item><item><PriceUpdateDate>2015-11-12 16:51:31</PriceUpdateDate><ItemCode>55500012046</ItemCode><ItemType>1</ItemType><ItemName>קלין אפ מרסס 946 מ''</ItemName><ManufacturerName>כלורקס</ManufacturerName><ManufactureCountry>ישראל</ManufactureCountry><ManufacturerItemDescription>קלין אפ מרסס 946 מ''</ManufacturerItemDescription><SoldByWeight/><Quantity>946.00</Quantity><UnitOfMeasure>מ"ל</UnitOfMeasure><QtyInPackage>לא ידוע</QtyInPackage><UnitOfMeasurePrice>0.0226</UnitOfMeasurePrice><AllowDiscount>1</AllowDiscount><ItemStatus>1</ItemStatus><ItemPrice>21.40</ItemPrice></item><item><PriceUpdateDate>2016-03-17 09:30:35</PriceUpdateDate><ItemCode>5609862</ItemCode><ItemType>3</ItemType><ItemName>צוואר בקר טרי אל גאו</ItemName><ManufacturerName>נטו סחר</ManufacturerName><ManufactureCountry>לא ידוע</ManufactureCountry><ManufacturerItemDescription>צוואר בקר טרי אל גאו</ManufacturerItemDescription><SoldByWeight/><Quantity>1.00</Quantity><UnitOfMeasure>ק"ג</UnitOfMeasure><QtyInPackage>לא ידוע</QtyInPackage><UnitOfMeasurePrice>54.9000</UnitOfMeasurePrice><AllowDiscount>1</AllowDiscount><ItemStatus>1</ItemStatus><ItemPrice>54.90</ItemPrice></item><item><PriceUpdateDate>2016-05-01 21:46:24</PriceUpdateDate><ItemCode>5701092108708</ItemCode><ItemType>1</ItemType><ItemName>מב פיניש קואנטום לימ</ItemName><ManufacturerName>פיניש</ManufacturerName><ManufactureCountry>פולין</ManufactureCountry><ManufacturerItemDescription>מב פיניש קואנטום לימ</ManufacturerItemDescription><SoldByWeight/><Quantity>20.00</Quantity><UnitOfMeasure>יח'</UnitOfMeasure><QtyInPackage>לא ידוע</QtyInPackage><UnitOfMeasurePrice>1.2450</UnitOfMeasurePrice><AllowDiscount>1</AllowDiscount><ItemStatus>1</ItemStatus><ItemPrice>24.90</ItemPrice></item><item><PriceUpdateDate>2016-05-01 21:46:24</PriceUpdateDate><ItemCode>5701932026964</ItemCode><ItemType>1</ItemType><ItemName>פופקורן הוט פופ מלח</ItemName><ManufacturerName>ליימן חטיבת המותגים</ManufacturerName><ManufactureCountry>ארצות הברית</ManufactureCountry><ManufacturerItemDescription>וילדה מטלית</ManufacturerItemDescription><SoldByWeight/><Quantity>600.00</Quantity><UnitOfMeasure>גרם     </UnitOfMeasure><QtyInPackage>לא ידוע</QtyInPackage><UnitOfMeasurePrice>0.0248</UnitOfMeasurePrice><AllowDiscount>1</AllowDiscount><ItemStatus>1</ItemStatus><ItemPrice>14.90</ItemPrice></item><item><PriceUpdateDate>2016-05-01 21:46:24</PriceUpdateDate><ItemCode>5701932026995</ItemCode><ItemType>1</ItemType><ItemName>פופקורן הוט פופ לייט</ItemName><ManufacturerName>ליימן חטיבת המותגים</ManufacturerName><ManufactureCountry>ארצות הברית</ManufactureCountry><ManufacturerItemDescription>אג'קס ניקוי כללילימון 2ל</ManufacturerItemDescription><SoldByWeight/><Quantity>510.00</Quantity><UnitOfMeasure>גרם     </UnitOfMeasure><QtyInPackage>לא ידוע</QtyInPackage><UnitOfMeasurePrice>0.0292</UnitOfMeasurePrice><AllowDiscount>1</AllowDiscount><ItemStatus>1</ItemStatus><ItemPrice>14.90</ItemPrice></item><item><PriceUpdateDate>2016-05-01 21:46:24</PriceUpdateDate><ItemCode>5706516031358</ItemCode><ItemType>1</ItemType><ItemName>פופקורן הוט פופ 100</ItemName><ManufacturerName>ליימן חטיבת המותגים</ManufacturerName><ManufactureCountry>ארצות הברית</ManufactureCountry><ManufacturerItemDescription>אג'קס לחלונות   7מל</ManufacturerItemDescription><SoldByWeight/><Quantity>160.00</Quantity><UnitOfMeasure>גרם     </UnitOfMeasure><QtyInPackage>לא ידוע</QtyInPackage><UnitOfMeasurePrice>0.0931</UnitOfMeasurePrice><AllowDiscount>1</AllowDiscount><ItemStatus>1</ItemStatus><ItemPrice>14.90</ItemPrice></item><item><PriceUpdateDate>2016-06-08 11:06:16</PriceUpdateDate><ItemCode>5708209201611</ItemCode><ItemType>1</ItemType><ItemName>מב עלי טורטייה 340 ג</ItemName><ManufacturerName>מסטמכר</ManufacturerName><ManufactureCountry>ישראל</ManufactureCountry><ManufacturerItemDescription>מב עלי טורטייה 340 ג</ManufacturerItemDescription><SoldByWeight/><Quantity>340.00</Quantity><UnitOfMeasure>גרם     </UnitOfMeasure><QtyInPackage>לא ידוע</QtyInPackage><UnitOfMeasurePrice>0.0379</UnitOfMeasurePrice><AllowDiscount>1</AllowDiscount><ItemStatus>1</ItemStatus><ItemPrice>12.90</ItemPrice></item><item><PriceUpdateDate>2016-05-02 08:05:43</PriceUpdateDate><ItemCode>5900020012814</ItemCode><ItemType>1</ItemType><ItemName>מב דגני בוקר נסקוויק</ItemName><ManufacturerName>נסקוויק</ManufacturerName><ManufactureCountry>פולין</ManufactureCountry><ManufacturerItemDescription>זוג משחות שינייםדום100*2</ManufacturerItemDescription><SoldByWeight/><Quantity>500.00</Quantity><UnitOfMeasure>גרם     </UnitOfMeasure><QtyInPackage>לא ידוע</QtyInPackage><UnitOfMeasurePrice>0.0398</UnitOfMeasurePrice><AllowDiscount>1</AllowDiscount><ItemStatus>1</ItemStatus><ItemPrice>19.90</ItemPrice></item><item><PriceUpdateDate>2016-05-30 22:03:12</PriceUpdateDate><ItemCode>5900020015174</ItemCode><ItemType>1</ItemType><ItemName>פיטנס חטיף דגנים שוק</ItemName><ManufacturerName>פיטנס</ManufacturerName><ManufactureCountry>פולין</ManufactureCountry><ManufacturerItemDescription>משחת שיניים      75 מ"ל</ManufacturerItemDescription><SoldByWeight/><Quantity>141.00</Quantity><UnitOfMeasure>גרם     </UnitOfMeasure><QtyInPackage>לא ידוע</QtyInPackage><UnitOfMeasurePrice>0.1255</UnitOfMeasurePrice><AllowDiscount>1</AllowDiscount><ItemStatus>1</ItemStatus><ItemPrice>17.70</ItemPrice></item><item><PriceUpdateDate>2016-05-30 22:03:13</PriceUpdateDate><ItemCode>5900020018908</ItemCode><ItemType>1</ItemType><ItemName>פיטנס חטיף דגנים קרם</ItemName><ManufacturerName>פיטנס</ManufacturerName><ManufactureCountry>פולין</ManufactureCountry><ManufacturerItemDescription>קרם יד.פנג'ל 3יח 80*3מ"ל</ManufacturerItemDescription><SoldByWeight/><Quantity>141.00</Quantity><UnitOfMeasure>גרם     </UnitOfMeasure><QtyInPackage>לא ידוע</QtyInPackage><UnitOfMeasurePrice>0.1255</UnitOfMeasurePrice><AllowDiscount>1</AllowDiscount><ItemStatus>1</ItemStatus><ItemPrice>17.70</ItemPrice></item><item><PriceUpdateDate>2016-05-30 22:03:13</PriceUpdateDate><ItemCode>5900020020710</ItemCode><ItemType>1</ItemType><ItemName>חטיפי דגנים קראנץ' ש</ItemName><ManufacturerName>קראנץ</ManufacturerName><ManufactureCountry>פולין</ManufactureCountry><ManufacturerItemDescription>חליטת ורד הבר   קו3.5X2ג</ManufacturerItemDescription><SoldByWeight/><Quantity>150.00</Quantity><UnitOfMeasure>גרם     </UnitOfMeasure><QtyInPackage>לא ידוע</QtyInPackage><UnitOfMeasurePrice>0.1127</UnitOfMeasurePrice><AllowDiscount>1</AllowDiscount><ItemStatus>1</ItemStatus><ItemPrice>16.90</ItemPrice></item><item><PriceUpdateDate>2016-05-30 22:03:13</PriceUpdateDate><ItemCode>5900020020741</ItemCode><ItemType>1</ItemType><ItemName>חטיפי דגנים נסקוויק</ItemName><ManufacturerName>נסקוויק</ManufacturerName><ManufactureCountry>פולין</ManufactureCountry><ManufacturerItemDescription>חליטת מנטה      שק2.25Xג</ManufacturerItemDescription><SoldByWeight/><Quantity>150.00</Quantity><UnitOfMeasure>גרם     </UnitOfMeasure><QtyInPackage>לא ידוע</QtyInPackage><UnitOfMeasurePrice>0.1127</UnitOfMeasurePrice><AllowDiscount>1</AllowDiscount><ItemStatus>1</ItemStatus><ItemPrice>16.90</ItemPrice></item><item><PriceUpdateDate>2016-05-30 22:03:13</PriceUpdateDate><ItemCode>5900020024770</ItemCode><ItemType>1</ItemType><ItemName>פיטנס בר דליס שוקולד</ItemName><ManufacturerName>פיטנס</ManufacturerName><ManufactureCountry>פולין</ManufactureCountry><ManufacturerItemDescription>קרם יד.פנג'ל 3יח 80*3מ"ל</ManufacturerItemDescription><SoldByWeight/><Quantity>135.00</Quantity><UnitOfMeasure>גרם     </UnitOfMeasure><QtyInPackage>לא ידוע</QtyInPackage><UnitOfMeasurePrice>0.1311</UnitOfMeasurePrice><AllowDiscount>1</AllowDiscount><ItemStatus>1</ItemStatus><ItemPrice>17.70</ItemPrice></item><item><PriceUpdateDate>2016-05-30 22:03:13</PriceUpdateDate><ItemCode>5900020024848</ItemCode><ItemType>1</ItemType><ItemName>פיטנס בר דליס שוקולד</ItemName><ManufacturerName>פיטנס</ManufacturerName><ManufactureCountry>פולין</ManufactureCountry><ManufacturerItemDescription>קרם יד.פנג'ל 3יח 80*3מ"ל</ManufacturerItemDescription><SoldByWeight/><Quantity>135.00</Quantity><UnitOfMeasure>גרם     </UnitOfMeasure><QtyInPackage>לא ידוע</QtyInPackage><UnitOfMeasurePrice>0.1311</UnitOfMeasurePrice><AllowDiscount>1</AllowDiscount><ItemStatus>1</ItemStatus><ItemPrice>17.70</ItemPrice></item><item><PriceUpdateDate>2016-05-30 22:03:13</PriceUpdateDate><ItemCode>5900020025951</ItemCode><ItemType>1</ItemType><ItemName>חטיפי דגנים גולדן מי</ItemName><ManufacturerName>סיני מיני</ManufacturerName><ManufactureCountry>פולין</ManufactureCountry><ManufacturerItemDescription>חליטת ורד הבר   קו3.5X2ג</ManufacturerItemDescription><SoldByWeight/><Quantity>150.00</Quantity><UnitOfMeasure>גרם     </UnitOfMeasure><QtyInPackage>לא ידוע</QtyInPackage><UnitOfMeasurePrice>0.1127</UnitOfMeasurePrice><AllowDiscount>1</AllowDiscount><ItemStatus>1</ItemStatus><ItemPrice>16.90</ItemPrice></item><item><PriceUpdateDate>2015-11-20 09:37:59</PriceUpdateDate><ItemCode>5900020026026</ItemCode><ItemType>1</ItemType><ItemName>מארז כפול פיטנס חטיף</ItemName><ManufacturerName>פיטנס</ManufacturerName><ManufactureCountry>פולין</ManufactureCountry><ManufacturerItemDescription>משחת שיניים      75 מ"ל</ManufacturerItemDescription><SoldByWeight/><Quantity>282.00</Quantity><UnitOfMeasure>גרם     </UnitOfMeasure><QtyInPackage>לא ידוע</QtyInPackage><UnitOfMeasurePrice>0.0848</UnitOfMeasurePrice><AllowDiscount>1</AllowDiscount><ItemStatus>1</ItemStatus><ItemPrice>23.90</ItemPrice></item><item><PriceUpdateDate>2015-10-22 16:27:24</PriceUpdateDate><ItemCode>5901414200411</ItemCode><ItemType>1</ItemType><ItemName>עוגיות היט מיני שוקו</ItemName><ManufacturerName>היט מיניס</ManufacturerName><ManufactureCountry>פולין</ManufactureCountry><ManufacturerItemDescription>היט מיני קקאו 130 גרם</ManufacturerItemDescription><SoldByWeight/><Quantity>130.00</Quantity><UnitOfMeasure>גרם     </UnitOfMeasure><QtyInPackage>לא ידוע</QtyInPackage><UnitOfMeasurePrice>0.0592</UnitOfMeasurePrice><AllowDiscount>1</AllowDiscount><ItemStatus>1</ItemStatus><ItemPrice>7.70</ItemPrice></item><item><PriceUpdateDate>2016-05-17 09:14:23</PriceUpdateDate><ItemCode>59039549</ItemCode><ItemType>1</ItemType><ItemName>ס.ווג פריזון מנטול ב</ItemName><ManufacturerName>ווג</ManufacturerName><ManufactureCountry>פולין</ManufactureCountry><ManufacturerItemDescription>סיגריות ווג פריזון מנטול</ManufacturerItemDescription><SoldByWeight/><Quantity>0.00</Quantity><UnitOfMeasure>יח'</UnitOfMeasure><QtyInPackage>לא ידוע</QtyInPackage><UnitOfMeasurePrice>0.0000</UnitOfMeasurePrice><AllowDiscount>1</AllowDiscount><ItemStatus>1</ItemStatus><ItemPrice>36.00</ItemPrice></item><item><PriceUpdateDate>2016-03-01 06:48:56</PriceUpdateDate><ItemCode>5904941751302</ItemCode><ItemType>1</ItemType><ItemName>משקה אנרגיה בלו 250</ItemName><ManufacturerName>בלו</ManufacturerName><ManufactureCountry>פולין</ManufactureCountry><ManufacturerItemDescription>סבון פלמוליב 4יחים100*4ג</ManufacturerItemDescription><SoldByWeight/><Quantity>250.00</Quantity><UnitOfMeasure>מ"ל</UnitOfMeasure><QtyInPackage>לא ידוע</QtyInPackage><UnitOfMeasurePrice>0.0156</UnitOfMeasurePrice><AllowDiscount>0</AllowDiscount><ItemStatus>1</ItemStatus><ItemPrice>3.90</ItemPrice></item><item><PriceUpdateDate>2016-02-08 08:16:39</PriceUpdateDate><ItemCode>5906190554772</ItemCode><ItemType>1</ItemType><ItemName>עוגיות אלפינו טבעות</ItemName><ManufacturerName>לא ממותג</ManufacturerName><ManufactureCountry>לא ידוע</ManufactureCountry><ManufacturerItemDescription>עוגיות אלפינו טבעות</ManufacturerItemDescription><SoldByWeight/><Quantity>180.00</Quantity><UnitOfMeasure>גרם     </UnitOfMeasure><QtyInPackage>לא ידוע</QtyInPackage><UnitOfMeasurePrice>0.0383</UnitOfMeasurePrice><AllowDiscount>1</AllowDiscount><ItemStatus>1</ItemStatus><ItemPrice>6.90</ItemPrice></item><item><PriceUpdateDate>2016-05-02 08:05:43</PriceUpdateDate><ItemCode>5906485301012</ItemCode><ItemType>1</ItemType><ItemName>משקה אנרגיה אקסל 250</ItemName><ManufacturerName>XL</ManufacturerName><ManufactureCountry>ישראל</ManufactureCountry><ManufacturerItemDescription>משקה אנרגיה XL מל</ManufacturerItemDescription><SoldByWeight/><Quantity>250.00</Quantity><UnitOfMeasure>מ"ל</UnitOfMeasure><QtyInPackage>לא ידוע</QtyInPackage><UnitOfMeasurePrice>0.0120</UnitOfMeasurePrice><AllowDiscount>1</AllowDiscount><ItemStatus>1</ItemStatus><ItemPrice>3.00</ItemPrice></item><item><PriceUpdateDate>2016-01-05 08:48:52</PriceUpdateDate><ItemCode>5906812001165</ItemCode><ItemType>1</ItemType><ItemName>צוזיקי ויטה דיי- עוג</ItemName><ManufacturerName>ק.א.שוקולד</ManufacturerName><ManufactureCountry>ישראל</ManufactureCountry><ManufacturerItemDescription>צוזיקי ויטה דיי- עוג</ManufacturerItemDescription><SoldByWeight/><Quantity>200.00</Quantity><UnitOfMeasure>גרם     </UnitOfMeasure><QtyInPackage>לא ידוע</QtyInPackage><UnitOfMeasurePrice>0.0595</UnitOfMeasurePrice><AllowDiscount>1</AllowDiscount><ItemStatus>1</ItemStatus><ItemPrice>11.90</ItemPrice></item><item><PriceUpdateDate>2016-02-24 07:09:14</PriceUpdateDate><ItemCode>5906812009109</ItemCode><ItemType>1</ItemType><ItemName>לה קרמה- עוגיות במיל</ItemName><ManufacturerName>ק.א.שוקולד</ManufacturerName><ManufactureCountry>פולין</ManufactureCountry><ManufacturerItemDescription>עוגיות במילוי קרם שוקולד1</ManufacturerItemDescription><SoldByWeight/><Quantity>150.00</Quantity><UnitOfMeasure>גרם     </UnitOfMeasure><QtyInPackage>לא ידוע</QtyInPackage><UnitOfMeasurePrice>0.0593</UnitOfMeasurePrice><AllowDiscount>1</AllowDiscount><ItemStatus>1</ItemStatus><ItemPrice>8.90</ItemPrice></item><item><PriceUpdateDate>2015-11-12 17:54:21</PriceUpdateDate><ItemCode>5908234805635</ItemCode><ItemType>1</ItemType><ItemName>הפי רול וופל רול במי</ItemName><ManufacturerName>הפי רול</ManufacturerName><ManufactureCountry>פולין</ManufactureCountry><ManufacturerItemDescription>וופל רול במילוי קרם קקאו</ManufacturerItemDescription><SoldByWeight/><Quantity>150.00</Quantity><UnitOfMeasure>גרם     </UnitOfMeasure><QtyInPackage>לא ידוע</QtyInPackage><UnitOfMeasurePrice>0.0540</UnitOfMeasurePrice><AllowDiscount>1</AllowDiscount><ItemStatus>1</ItemStatus><ItemPrice>8.10</ItemPrice></item><item><PriceUpdateDate>2015-11-12 17:54:21</PriceUpdateDate><ItemCode>5908234805642</ItemCode><ItemType>1</ItemType><ItemName>הפי רול וופל רול במי</ItemName><ManufacturerName>הפי רול</ManufacturerName><ManufactureCountry>פולין</ManufactureCountry><ManufacturerItemDescription>וופל רול במילוי קרם וניל</ManufacturerItemDescription><SoldByWeight/><Quantity>150.00</Quantity><UnitOfMeasure>גרם     </UnitOfMeasure><QtyInPackage>לא ידוע</QtyInPackage><UnitOfMeasurePrice>0.0540</UnitOfMeasurePrice><AllowDiscount>1</AllowDiscount><ItemStatus>1</ItemStatus><ItemPrice>8.10</ItemPrice></item><item><PriceUpdateDate>2015-11-12 17:54:21</PriceUpdateDate><ItemCode>5908234805659</ItemCode><ItemType>1</ItemType><ItemName>הפי רול וופל רול במי</ItemName><ManufacturerName>הפי רול</ManufacturerName><ManufactureCountry>פולין</ManufactureCountry><ManufacturerItemDescription>וופל רול במילוי קרם קוקוס</ManufacturerItemDescription><SoldByWeight/><Quantity>150.00</Quantity><UnitOfMeasure>גרם     </UnitOfMeasure><QtyInPackage>לא ידוע</QtyInPackage><UnitOfMeasurePrice>0.0540</UnitOfMeasurePrice><AllowDiscount>1</AllowDiscount><ItemStatus>1</ItemStatus><ItemPrice>8.10</ItemPrice></item><item><PriceUpdateDate>2015-11-12 17:54:21</PriceUpdateDate><ItemCode>5908234805666</ItemCode><ItemType>1</ItemType><ItemName>הפי רול וופל רול במי</ItemName><ManufacturerName>הפי רול</ManufacturerName><ManufactureCountry>פולין</ManufactureCountry><ManufacturerItemDescription>וופל רול במילוי קרם אגוזי</ManufacturerItemDescription><SoldByWeight/><Quantity>150.00</Quantity><UnitOfMeasure>גרם     </UnitOfMeasure><QtyInPackage>לא ידוע</QtyInPackage><UnitOfMeasurePrice>0.0540</UnitOfMeasurePrice><AllowDiscount>1</AllowDiscount><ItemStatus>1</ItemStatus><ItemPrice>8.10</ItemPrice></item><item><PriceUpdateDate>2016-01-06 08:12:16</PriceUpdateDate><ItemCode>5908234806670</ItemCode><ItemType>1</ItemType><ItemName>הפי ביאנקו כדורי וופ</ItemName><ManufacturerName>הפי וופל</ManufacturerName><ManufactureCountry>ישראל</ManufactureCountry><ManufacturerItemDescription>הפי ביאנקו כדורי וופ</ManufacturerItemDescription><SoldByWeight/><Quantity>140.00</Quantity><UnitOfMeasure>גרם     </UnitOfMeasure><QtyInPackage>לא ידוע</QtyInPackage><UnitOfMeasurePrice>0.0707</UnitOfMeasurePrice><AllowDiscount>1</AllowDiscount><ItemStatus>1</ItemStatus><ItemPrice>9.90</ItemPrice></item><item><PriceUpdateDate>2016-03-23 09:38:07</PriceUpdateDate><ItemCode>5908234806892</ItemCode><ItemType>1</ItemType><ItemName>הפי מוקה כדורי וופל</ItemName><ManufacturerName>הפי וופל</ManufacturerName><ManufactureCountry>ישראל</ManufactureCountry><ManufacturerItemDescription>הפי מוקה כדורי וופל</ManufacturerItemDescription><SoldByWeight/><Quantity>140.00</Quantity><UnitOfMeasure>גרם     </UnitOfMeasure><QtyInPackage>לא ידוע</QtyInPackage><UnitOfMeasurePrice>0.0707</UnitOfMeasurePrice><AllowDiscount>1</AllowDiscount><ItemStatus>1</ItemStatus><ItemPrice>9.90</ItemPrice></item><item><PriceUpdateDate>2015-08-03 08:16:19</PriceUpdateDate><ItemCode>5948935000274</ItemCode><ItemType>1</ItemType><ItemName>פסטה ד'אורו פוזילי מ</ItemName><ManufacturerName>SamMills</ManufacturerName><ManufactureCountry>ישראל</ManufactureCountry><ManufacturerItemDescription>פוזילי מקמח תירס 500 גר</ManufacturerItemDescription><SoldByWeight/><Quantity>500.00</Quantity><UnitOfMeasure>גרם     </UnitOfMeasure><QtyInPackage>לא ידוע</QtyInPackage><UnitOfMeasurePrice>0.0198</UnitOfMeasurePrice><AllowDiscount>1</AllowDiscount><ItemStatus>1</ItemStatus><ItemPrice>9.90</ItemPrice></item><item><PriceUpdateDate>2016-05-30 22:03:14</PriceUpdateDate><ItemCode>6001067025122</ItemCode><ItemType>1</ItemType><ItemName>מב משחת שיניים קולגי</ItemName><ManufacturerName>קולגייט</ManufacturerName><ManufactureCountry>פולין</ManufactureCountry><ManufacturerItemDescription>משחת שיניים     וויט100מ</ManufacturerItemDescription><SoldByWeight/><Quantity>100.00</Quantity><UnitOfMeasure>מ"ל</UnitOfMeasure><QtyInPackage>לא ידוע</QtyInPackage><UnitOfMeasurePrice>0.1490</UnitOfMeasurePrice><AllowDiscount>1</AllowDiscount><ItemStatus>1</ItemStatus><ItemPrice>14.90</ItemPrice></item><item><PriceUpdateDate>2016-01-05 08:48:53</PriceUpdateDate><ItemCode>6001298987701</ItemCode><ItemType>1</ItemType><ItemName>מב גלייד ספריי אוטומ</ItemName><ManufacturerName>גלייד</ManufacturerName><ManufactureCountry>ישראל</ManufactureCountry><ManufacturerItemDescription>מב גלייד ספריי אוטומ</ManufacturerItemDescription><SoldByWeight/><Quantity>175.00</Quantity><UnitOfMeasure>גרם     </UnitOfMeasure><QtyInPackage>לא ידוע</QtyInPackage><UnitOfMeasurePrice>0.0851</UnitOfMeasurePrice><AllowDiscount>1</AllowDiscount><ItemStatus>1</ItemStatus><ItemPrice>14.90</ItemPrice></item><item><PriceUpdateDate>2015-10-21 13:56:51</PriceUpdateDate><ItemCode>6111094000013</ItemCode><ItemType>1</ItemType><ItemName>קוסקוס בינוני תומר 1</ItemName><ManufacturerName>תומר</ManufacturerName><ManufactureCountry>ישראל</ManufactureCountry><ManufacturerItemDescription>קוסקוס בינוני תומר 1</ManufacturerItemDescription><SoldByWeight/><Quantity>1000.00</Quantity><UnitOfMeasure>גרם     </UnitOfMeasure><QtyInPackage>לא ידוע</QtyInPackage><UnitOfMeasurePrice>0.0193</UnitOfMeasurePrice><AllowDiscount>1</AllowDiscount><ItemStatus>1</ItemStatus><ItemPrice>19.30</ItemPrice></item><item><PriceUpdateDate>2016-05-01 21:46:15</PriceUpdateDate><ItemCode>64144090013</ItemCode><ItemType>1</ItemType><ItemName>תרסיס שמן קנולה טעם</ItemName><ManufacturerName>ליימן חטיבת המותגים</ManufacturerName><ManufactureCountry>ארצות הברית</ManufactureCountry><ManufacturerItemDescription>צבע לשיער גרניה נד כהה</ManufacturerItemDescription><SoldByWeight/><Quantity>148.00</Quantity><UnitOfMeasure>מ"ל</UnitOfMeasure><QtyInPackage>לא ידוע</QtyInPackage><UnitOfMeasurePrice>0.1142</UnitOfMeasurePrice><AllowDiscount>1</AllowDiscount><ItemStatus>1</ItemStatus><ItemPrice>16.90</ItemPrice></item><item><PriceUpdateDate>2016-05-01 21:46:15</PriceUpdateDate><ItemCode>64144090051</ItemCode><ItemType>1</ItemType><ItemName>תרסיס שמן קנולה פאם</ItemName><ManufacturerName>ליימן חטיבת המותגים</ManufacturerName><ManufactureCountry>ארצות הברית</ManufactureCountry><ManufacturerItemDescription>צבע לשיער גרניה ר כחול</ManufacturerItemDescription><SoldByWeight/><Quantity>148.00</Quantity><UnitOfMeasure>מ"ל</UnitOfMeasure><QtyInPackage>לא ידוע</QtyInPackage><UnitOfMeasurePrice>0.1142</UnitOfMeasurePrice><AllowDiscount>1</AllowDiscount><ItemStatus>1</ItemStatus><ItemPrice>16.90</ItemPrice></item><item><PriceUpdateDate>2016-05-02 08:05:38</PriceUpdateDate><ItemCode>661625044727</ItemCode><ItemType>1</ItemType><ItemName>מב מארז מינואט ביסקו</ItemName><ManufacturerName>מינואט</ManufacturerName><ManufactureCountry>ישראל</ManufactureCountry><ManufacturerItemDescription>עוגיות סנדוויץ  ולד 95גר</ManufacturerItemDescription><SoldByWeight/><Quantity>288.00</Quantity><UnitOfMeasure>גרם     </UnitOfMeasure><QtyInPackage>לא ידוע</QtyInPackage><UnitOfMeasurePrice>0.0174</UnitOfMeasurePrice><AllowDiscount>1</AllowDiscount><ItemStatus>1</ItemStatus><ItemPrice>5.00</ItemPrice></item><item><PriceUpdateDate>2015-03-19 08:30:16</PriceUpdateDate><ItemCode>6678880542138</ItemCode><ItemType>1</ItemType><ItemName>ג'ינגר ורוד כבוש ללא</ItemName><ManufacturerName>לא ממותג</ManufacturerName><ManufactureCountry>ישראל</ManufactureCountry><ManufacturerItemDescription>ג'ינגר ורוד כבוש ללא</ManufacturerItemDescription><SoldByWeight/><Quantity>340.00</Quantity><UnitOfMeasure>גרם     </UnitOfMeasure><QtyInPackage>לא ידוע</QtyInPackage><UnitOfMeasurePrice>0.0321</UnitOfMeasurePrice><AllowDiscount>1</AllowDiscount><ItemStatus>1</ItemStatus><ItemPrice>10.90</ItemPrice></item><item><PriceUpdateDate>2015-11-11 07:55:17</PriceUpdateDate><ItemCode>677840482428</ItemCode><ItemType>1</ItemType><ItemName>סוכריות גומי בננות 1</ItemName><ManufacturerName>לא ידוע</ManufacturerName><ManufactureCountry>ישראל</ManufactureCountry><ManufacturerItemDescription>סוכריות גומי בננות 1</ManufacturerItemDescription><SoldByWeight/><Quantity>10.00</Quantity><UnitOfMeasure>גרם     </UnitOfMeasure><QtyInPackage>לא ידוע</QtyInPackage><UnitOfMeasurePrice>0.8000</UnitOfMeasurePrice><AllowDiscount>1</AllowDiscount><ItemStatus>1</ItemStatus><ItemPrice>8.00</ItemPrice></item><item><PriceUpdateDate>2016-03-30 06:56:02</PriceUpdateDate><ItemCode>6910191800287</ItemCode><ItemType>1</ItemType><ItemName>מב אצות נורי בלו 10</ItemName><ManufacturerName>לא ממותג</ManufacturerName><ManufactureCountry>ישראל</ManufactureCountry><ManufacturerItemDescription>מב אצות נורי בלו 10</ManufacturerItemDescription><SoldByWeight/><Quantity>1000.00</Quantity><UnitOfMeasure>גרם     </UnitOfMeasure><QtyInPackage>לא ידוע</QtyInPackage><UnitOfMeasurePrice>0.0069</UnitOfMeasurePrice><AllowDiscount>1</AllowDiscount><ItemStatus>1</ItemStatus><ItemPrice>6.90</ItemPrice></item><item><PriceUpdateDate>2016-03-01 06:42:54</PriceUpdateDate><ItemCode>6912977000140</ItemCode><ItemType>1</ItemType><ItemName>אטריות שעועית 250 גר</ItemName><ManufacturerName>לא ממותג</ManufacturerName><ManufactureCountry>ישראל</ManufactureCountry><ManufacturerItemDescription>אטריות שעועית 250 גר</ManufacturerItemDescription><SoldByWeight/><Quantity>250.00</Quantity><UnitOfMeasure>גרם     </UnitOfMeasure><QtyInPackage>לא ידוע</QtyInPackage><UnitOfMeasurePrice>0.0384</UnitOfMeasurePrice><AllowDiscount>1</AllowDiscount><ItemStatus>1</ItemStatus><ItemPrice>9.60</ItemPrice></item><item><PriceUpdateDate>2015-03-19 08:30:17</PriceUpdateDate><ItemCode>6936745600462</ItemCode><ItemType>1</ItemType><ItemName>מירין 500 מ''ל</ItemName><ManufacturerName>לא ממותג</ManufacturerName><ManufactureCountry>ישראל</ManufactureCountry><ManufacturerItemDescription>מירין 500 מ''ל</ManufacturerItemDescription><SoldByWeight/><Quantity>500.00</Quantity><UnitOfMeasure>מ"ל</UnitOfMeasure><QtyInPackage>לא ידוע</QtyInPackage><UnitOfMeasurePrice>0.0418</UnitOfMeasurePrice><AllowDiscount>1</AllowDiscount><ItemStatus>1</ItemStatus><ItemPrice>20.90</ItemPrice></item><item><PriceUpdateDate>2016-05-30 22:03:14</PriceUpdateDate><ItemCode>6937266702888</ItemCode><ItemType>1</ItemType><ItemName>מב סכיני גילוח שיק א</ItemName><ManufacturerName>שיק</ManufacturerName><ManufactureCountry>סין</ManufactureCountry><ManufacturerItemDescription>טוסטעיםחיטה מלאהה 100גרם</ManufacturerItemDescription><SoldByWeight/><Quantity>4.00</Quantity><UnitOfMeasure>בודד</UnitOfMeasure><QtyInPackage>לא ידוע</QtyInPackage><UnitOfMeasurePrice>3.9750</UnitOfMeasurePrice><AllowDiscount>1</AllowDiscount><ItemStatus>1</ItemStatus><ItemPrice>15.90</ItemPrice></item><item><PriceUpdateDate>2014-11-03 06:38:37</PriceUpdateDate><ItemCode>6938417208853</ItemCode><ItemType>1</ItemType><ItemName>דבק מהיר 2 בכרטיס</ItemName><ManufacturerName>ליאור שרף</ManufacturerName><ManufactureCountry>ישראל</ManufactureCountry><ManufacturerItemDescription>דבק מהיר 2 בכרטיס</ManufacturerItemDescription><SoldByWeight/><Quantity>0.00</Quantity><UnitOfMeasure>0</UnitOfMeasure><QtyInPackage>לא ידוע</QtyInPackage><UnitOfMeasurePrice>0.0000</UnitOfMeasurePrice><AllowDiscount>1</AllowDiscount><ItemStatus>1</ItemStatus><ItemPrice>7.90</ItemPrice></item><item><PriceUpdateDate>2014-11-03 06:37:11</PriceUpdateDate><ItemCode>70577000383</ItemCode><ItemType>1</ItemType><ItemName>כוסמת קלויה וולפיס 3</ItemName><ManufacturerName>וולפס</ManufacturerName><ManufactureCountry>ישראל</ManufactureCountry><ManufacturerItemDescription>כוסמת קלויה וולפיס 3</ManufacturerItemDescription><SoldByWeight/><Quantity>369.00</Quantity><UnitOfMeasure>גרם     </UnitOfMeasure><QtyInPackage>לא ידוע</QtyInPackage><UnitOfMeasurePrice>0.0612</UnitOfMeasurePrice><AllowDiscount>1</AllowDiscount><ItemStatus>1</ItemStatus><ItemPrice>22.60</ItemPrice></item><item><PriceUpdateDate>2016-03-29 06:17:00</PriceUpdateDate><ItemCode>70970471261</ItemCode><ItemType>1</ItemType><ItemName>מייק אנד אייק ג'לי פ</ItemName><ManufacturerName>מייק אנד אייק</ManufacturerName><ManufactureCountry>ישראל</ManufactureCountry><ManufacturerItemDescription>מייק אנד אייק ג'לי פ</ManufacturerItemDescription><SoldByWeight/><Quantity>141.00</Quantity><UnitOfMeasure>גרם     </UnitOfMeasure><QtyInPackage>לא ידוע</QtyInPackage><UnitOfMeasurePrice>0.0773</UnitOfMeasurePrice><AllowDiscount>1</AllowDiscount><ItemStatus>1</ItemStatus><ItemPrice>10.90</ItemPrice></item><item><PriceUpdateDate>2014-11-03 06:37:11</PriceUpdateDate><ItemCode>710069127906</ItemCode><ItemType>1</ItemType><ItemName>גפן בורשט 750 מ"ל</ItemName><ManufacturerName>לא ממותג</ManufacturerName><ManufactureCountry>ישראל</ManufactureCountry><ManufacturerItemDescription>גפן בורשט 750 מ"ל</ManufacturerItemDescription><SoldByWeight/><Quantity>750.00</Quantity><UnitOfMeasure>מ"ל</UnitOfMeasure><QtyInPackage>לא ידוע</QtyInPackage><UnitOfMeasurePrice>0.0227</UnitOfMeasurePrice><AllowDiscount>1</AllowDiscount><ItemStatus>1</ItemStatus><ItemPrice>17.00</ItemPrice></item><item><PriceUpdateDate>2015-10-20 17:15:50</PriceUpdateDate><ItemCode>71062</ItemCode><ItemType>3</ItemType><ItemName>שאריות נקניק</ItemName><ManufacturerName>לא ממותג</ManufacturerName><ManufactureCountry>ישראל</ManufactureCountry><ManufacturerItemDescription>שאריות נקניק</ManufacturerItemDescription><SoldByWeight/><Quantity>1.00</Quantity><UnitOfMeasure>ק"ג</UnitOfMeasure><QtyInPackage>לא ידוע</QtyInPackage><UnitOfMeasurePrice>34.7000</UnitOfMeasurePrice><AllowDiscount>1</AllowDiscount><ItemStatus>1</ItemStatus><ItemPrice>34.70</ItemPrice></item><item><PriceUpdateDate>2015-03-19 08:30:16</PriceUpdateDate><ItemCode>724353783822</ItemCode><ItemType>1</ItemType><ItemName>תמר מג'הול 1 ק"ג</ItemName><ManufacturerName>.N.Y.C</ManufacturerName><ManufactureCountry>ישראל</ManufactureCountry><ManufacturerItemDescription>תמר מג'הול 1 ק"ג</ManufacturerItemDescription><SoldByWeight/><Quantity>1000.00</Quantity><UnitOfMeasure>גרם     </UnitOfMeasure><QtyInPackage>לא ידוע</QtyInPackage><UnitOfMeasurePrice>0.0299</UnitOfMeasurePrice><AllowDiscount>1</AllowDiscount><ItemStatus>1</ItemStatus><ItemPrice>29.90</ItemPrice></item><item><PriceUpdateDate>2015-07-27 21:01:24</PriceUpdateDate><ItemCode>72600009257</ItemCode><ItemType>1</ItemType><ItemName>הרס קלאסי חטיף טורטי</ItemName><ManufacturerName>הרס</ManufacturerName><ManufactureCountry>ארצות הברית</ManufactureCountry><ManufacturerItemDescription>הרס קלאסי חטיף טורטי</ManufacturerItemDescription><SoldByWeight/><Quantity>225.00</Quantity><UnitOfMeasure>גרם     </UnitOfMeasure><QtyInPackage>לא ידוע</QtyInPackage><UnitOfMeasurePrice>0.0973</UnitOfMeasurePrice><AllowDiscount>1</AllowDiscount><ItemStatus>1</ItemStatus><ItemPrice>21.90</ItemPrice></item><item><PriceUpdateDate>2016-05-30 22:03:14</PriceUpdateDate><ItemCode>7271730901261</ItemCode><ItemType>1</ItemType><ItemName>מב פסטה עם גבינה 156</ItemName><ManufacturerName>פולדס</ManufacturerName><ManufactureCountry>ארצות הברית</ManufactureCountry><ManufacturerItemDescription>פסטה עם גבינה 156 גרם</ManufacturerItemDescription><SoldByWeight/><Quantity>156.00</Quantity><UnitOfMeasure>גרם     </UnitOfMeasure><QtyInPackage>לא ידוע</QtyInPackage><UnitOfMeasurePrice>0.0635</UnitOfMeasurePrice><AllowDiscount>1</AllowDiscount><ItemStatus>1</ItemStatus><ItemPrice>9.90</ItemPrice></item><item><PriceUpdateDate>2015-12-24 09:22:22</PriceUpdateDate><ItemCode>728229123590</ItemCode><ItemType>1</ItemType><ItemName>חטיף טרה צ'יפס אורגי</ItemName><ManufacturerName>TERRA</ManufacturerName><ManufactureCountry>ישראל</ManufactureCountry><ManufacturerItemDescription>ציפס אורגינל</ManufacturerItemDescription><SoldByWeight/><Quantity>110.00</Quantity><UnitOfMeasure>גרם     </UnitOfMeasure><QtyInPackage>לא ידוע</QtyInPackage><UnitOfMeasurePrice>0.1445</UnitOfMeasurePrice><AllowDiscount>1</AllowDiscount><ItemStatus>1</ItemStatus><ItemPrice>15.90</ItemPrice></item><item><PriceUpdateDate>2016-05-20 06:38:50</PriceUpdateDate><ItemCode>7290000000017</ItemCode><ItemType>1</ItemType><ItemName>חלה</ItemName><ManufacturerName>אנג'ל</ManufacturerName><ManufactureCountry>ישראל</ManufactureCountry><ManufacturerItemDescription>עגבניה</ManufacturerItemDescription><SoldByWeight/><Quantity>500.00</Quantity><UnitOfMeasure>גרם     </UnitOfMeasure><QtyInPackage>לא ידוע</QtyInPackage><UnitOfMeasurePrice>0.0099</UnitOfMeasurePrice><AllowDiscount>1</AllowDiscount><ItemStatus>1</ItemStatus><ItemPrice>4.94</ItemPrice></item><item><PriceUpdateDate>2015-09-30 23:37:33</PriceUpdateDate><ItemCode>7290000000086</ItemCode><ItemType>1</ItemType><ItemName>לחם אחיד 750 גרם</ItemName><ManufacturerName>אנג'ל</ManufacturerName><ManufactureCountry>ישראל</ManufactureCountry><ManufacturerItemDescription>לחם אחיד 750 גרם</ManufacturerItemDescription><SoldByWeight/><Quantity>750.00</Quantity><UnitOfMeasure>גרם     </UnitOfMeasure><QtyInPackage>לא ידוע</QtyInPackage><UnitOfMeasurePrice>0.0068</UnitOfMeasurePrice><AllowDiscount>1</AllowDiscount><ItemStatus>1</ItemStatus><ItemPrice>5.07</ItemPrice></item><item><PriceUpdateDate>2015-09-30 23:37:33</PriceUpdateDate><ItemCode>7290000000109</ItemCode><ItemType>1</ItemType><ItemName>לחם לבן 750 גרם</ItemName><ManufacturerName>מאפיית ברמן</ManufacturerName><ManufactureCountry>ישראל</ManufactureCountry><ManufacturerItemDescription>לחם לבן 750 גרם</ManufacturerItemDescription><SoldByWeight/><Quantity>750.00</Quantity><UnitOfMeasure>גרם     </UnitOfMeasure><QtyInPackage>לא ידוע</QtyInPackage><UnitOfMeasurePrice>0.0068</UnitOfMeasurePrice><AllowDiscount>1</AllowDiscount><ItemStatus>1</ItemStatus><ItemPrice>5.07</ItemPrice></item><item><PriceUpdateDate>2014-11-03 06:38:05</PriceUpdateDate><ItemCode>7290000000529</ItemCode><ItemType>1</ItemType><ItemName>רביעיית שום</ItemName><ManufacturerName>B.B.B</ManufacturerName><ManufactureCountry>ישראל</ManufactureCountry><ManufacturerItemDescription>רביעיית שום</ManufacturerItemDescription><SoldByWeight/><Quantity>1.00</Quantity><UnitOfMeasure>יח'</UnitOfMeasure><QtyInPackage>לא ידוע</QtyInPackage><UnitOfMeasurePrice>7.9000</UnitOfMeasurePrice><AllowDiscount>1</AllowDiscount><ItemStatus>1</ItemStatus><ItemPrice>7.90</ItemPrice></item><item><PriceUpdateDate>2016-06-07 13:13:18</PriceUpdateDate><ItemCode>7290000001144</ItemCode><ItemType>1</ItemType><ItemName>דובדובן מתוק</ItemName><ManufacturerName>לא ממותג</ManufacturerName><ManufactureCountry>ישראל</ManufactureCountry><ManufacturerItemDescription>דובדובן מתוק</ManufacturerItemDescription><SoldByWeight/><Quantity>1.00</Quantity><UnitOfMeasure>יח'</UnitOfMeasure><QtyInPackage>לא ידוע</QtyInPackage><UnitOfMeasurePrice>11.9000</UnitOfMeasurePrice><AllowDiscount>1</AllowDiscount><ItemStatus>1</ItemStatus><ItemPrice>11.90</ItemPrice></item><item><PriceUpdateDate>2014-11-03 06:38:05</PriceUpdateDate><ItemCode>7290000001717</ItemCode><ItemType>1</ItemType><ItemName>מנגולדסלק עלים</ItemName><ManufacturerName>B.B.B</ManufacturerName><ManufactureCountry>ישראל</ManufactureCountry><ManufacturerItemDescription>מנגולדסלק עלים</ManufacturerItemDescription><SoldByWeight/><Quantity>1.00</Quantity><UnitOfMeasure>יח'</UnitOfMeasure><QtyInPackage>לא ידוע</QtyInPackage><UnitOfMeasurePrice>5.0000</UnitOfMeasurePrice><AllowDiscount>1</AllowDiscount><ItemStatus>1</ItemStatus><ItemPrice>5.00</ItemPrice></item><item><PriceUpdateDate>2014-11-03 06:38:05</PriceUpdateDate><ItemCode>7290000001960</ItemCode><ItemType>1</ItemType><ItemName>בצל ירוק</ItemName><ManufacturerName>B.B.B</ManufacturerName><ManufactureCountry>ישראל</ManufactureCountry><ManufacturerItemDescription>בצל ירוק</ManufacturerItemDescription><SoldByWeight/><Quantity>1.00</Quantity><UnitOfMeasure>יח'</UnitOfMeasure><QtyInPackage>לא ידוע</QtyInPackage><UnitOfMeasurePrice>5.0000</UnitOfMeasurePrice><AllowDiscount>1</AllowDiscount><ItemStatus>1</ItemStatus><ItemPrice>5.00</ItemPrice></item><item><PriceUpdateDate>2015-11-12 13:40:50</PriceUpdateDate><ItemCode>7290000001977</ItemCode><ItemType>1</ItemType><ItemName>חסה ערבית יח'</ItemName><ManufacturerName>B.B.B</ManufacturerName><ManufactureCountry>ישראל</ManufactureCountry><ManufacturerItemDescription>חסה ערבית יח'</ManufacturerItemDescription><SoldByWeight/><Quantity>1.00</Quantity><UnitOfMeasure>יח'</UnitOfMeasure><QtyInPackage>לא ידוע</QtyInPackage><UnitOfMeasurePrice>5.9000</UnitOfMeasurePrice><AllowDiscount>1</AllowDiscount><ItemStatus>1</ItemStatus><ItemPrice>5.90</ItemPrice></item><item><PriceUpdateDate>2014-11-03 06:38:05</PriceUpdateDate><ItemCode>7290000001984</ItemCode><ItemType>1</ItemType><ItemName>חסה עגולה יחידות</ItemName><ManufacturerName>B.B.B</ManufacturerName><ManufactureCountry>ישראל</ManufactureCountry><ManufacturerItemDescription>חסה עגולה יחידות</ManufacturerItemDescription><SoldByWeight/><Quantity>1.00</Quantity><UnitOfMeasure>יח'</UnitOfMeasure><QtyInPackage>לא ידוע</QtyInPackage><UnitOfMeasurePrice>5.9000</UnitOfMeasurePrice><AllowDiscount>1</AllowDiscount><ItemStatus>1</ItemStatus><ItemPrice>5.90</ItemPrice></item><item><PriceUpdateDate>2016-06-14 15:39:32</PriceUpdateDate><ItemCode>7290000006224</ItemCode><ItemType>1</ItemType><ItemName>ליצ'י</ItemName><ManufacturerName>B.B.B</ManufacturerName><ManufactureCountry>ישראל</ManufactureCountry><ManufacturerItemDescription>ליצ'י</ManufacturerItemDescription><SoldByWeight/><Quantity>1.00</Quantity><UnitOfMeasure>יח'</UnitOfMeasure><QtyInPackage>לא ידוע</QtyInPackage><UnitOfMeasurePrice>15.9000</UnitOfMeasurePrice><AllowDiscount>1</AllowDiscount><ItemStatus>1</ItemStatus><ItemPrice>15.90</ItemPrice></item><item><PriceUpdateDate>2015-10-11 08:14:11</PriceUpdateDate><ItemCode>7290000010054</ItemCode><ItemType>1</ItemType><ItemName>לחמניה רגילה 75 גרם</ItemName><ManufacturerName>לא ידוע</ManufacturerName><ManufactureCountry>ישראל</ManufactureCountry><ManufacturerItemDescription>לחמניה רגילה 75 גרם</ManufacturerItemDescription><SoldByWeight/><Quantity>14.00</Quantity><UnitOfMeasure>גרם     </UnitOfMeasure><QtyInPackage>לא ידוע</QtyInPackage><UnitOfMeasurePrice>0.1786</UnitOfMeasurePrice><AllowDiscount>1</AllowDiscount><ItemStatus>1</ItemStatus><ItemPrice>2.50</ItemPrice></item><item><PriceUpdateDate>2016-05-20 06:38:50</PriceUpdateDate><ItemCode>7290000012345</ItemCode><ItemType>1</ItemType><ItemName>חלה</ItemName><ManufacturerName>אנג'ל</ManufacturerName><ManufactureCountry>ישראל</ManufactureCountry><ManufacturerItemDescription>עגבניה</ManufacturerItemDescription><SoldByWeight/><Quantity>500.00</Quantity><UnitOfMeasure>גרם     </UnitOfMeasure><QtyInPackage>לא ידוע</QtyInPackage><UnitOfMeasurePrice>0.0099</UnitOfMeasurePrice><AllowDiscount>1</AllowDiscount><ItemStatus>1</ItemStatus><ItemPrice>4.94</ItemPrice></item><item><PriceUpdateDate>2016-02-21 13:20:50</PriceUpdateDate><ItemCode>7290000013992</ItemCode><ItemType>3</ItemType><ItemName>אנטריקוט  ארגנטיני מ</ItemName><ManufacturerName>לא ממותג</ManufacturerName><ManufactureCountry>ישראל</ManufactureCountry><ManufacturerItemDescription>אנטריקוט  ארגנטיני מ</ManufacturerItemDescription><SoldByWeight/><Quantity>1.00</Quantity><UnitOfMeasure>ק"ג</UnitOfMeasure><QtyInPackage>לא ידוע</QtyInPackage><UnitOfMeasurePrice>89.9000</UnitOfMeasurePrice><AllowDiscount>1</AllowDiscount><ItemStatus>1</ItemStatus><ItemPrice>89.90</ItemPrice></item><item><PriceUpdateDate>2016-05-20 06:38:50</PriceUpdateDate><ItemCode>7290000022222</ItemCode><ItemType>1</ItemType><ItemName>חלה</ItemName><ManufacturerName>אנג'ל</ManufacturerName><ManufactureCountry>ישראל</ManufactureCountry><ManufacturerItemDescription>עגבניה</ManufacturerItemDescription><SoldByWeight/><Quantity>500.00</Quantity><UnitOfMeasure>גרם     </UnitOfMeasure><QtyInPackage>לא ידוע</QtyInPackage><UnitOfMeasurePrice>0.0099</UnitOfMeasurePrice><AllowDiscount>1</AllowDiscount><ItemStatus>1</ItemStatus><ItemPrice>4.94</ItemPrice></item><item><PriceUpdateDate>2016-05-30 22:03:14</PriceUpdateDate><ItemCode>7290000023007</ItemCode><ItemType>1</ItemType><ItemName>ברנדי שטוק 84  750 מ</ItemName><ManufacturerName>שטוק 84</ManufacturerName><ManufactureCountry>ישראל</ManufactureCountry><ManufacturerItemDescription>ברנדי שטוק 750 84 מל</ManufacturerItemDescription><SoldByWeight/><Quantity>750.00</Quantity><UnitOfMeasure>מ"ל</UnitOfMeasure><QtyInPackage>לא ידוע</QtyInPackage><UnitOfMeasurePrice>0.0905</UnitOfMeasurePrice><AllowDiscount>1</AllowDiscount><ItemStatus>1</ItemStatus><ItemPrice>67.90</ItemPrice></item><item><PriceUpdateDate>2016-03-29 06:36:09</PriceUpdateDate><ItemCode>7290000023083</ItemCode><ItemType>1</ItemType><ItemName>מב ערק אשקלון 700 מ"</ItemName><ManufacturerName>לא ממותג</ManufacturerName><ManufactureCountry>ישראל</ManufactureCountry><ManufacturerItemDescription>עראק אשקלון 700 40% מל</ManufacturerItemDescription><SoldByWeight/><Quantity>700.00</Quantity><UnitOfMeasure>מ"ל</UnitOfMeasure><QtyInPackage>לא ידוע</QtyInPackage><UnitOfMeasurePrice>0.0970</UnitOfMeasurePrice><AllowDiscount>1</AllowDiscount><ItemStatus>1</ItemStatus><ItemPrice>67.90</ItemPrice></item><item><PriceUpdateDate>2016-05-30 22:03:15</PriceUpdateDate><ItemCode>7290000023816</ItemCode><ItemType>1</ItemType><ItemName>מב יין קלאסיק אמרלד</ItemName><ManufacturerName>ברקן קלאסיק</ManufacturerName><ManufactureCountry>ישראל</ManufactureCountry><ManufacturerItemDescription>יין קלאסיק אמרלד ריזלינג</ManufacturerItemDescription><SoldByWeight/><Quantity>750.00</Quantity><UnitOfMeasure>מ"ל</UnitOfMeasure><QtyInPackage>לא ידוע</QtyInPackage><UnitOfMeasurePrice>0.0385</UnitOfMeasurePrice><AllowDiscount>1</AllowDiscount><ItemStatus>1</ItemStatus><ItemPrice>28.90</ItemPrice></item><item><PriceUpdateDate>2016-05-30 22:03:15</PriceUpdateDate><ItemCode>7290000023960</ItemCode><ItemType>1</ItemType><ItemName>מב יין קלאסיק שיראז</ItemName><ManufacturerName>ברקן קלאסיק</ManufacturerName><ManufactureCountry>ישראל</ManufactureCountry><ManufacturerItemDescription>יין קלאסיק שיראז 750 מל</ManufacturerItemDescription><SoldByWeight/><Quantity>750.00</Quantity><UnitOfMeasure>מ"ל</UnitOfMeasure><QtyInPackage>לא ידוע</QtyInPackage><UnitOfMeasurePrice>0.0385</UnitOfMeasurePrice><AllowDiscount>1</AllowDiscount><ItemStatus>1</ItemStatus><ItemPrice>28.90</ItemPrice></item><item><PriceUpdateDate>2016-05-01 21:46:24</PriceUpdateDate><ItemCode>7290000024523</ItemCode><ItemType>1</ItemType><ItemName>מיץ ענבים טבעי תירוש</ItemName><ManufacturerName>לא ממותג</ManufacturerName><ManufactureCountry>לא ידוע</ManufactureCountry><ManufacturerItemDescription>מיץ ענבים טבעי תירוש</ManufacturerItemDescription><SoldByWeight/><Quantity>1000.00</Quantity><UnitOfMeasure>מ"ל</UnitOfMeasure><QtyInPackage>לא ידוע</QtyInPackage><UnitOfMeasurePrice>0.0149</UnitOfMeasurePrice><AllowDiscount>1</AllowDiscount><ItemStatus>1</ItemStatus><ItemPrice>14.90</ItemPrice></item><item><PriceUpdateDate>2016-03-01 06:48:57</PriceUpdateDate><ItemCode>7290000024905</ItemCode><ItemType>1</ItemType><ItemName>מב וודקה קגלביץ קלאס</ItemName><ManufacturerName>קגלביץ</ManufacturerName><ManufactureCountry>ישראל</ManufactureCountry><ManufacturerItemDescription>וודקה קגלביץ קלאסיקה 700</ManufacturerItemDescription><SoldByWeight/><Quantity>700.00</Quantity><UnitOfMeasure>מ"ל</UnitOfMeasure><QtyInPackage>לא ידוע</QtyInPackage><UnitOfMeasurePrice>0.0970</UnitOfMeasurePrice><AllowDiscount>1</AllowDiscount><ItemStatus>1</ItemStatus><ItemPrice>67.90</ItemPrice></item><item><PriceUpdateDate>2016-06-13 13:03:31</PriceUpdateDate><ItemCode>7290000040042</ItemCode><ItemType>1</ItemType><ItemName>יופלה תות 3% 150 גרם</ItemName><ManufacturerName>יופלה</ManufacturerName><ManufactureCountry>ישראל</ManufactureCountry><ManufacturerItemDescription>יופלה תות 150 3% מל</ManufacturerItemDescription><SoldByWeight/><Quantity>150.00</Quantity><UnitOfMeasure>גרם     </UnitOfMeasure><QtyInPackage>לא ידוע</QtyInPackage><UnitOfMeasurePrice>0.0327</UnitOfMeasurePrice><AllowDiscount>1</AllowDiscount><ItemStatus>1</ItemStatus><ItemPrice>4.90</ItemPrice></item><item><PriceUpdateDate>2016-06-13 13:03:31</PriceUpdateDate><ItemCode>7290000040066</ItemCode><ItemType>1</ItemType><ItemName>יופלה דובדבן 3% 150</ItemName><ManufacturerName>יופלה</ManufacturerName><ManufactureCountry>ישראל</ManufactureCountry><ManufacturerItemDescription>יופלה דובדבן 150 3% מל</ManufacturerItemDescription><SoldByWeight/><Quantity>150.00</Quantity><UnitOfMeasure>גרם     </UnitOfMeasure><QtyInPackage>לא ידוע</QtyInPackage><UnitOfMeasurePrice>0.0327</UnitOfMeasurePrice><AllowDiscount>1</AllowDiscount><ItemStatus>1</ItemStatus><ItemPrice>4.90</ItemPrice></item><item><PriceUpdateDate>2016-06-13 13:03:31</PriceUpdateDate><ItemCode>7290000040080</ItemCode><ItemType>1</ItemType><ItemName>יופלה אפרסק 3% 150 ג</ItemName><ManufacturerName>יופלה</ManufacturerName><ManufactureCountry>ישראל</ManufactureCountry><ManufacturerItemDescription>יופלה אפרסק 150 3% מל</ManufacturerItemDescription><SoldByWeight/><Quantity>150.00</Quantity><UnitOfMeasure>גרם     </UnitOfMeasure><QtyInPackage>לא ידוע</QtyInPackage><UnitOfMeasurePrice>0.0327</UnitOfMeasurePrice><AllowDiscount>1</AllowDiscount><ItemStatus>1</ItemStatus><ItemPrice>4.90</ItemPrice></item><item><PriceUpdateDate>2015-11-12 14:34:24</PriceUpdateDate><ItemCode>7290000040462</ItemCode><ItemType>1</ItemType><ItemName>גבינה טוסטי אדם ישרא</ItemName><ManufacturerName>טוסטי</ManufacturerName><ManufactureCountry>ישראל</ManufactureCountry><ManufacturerItemDescription>גבינה מותכת טוסטי-אדם22%פ</ManufacturerItemDescription><SoldByWeight/><Quantity>200.00</Quantity><UnitOfMeasure>גרם     </UnitOfMeasure><QtyInPackage>לא ידוע</QtyInPackage><UnitOfMeasurePrice>0.0945</UnitOfMeasurePrice><AllowDiscount>1</AllowDiscount><ItemStatus>1</ItemStatus><ItemPrice>18.90</ItemPrice></item><item><PriceUpdateDate>2016-02-16 12:24:29</PriceUpdateDate><ItemCode>7290000040974</ItemCode><ItemType>1</ItemType><ItemName>חלב טרי דל לקטוז 2%</ItemName><ManufacturerName>חלב תנובה</ManufacturerName><ManufactureCountry>ישראל</ManufactureCountry><ManufacturerItemDescription>חלב דל לקטוז 1 ל</ManufacturerItemDescription><SoldByWeight/><Quantity>1000.00</Quantity><UnitOfMeasure>מ"ל</UnitOfMeasure><QtyInPackage>לא ידוע</QtyInPackage><UnitOfMeasurePrice>0.0074</UnitOfMeasurePrice><AllowDiscount>1</AllowDiscount><ItemStatus>1</ItemStatus><ItemPrice>7.40</ItemPrice></item><item><PriceUpdateDate>2015-09-30 23:37:41</PriceUpdateDate><ItemCode>7290000041445</ItemCode><ItemType>1</ItemType><ItemName>קוטג' 5% בדצ 250 גרם</ItemName><ManufacturerName>קוטג תנובה</ManufacturerName><ManufactureCountry>ישראל</ManufactureCountry><ManufacturerItemDescription>קוטג250 5% גר.מהדרין</ManufacturerItemDescription><SoldByWeight/><Quantity>250.00</Quantity><UnitOfMeasure>גרם     </UnitOfMeasure><QtyInPackage>לא ידוע</QtyInPackage><UnitOfMeasurePrice>0.0228</UnitOfMeasurePrice><AllowDiscount>1</AllowDiscount><ItemStatus>1</ItemStatus><ItemPrice>5.70</ItemPrice></item><item><PriceUpdateDate>2015-10-11 18:10:41</PriceUpdateDate><ItemCode>7290000041858</ItemCode><ItemType>1</ItemType><ItemName>שמנת מועשרת 15% יטבת</ItemName><ManufacturerName>יטבתה</ManufacturerName><ManufactureCountry>ישראל</ManufactureCountry><ManufacturerItemDescription>שמנת יטבתה 200 מעושרת  פי</ManufacturerItemDescription><SoldByWeight/><Quantity>200.00</Quantity><UnitOfMeasure>מ"ל</UnitOfMeasure><QtyInPackage>לא ידוע</QtyInPackage><UnitOfMeasurePrice>0.0135</UnitOfMeasurePrice><AllowDiscount>1</AllowDiscount><ItemStatus>1</ItemStatus><ItemPrice>2.70</ItemPrice></item><item><PriceUpdateDate>2015-10-20 16:43:50</PriceUpdateDate><ItemCode>7290000041865</ItemCode><ItemType>1</ItemType><ItemName>לבן מועשר 4.5% יטבתה</ItemName><ManufacturerName>יטבתה</ManufacturerName><ManufactureCountry>ישראל</ManufactureCountry><ManufacturerItemDescription>לבן 4.5% יוטבתה 200 גרם</ManufacturerItemDescription><SoldByWeight/><Quantity>200.00</Quantity><UnitOfMeasure>מ"ל</UnitOfMeasure><QtyInPackage>לא ידוע</QtyInPackage><UnitOfMeasurePrice>0.0110</UnitOfMeasurePrice><AllowDiscount>1</AllowDiscount><ItemStatus>1</ItemStatus><ItemPrice>2.20</ItemPrice></item><item><PriceUpdateDate>2015-10-20 16:43:50</PriceUpdateDate><ItemCode>7290000041872</ItemCode><ItemType>1</ItemType><ItemName>לבן מועשר 3% יטבתה 2</ItemName><ManufacturerName>יטבתה</ManufacturerName><ManufactureCountry>ישראל</ManufactureCountry><ManufacturerItemDescription>לבן יוטבתה רווית200 3%מל</ManufacturerItemDescription><SoldByWeight/><Quantity>200.00</Quantity><UnitOfMeasure>מ"ל</UnitOfMeasure><QtyInPackage>לא ידוע</QtyInPackage><UnitOfMeasurePrice>0.0115</UnitOfMeasurePrice><AllowDiscount>1</AllowDiscount><ItemStatus>1</ItemStatus><ItemPrice>2.30</ItemPrice></item><item><PriceUpdateDate>2016-02-11 09:32:36</PriceUpdateDate><ItemCode>7290000042008</ItemCode><ItemType>1</ItemType><ItemName>חלב 3% בשקית 1 ליטר</ItemName><ManufacturerName>חלב תנובה</ManufacturerName><ManufactureCountry>ישראל</ManufactureCountry><ManufacturerItemDescription>חלב1 3% ל.שקית פיקוח</ManufacturerItemDescription><SoldByWeight/><Quantity>1000.00</Quantity><UnitOfMeasure>מ"ל</UnitOfMeasure><QtyInPackage>לא ידוע</QtyInPackage><UnitOfMeasurePrice>0.0050</UnitOfMeasurePrice><AllowDiscount>1</AllowDiscount><ItemStatus>1</ItemStatus><ItemPrice>5.00</ItemPrice></item><item><PriceUpdateDate>2016-02-11 09:32:36</PriceUpdateDate><ItemCode>7290000042015</ItemCode><ItemType>1</ItemType><ItemName>חלב 3% בדץ בשקית 1 ל</ItemName><ManufacturerName>חלב תנובה</ManufacturerName><ManufactureCountry>ישראל</ManufactureCountry><ManufacturerItemDescription>חלב1 3% ל.שקית בדץ פיקוח</ManufacturerItemDescription><SoldByWeight/><Quantity>1000.00</Quantity><UnitOfMeasure>מ"ל</UnitOfMeasure><QtyInPackage>לא ידוע</QtyInPackage><UnitOfMeasurePrice>0.0050</UnitOfMeasurePrice><AllowDiscount>1</AllowDiscount><ItemStatus>1</ItemStatus><ItemPrice>5.00</ItemPrice></item><item><PriceUpdateDate>2016-02-14 10:59:55</PriceUpdateDate><ItemCode>7290000042022</ItemCode><ItemType>1</ItemType><ItemName>חלב על הבוקר 1% מועש</ItemName><ManufacturerName>חלב תנובה</ManufacturerName><ManufactureCountry>ישראל</ManufactureCountry><ManufacturerItemDescription>חלב 1% על הבוקר קרטון+פקק</ManufacturerItemDescription><SoldByWeight/><Quantity>1000.00</Quantity><UnitOfMeasure>מ"ל</UnitOfMeasure><QtyInPackage>לא ידוע</QtyInPackage><UnitOfMeasurePrice>0.0089</UnitOfMeasurePrice><AllowDiscount>1</AllowDiscount><ItemStatus>1</ItemStatus><ItemPrice>8.90</ItemPrice></item><item><PriceUpdateDate>2016-04-24 08:40:47</PriceUpdateDate><ItemCode>7290000042176</ItemCode><ItemType>1</ItemType><ItemName>חלב כד 1% שומן 2 ליט</ItemName><ManufacturerName>חלב תנובה</ManufacturerName><ManufactureCountry>ישראל</ManufactureCountry><ManufacturerItemDescription>חלב2 1% ל.בכד</ManufacturerItemDescription><SoldByWeight/><Quantity>2000.00</Quantity><UnitOfMeasure>מ"ל</UnitOfMeasure><QtyInPackage>לא ידוע</QtyInPackage><UnitOfMeasurePrice>0.0054</UnitOfMeasurePrice><AllowDiscount>1</AllowDiscount><ItemStatus>1</ItemStatus><ItemPrice>10.80</ItemPrice></item><item><PriceUpdateDate>2016-04-24 08:40:47</PriceUpdateDate><ItemCode>7290000042244</ItemCode><ItemType>1</ItemType><ItemName>חלב כד 3% 2 ליטר</ItemName><ManufacturerName>חלב תנובה</ManufacturerName><ManufactureCountry>ישראל</ManufactureCountry><ManufacturerItemDescription>חלב 2 3% ליטר בכד</ManufacturerItemDescription><SoldByWeight/><Quantity>2000.00</Quantity><UnitOfMeasure>מ"ל</UnitOfMeasure><QtyInPackage>לא ידוע</QtyInPackage><UnitOfMeasurePrice>0.0058</UnitOfMeasurePrice><AllowDiscount>1</AllowDiscount><ItemStatus>1</ItemStatus><ItemPrice>11.50</ItemPrice></item><item><PriceUpdateDate>2015-10-11 18:10:41</PriceUpdateDate><ItemCode>7290000042404</ItemCode><ItemType>1</ItemType><ItemName>חלב מועשר יטבתה 3% ב</ItemName><ManufacturerName>יטבתה</ManufacturerName><ManufactureCountry>ישראל</ManufactureCountry><ManufacturerItemDescription>חלב1 3% ל.שקית מועשר יוטב</ManufacturerItemDescription><SoldByWeight/><Quantity>1000.00</Quantity><UnitOfMeasure>מ"ל</UnitOfMeasure><QtyInPackage>לא ידוע</QtyInPackage><UnitOfMeasurePrice>0.0065</UnitOfMeasurePrice><AllowDiscount>1</AllowDiscount><ItemStatus>1</ItemStatus><ItemPrice>6.50</ItemPrice></item><item><PriceUpdateDate>2016-05-15 12:47:49</PriceUpdateDate><ItemCode>7290000042435</ItemCode><ItemType>1</ItemType><ItemName>חלב 1% בקרטון 1 ליטר</ItemName><ManufacturerName>חלב תנובה</ManufacturerName><ManufactureCountry>ישראל</ManufactureCountry><ManufacturerItemDescription>חלב1 1% ל.קרטון פיקוח</ManufacturerItemDescription><SoldByWeight/><Quantity>1000.00</Quantity><UnitOfMeasure>מ"ל</UnitOfMeasure><QtyInPackage>לא ידוע</QtyInPackage><UnitOfMeasurePrice>0.0054</UnitOfMeasurePrice><AllowDiscount>1</AllowDiscount><ItemStatus>1</ItemStatus><ItemPrice>5.40</ItemPrice></item><item><PriceUpdateDate>2016-05-15 12:47:49</PriceUpdateDate><ItemCode>7290000042442</ItemCode><ItemType>1</ItemType><ItemName>חלב 3% בקרטון 1 ליטר</ItemName><ManufacturerName>חלב תנובה</ManufacturerName><ManufactureCountry>ישראל</ManufactureCountry><ManufacturerItemDescription>חלב1 3% ל.קרטון+פקק פיקוח</ManufacturerItemDescription><SoldByWeight/><Quantity>1000.00</Quantity><UnitOfMeasure>מ"ל</UnitOfMeasure><QtyInPackage>לא ידוע</QtyInPackage><UnitOfMeasurePrice>0.0058</UnitOfMeasurePrice><AllowDiscount>1</AllowDiscount><ItemStatus>1</ItemStatus><ItemPrice>5.75</ItemPrice></item><item><PriceUpdateDate>2016-02-14 10:59:55</PriceUpdateDate><ItemCode>7290000042466</ItemCode><ItemType>1</ItemType><ItemName>חלב 1% מועשר בחלבוני</ItemName><ManufacturerName>חלב תנובה</ManufacturerName><ManufactureCountry>ישראל</ManufactureCountry><ManufacturerItemDescription>חלב 1% מועשר קרטון+פקק1 ל</ManufacturerItemDescription><SoldByWeight/><Quantity>1000.00</Quantity><UnitOfMeasure>מ"ל</UnitOfMeasure><QtyInPackage>לא ידוע</QtyInPackage><UnitOfMeasurePrice>0.0089</UnitOfMeasurePrice><AllowDiscount>1</AllowDiscount><ItemStatus>1</ItemStatus><ItemPrice>8.90</ItemPrice></item><item><PriceUpdateDate>2016-06-06 11:50:20</PriceUpdateDate><ItemCode>7290000042503</ItemCode><ItemType>1</ItemType><ItemName>חלב עמיד 3% בקרטון 1</ItemName><ManufacturerName>חלב תנובה</ManufacturerName><ManufactureCountry>ישראל</ManufactureCountry><ManufacturerItemDescription>חלב עמיד1 ל 3% .קרטון</ManufacturerItemDescription><SoldByWeight/><Quantity>1000.00</Quantity><UnitOfMeasure>מ"ל</UnitOfMeasure><QtyInPackage>לא ידוע</QtyInPackage><UnitOfMeasurePrice>0.0069</UnitOfMeasurePrice><AllowDiscount>1</AllowDiscount><ItemStatus>1</ItemStatus><ItemPrice>6.90</ItemPrice></item><item><PriceUpdateDate>2015-10-20 16:43:02</PriceUpdateDate><ItemCode>7290000042640</ItemCode><ItemType>1</ItemType><ItemName>חלב עמיד3% 250 מ''ל</ItemName><ManufacturerName>חלב תנובה</ManufacturerName><ManufactureCountry>ישראל</ManufactureCountry><ManufacturerItemDescription>חלב עמיד 250 מל</ManufacturerItemDescription><SoldByWeight/><Quantity>250.00</Quantity><UnitOfMeasure>מ"ל</UnitOfMeasure><QtyInPackage>לא ידוע</QtyInPackage><UnitOfMeasurePrice>0.0112</UnitOfMeasurePrice><AllowDiscount>1</AllowDiscount><ItemStatus>1</ItemStatus><ItemPrice>2.80</ItemPrice></item><item><PriceUpdateDate>2015-10-11 18:10:41</PriceUpdateDate><ItemCode>7290000042855</ItemCode><ItemType>1</ItemType><ItemName>שוקו יטבתה שקית 225</ItemName><ManufacturerName>יטבתה</ManufacturerName><ManufactureCountry>ישראל</ManufactureCountry><ManufacturerItemDescription>שוקו בשקית 225 מל.יוטבתה</ManufacturerItemDescription><SoldByWeight/><Quantity>225.00</Quantity><UnitOfMeasure>מ"ל</UnitOfMeasure><QtyInPackage>לא ידוע</QtyInPackage><UnitOfMeasurePrice>0.0120</UnitOfMeasurePrice><AllowDiscount>1</AllowDiscount><ItemStatus>1</ItemStatus><ItemPrice>2.70</ItemPrice></item><item><PriceUpdateDate>2015-11-12 14:34:24</PriceUpdateDate><ItemCode>7290000043012</ItemCode><ItemType>1</ItemType><ItemName>שוקו עמיד 250 גרם</ItemName><ManufacturerName>שוק</ManufacturerName><ManufactureCountry>ישראל</ManufactureCountry><ManufacturerItemDescription>שוקו עמיד 250 מל.בקרטון</ManufacturerItemDescription><SoldByWeight/><Quantity>250.00</Quantity><UnitOfMeasure>מ"ל</UnitOfMeasure><QtyInPackage>לא ידוע</QtyInPackage><UnitOfMeasurePrice>0.0196</UnitOfMeasurePrice><AllowDiscount>1</AllowDiscount><ItemStatus>1</ItemStatus><ItemPrice>4.90</ItemPrice></item><item><PriceUpdateDate>2016-02-11 09:32:36</PriceUpdateDate><ItemCode>7290000043111</ItemCode><ItemType>1</ItemType><ItemName>חמאה רגילה 200 גרם</ItemName><ManufacturerName>תנובה</ManufacturerName><ManufactureCountry>ישראל</ManufactureCountry><ManufacturerItemDescription>חמאה 200 גרם פיקוח</ManufacturerItemDescription><SoldByWeight/><Quantity>200.00</Quantity><UnitOfMeasure>גרם     </UnitOfMeasure><QtyInPackage>לא ידוע</QtyInPackage><UnitOfMeasurePrice>0.0380</UnitOfMeasurePrice><AllowDiscount>1</AllowDiscount><ItemStatus>1</ItemStatus><ItemPrice>7.60</ItemPrice></item><item><PriceUpdateDate>2016-02-11 09:32:36</PriceUpdateDate><ItemCode>7290000043814</ItemCode><ItemType>1</ItemType><ItemName>שמנת עמידה לקצפת 38%</ItemName><ManufacturerName>שף לבן</ManufacturerName><ManufactureCountry>ישראל</ManufactureCountry><ManufacturerItemDescription>שמנת מתוקה עמידה</ManufacturerItemDescription><SoldByWeight/><Quantity>250.00</Quantity><UnitOfMeasure>מ"ל</UnitOfMeasure><QtyInPackage>לא ידוע</QtyInPackage><UnitOfMeasurePrice>0.0238</UnitOfMeasurePrice><AllowDiscount>1</AllowDiscount><ItemStatus>1</ItemStatus><ItemPrice>5.95</ItemPrice></item><item><PriceUpdateDate>2016-02-15 08:36:53</PriceUpdateDate><ItemCode>7290000043890</ItemCode><ItemType>1</ItemType><ItemName>ריוויון 1.5% שומן 1</ItemName><ManufacturerName>ריויון</ManufacturerName><ManufactureCountry>ישראל</ManufactureCountry><ManufacturerItemDescription>רויון 1 ליטר בקרטון</ManufacturerItemDescription><SoldByWeight/><Quantity>1000.00</Quantity><UnitOfMeasure>מ"ל</UnitOfMeasure><QtyInPackage>לא ידוע</QtyInPackage><UnitOfMeasurePrice>0.0117</UnitOfMeasurePrice><AllowDiscount>1</AllowDiscount><ItemStatus>1</ItemStatus><ItemPrice>11.70</ItemPrice></item><item><PriceUpdateDate>2015-10-11 12:50:02</PriceUpdateDate><ItemCode>7290000043944</ItemCode><ItemType>1</ItemType><ItemName>יוגורט כד תנובה 1.5</ItemName><ManufacturerName>יופלה</ManufacturerName><ManufactureCountry>ישראל</ManufactureCountry><ManufacturerItemDescription>יוגורט 1.5 ל .בכד</ManufacturerItemDescription><SoldByWeight/><Quantity>1500.00</Quantity><UnitOfMeasure>מ"ל</UnitOfMeasure><QtyInPackage>לא ידוע</QtyInPackage><UnitOfMeasurePrice>0.0114</UnitOfMeasurePrice><AllowDiscount>1</AllowDiscount><ItemStatus>1</ItemStatus><ItemPrice>17.10</ItemPrice></item><item><PriceUpdateDate>2015-11-12 14:34:24</PriceUpdateDate><ItemCode>7290000044088</ItemCode><ItemType>1</ItemType><ItemName>שלי3% שומן 200 מ"ל</ItemName><ManufacturerName>שלי</ManufacturerName><ManufactureCountry>ישראל</ManufactureCountry><ManufacturerItemDescription>שלי3% שומן 200 מ"ל</ManufacturerItemDescription><SoldByWeight/><Quantity>200.00</Quantity><UnitOfMeasure>מ"ל</UnitOfMeasure><QtyInPackage>לא ידוע</QtyInPackage><UnitOfMeasurePrice>0.0160</UnitOfMeasurePrice><AllowDiscount>1</AllowDiscount><ItemStatus>1</ItemStatus><ItemPrice>3.20</ItemPrice></item><item><PriceUpdateDate>2015-10-20 16:43:02</PriceUpdateDate><ItemCode>7290000044248</ItemCode><ItemType>1</ItemType><ItemName>ריויון חצי ליטר</ItemName><ManufacturerName>ריויון</ManufacturerName><ManufactureCountry>ישראל</ManufactureCountry><ManufacturerItemDescription>רויון500 מל .קרטון</ManufacturerItemDescription><SoldByWeight/><Quantity>500.00</Quantity><UnitOfMeasure>מ"ל</UnitOfMeasure><QtyInPackage>לא ידוע</QtyInPackage><UnitOfMeasurePrice>0.0136</UnitOfMeasurePrice><AllowDiscount>1</AllowDiscount><ItemStatus>1</ItemStatus><ItemPrice>6.80</ItemPrice></item><item><PriceUpdateDate>2016-06-01 09:41:31</PriceUpdateDate><ItemCode>7290000044712</ItemCode><ItemType>1</ItemType><ItemName>מב פרילי תות 500 מ''</ItemName><ManufacturerName>פרילי</ManufacturerName><ManufactureCountry>ישראל</ManufactureCountry><ManufacturerItemDescription>פרילי תות500 מל</ManufacturerItemDescription><SoldByWeight/><Quantity>500.00</Quantity><UnitOfMeasure>מ"ל</UnitOfMeasure><QtyInPackage>לא ידוע</QtyInPackage><UnitOfMeasurePrice>0.0178</UnitOfMeasurePrice><AllowDiscount>1</AllowDiscount><ItemStatus>1</ItemStatus><ItemPrice>8.90</ItemPrice></item><item><PriceUpdateDate>2016-05-30 22:03:15</PriceUpdateDate><ItemCode>7290000044880</ItemCode><ItemType>1</ItemType><ItemName>מעדן באדי תות 500 גר</ItemName><ManufacturerName>באדי</ManufacturerName><ManufactureCountry>ישראל</ManufactureCountry><ManufacturerItemDescription>באדי תות 500 3% מל</ManufacturerItemDescription><SoldByWeight/><Quantity>500.00</Quantity><UnitOfMeasure>גרם     </UnitOfMeasure><QtyInPackage>לא ידוע</QtyInPackage><UnitOfMeasurePrice>0.0196</UnitOfMeasurePrice><AllowDiscount>1</AllowDiscount><ItemStatus>1</ItemStatus><ItemPrice>9.80</ItemPrice></item><item><PriceUpdateDate>2016-05-30 22:03:15</PriceUpdateDate><ItemCode>7290000045573</ItemCode><ItemType>1</ItemType><ItemName>גבינת נעמה 200 גרם</ItemName><ManufacturerName>נעמה</ManufacturerName><ManufactureCountry>ישראל</ManufactureCountry><ManufacturerItemDescription>גבינה מותכת נעמה 200 גרם</ManufacturerItemDescription><SoldByWeight/><Quantity>200.00</Quantity><UnitOfMeasure>גרם     </UnitOfMeasure><QtyInPackage>לא ידוע</QtyInPackage><UnitOfMeasurePrice>0.0740</UnitOfMeasurePrice><AllowDiscount>1</AllowDiscount><ItemStatus>1</ItemStatus><ItemPrice>14.80</ItemPrice></item><item><PriceUpdateDate>2016-05-30 22:03:15</PriceUpdateDate><ItemCode>7290000045580</ItemCode><ItemType>1</ItemType><ItemName>גבינת חורש 240 גרם</ItemName><ManufacturerName>נעמה</ManufacturerName><ManufactureCountry>ישראל</ManufactureCountry><ManufacturerItemDescription>גבינה מותכת חורש 240 גרם</ManufacturerItemDescription><SoldByWeight/><Quantity>240.00</Quantity><UnitOfMeasure>גרם     </UnitOfMeasure><QtyInPackage>לא ידוע</QtyInPackage><UnitOfMeasurePrice>0.0746</UnitOfMeasurePrice><AllowDiscount>1</AllowDiscount><ItemStatus>1</ItemStatus><ItemPrice>17.90</ItemPrice></item><item><PriceUpdateDate>2015-10-20 16:43:02</PriceUpdateDate><ItemCode>7290000045771</ItemCode><ItemType>1</ItemType><ItemName>יוגורט 3 ליטר</ItemName><ManufacturerName>יופלה</ManufacturerName><ManufactureCountry>ישראל</ManufactureCountry><ManufacturerItemDescription>יוגורט 3 ליטר</ManufacturerItemDescription><SoldByWeight/><Quantity>3000.00</Quantity><UnitOfMeasure>מ"ל</UnitOfMeasure><QtyInPackage>לא ידוע</QtyInPackage><UnitOfMeasurePrice>0.0098</UnitOfMeasurePrice><AllowDiscount>1</AllowDiscount><ItemStatus>1</ItemStatus><ItemPrice>29.40</ItemPrice></item><item><PriceUpdateDate>2016-06-13 13:03:31</PriceUpdateDate><ItemCode>7290000045917</ItemCode><ItemType>1</ItemType><ItemName>גבינת קולאז עיזים גל</ItemName><ManufacturerName>גבינות תנובה</ManufacturerName><ManufactureCountry>ישראל</ManufactureCountry><ManufacturerItemDescription>גבינהצאן פרומעז גלילית 20</ManufacturerItemDescription><SoldByWeight/><Quantity>200.00</Quantity><UnitOfMeasure>גרם     </UnitOfMeasure><QtyInPackage>לא ידוע</QtyInPackage><UnitOfMeasurePrice>0.1310</UnitOfMeasurePrice><AllowDiscount>1</AllowDiscount><ItemStatus>1</ItemStatus><ItemPrice>26.20</ItemPrice></item><item><PriceUpdateDate>2016-02-11 09:32:36</PriceUpdateDate><ItemCode>7290000046006</ItemCode><ItemType>3</ItemType><ItemName>גבינת עמק 28% במשקל</ItemName><ManufacturerName>עמק</ManufacturerName><ManufactureCountry>ישראל</ManufactureCountry><ManufacturerItemDescription>גבינת עמק 28% במשקל</ManufacturerItemDescription><SoldByWeight/><Quantity>1.00</Quantity><UnitOfMeasure>ק"ג</UnitOfMeasure><QtyInPackage>לא ידוע</QtyInPackage><UnitOfMeasurePrice>41.3000</UnitOfMeasurePrice><AllowDiscount>1</AllowDiscount><ItemStatus>1</ItemStatus><ItemPrice>41.30</ItemPrice></item><item><PriceUpdateDate>2016-02-11 09:32:36</PriceUpdateDate><ItemCode>7290000046020</ItemCode><ItemType>3</ItemType><ItemName>גבינת גלבוע 22% במשק</ItemName><ManufacturerName>גלבוע</ManufacturerName><ManufactureCountry>ישראל</ManufactureCountry><ManufacturerItemDescription>גבינת גלבוע 22% במשק</ManufacturerItemDescription><SoldByWeight/><Quantity>1.00</Quantity><UnitOfMeasure>ק"ג</UnitOfMeasure><QtyInPackage>לא ידוע</QtyInPackage><UnitOfMeasurePrice>39.2500</UnitOfMeasurePrice><AllowDiscount>1</AllowDiscount><ItemStatus>1</ItemStatus><ItemPrice>39.25</ItemPrice></item><item><PriceUpdateDate>2016-06-06 11:50:20</PriceUpdateDate><ItemCode>7290000046327</ItemCode><ItemType>1</ItemType><ItemName>צהובה גלבוע 22% פרוס</ItemName><ManufacturerName>גלבוע</ManufacturerName><ManufactureCountry>ישראל</ManufactureCountry><ManufacturerItemDescription>גבינהקשה גלבוע פרוס200גר</ManufacturerItemDescription><SoldByWeight/><Quantity>200.00</Quantity><UnitOfMeasure>גרם     </UnitOfMeasure><QtyInPackage>לא ידוע</QtyInPackage><UnitOfMeasurePrice>0.0645</UnitOfMeasurePrice><AllowDiscount>1</AllowDiscount><ItemStatus>1</ItemStatus><ItemPrice>12.90</ItemPrice></item><item><PriceUpdateDate>2015-10-11 10:35:12</PriceUpdateDate><ItemCode>7290000046501</ItemCode><ItemType>3</ItemType><ItemName>גבינת טל העמק 32% במ</ItemName><ManufacturerName>עמק</ManufacturerName><ManufactureCountry>ישראל</ManufactureCountry><ManufacturerItemDescription>גבינת טל העמק 32% במ</ManufacturerItemDescription><SoldByWeight/><Quantity>1.00</Quantity><UnitOfMeasure>ק"ג</UnitOfMeasure><QtyInPackage>לא ידוע</QtyInPackage><UnitOfMeasurePrice>59.9000</UnitOfMeasurePrice><AllowDiscount>1</AllowDiscount><ItemStatus>1</ItemStatus><ItemPrice>59.90</ItemPrice></item><item><PriceUpdateDate>2016-06-13 13:03:31</PriceUpdateDate><ItemCode>7290000046549</ItemCode><ItemType>3</ItemType><ItemName>גבינת קולאז' מוצרלה</ItemName><ManufacturerName>גבינות תנובה</ManufacturerName><ManufactureCountry>ישראל</ManufactureCountry><ManufacturerItemDescription>גבינת קולאז' מוצרלה</ManufacturerItemDescription><SoldByWeight/><Quantity>1.00</Quantity><UnitOfMeasure>ק"ג</UnitOfMeasure><QtyInPackage>לא ידוע</QtyInPackage><UnitOfMeasurePrice>76.4000</UnitOfMeasurePrice><AllowDiscount>1</AllowDiscount><ItemStatus>1</ItemStatus><ItemPrice>76.40</ItemPrice></item><item><PriceUpdateDate>2016-06-13 13:03:31</PriceUpdateDate><ItemCode>7290000046563</ItemCode><ItemType>3</ItemType><ItemName>גבינת קולאז' פרמזן ח</ItemName><ManufacturerName>תנובה</ManufacturerName><ManufactureCountry>ישראל</ManufactureCountry><ManufacturerItemDescription>גבינת קולאז' פרמזן ח</ManufacturerItemDescription><SoldByWeight/><Quantity>1.00</Quantity><UnitOfMeasure>ק"ג</UnitOfMeasure><QtyInPackage>לא ידוע</QtyInPackage><UnitOfMeasurePrice>113.1000</UnitOfMeasurePrice><AllowDiscount>1</AllowDiscount><ItemStatus>1</ItemStatus><ItemPrice>113.10</ItemPrice></item><item><PriceUpdateDate>2015-10-11 10:35:12</PriceUpdateDate><ItemCode>7290000046662</ItemCode><ItemType>3</ItemType><ItemName>גבינה סקנדינבית במשק</ItemName><ManufacturerName>עמק</ManufacturerName><ManufactureCountry>ישראל</ManufactureCountry><ManufacturerItemDescription>גבינה סקנדינבית במשק</ManufacturerItemDescription><SoldByWeight/><Quantity>1.00</Quantity><UnitOfMeasure>ק"ג</UnitOfMeasure><QtyInPackage>לא ידוע</QtyInPackage><UnitOfMeasurePrice>77.0000</UnitOfMeasurePrice><AllowDiscount>1</AllowDiscount><ItemStatus>1</ItemStatus><ItemPrice>77.00</ItemPrice></item><item><PriceUpdateDate>2016-06-13 13:03:31</PriceUpdateDate><ItemCode>7290000047027</ItemCode><ItemType>3</ItemType><ItemName>גבינת קולאז' קשקבל ג</ItemName><ManufacturerName>גבינות תנובה</ManufacturerName><ManufactureCountry>ישראל</ManufactureCountry><ManufacturerItemDescription>גבינת קולאז' קשקבל ג</ManufacturerItemDescription><SoldByWeight/><Quantity>1.00</Quantity><UnitOfMeasure>ק"ג</UnitOfMeasure><QtyInPackage>לא ידוע</QtyInPackage><UnitOfMeasurePrice>126.3000</UnitOfMeasurePrice><AllowDiscount>1</AllowDiscount><ItemStatus>1</ItemStatus><ItemPrice>126.30</ItemPrice></item><item><PriceUpdateDate>2016-06-13 13:03:31</PriceUpdateDate><ItemCode>7290000047034</ItemCode><ItemType>3</ItemType><ItemName>גבינת קולאז' רוקפור</ItemName><ManufacturerName>תנובה</ManufacturerName><ManufactureCountry>ישראל</ManufactureCountry><ManufacturerItemDescription>גבינת קולאז' רוקפור</ManufacturerItemDescription><SoldByWeight/><Quantity>1.00</Quantity><UnitOfMeasure>ק"ג</UnitOfMeasure><QtyInPackage>לא ידוע</QtyInPackage><UnitOfMeasurePrice>123.3000</UnitOfMeasurePrice><AllowDiscount>1</AllowDiscount><ItemStatus>1</ItemStatus><ItemPrice>123.30</ItemPrice></item><item><PriceUpdateDate>2015-10-11 10:35:12</PriceUpdateDate><ItemCode>7290000047485</ItemCode><ItemType>3</ItemType><ItemName>גבינה בולגרית 24%</ItemName><ManufacturerName>פיראוס</ManufacturerName><ManufactureCountry>ישראל</ManufactureCountry><ManufacturerItemDescription>גבינה בולגרית 24%</ManufacturerItemDescription><SoldByWeight/><Quantity>1.00</Quantity><UnitOfMeasure>ק"ג</UnitOfMeasure><QtyInPackage>לא ידוע</QtyInPackage><UnitOfMeasurePrice>60.1000</UnitOfMeasurePrice><AllowDiscount>1</AllowDiscount><ItemStatus>1</ItemStatus><ItemPrice>60.10</ItemPrice></item><item><PriceUpdateDate>2015-10-11 12:50:02</PriceUpdateDate><ItemCode>7290000047546</ItemCode><ItemType>1</ItemType><ItemName>גבינת כנען כחושה 5%</ItemName><ManufacturerName>שף לבן</ManufacturerName><ManufactureCountry>ישראל</ManufactureCountry><ManufacturerItemDescription>גבינת כנען כחושה 5%</ManufacturerItemDescription><SoldByWeight/><Quantity>500.00</Quantity><UnitOfMeasure>גרם     </UnitOfMeasure><QtyInPackage>לא ידוע</QtyInPackage><UnitOfMeasurePrice>0.0470</UnitOfMeasurePrice><AllowDiscount>1</AllowDiscount><ItemStatus>1</ItemStatus><ItemPrice>23.50</ItemPrice></item><item><PriceUpdateDate>2016-06-13 13:03:31</PriceUpdateDate><ItemCode>7290000047942</ItemCode><ItemType>1</ItemType><ItemName>גבינה לבנה 9% בד''צ</ItemName><ManufacturerName>גבינות תנובה</ManufacturerName><ManufactureCountry>ישראל</ManufactureCountry><ManufacturerItemDescription>גבינה לבנה 9% בד''צ</ManufacturerItemDescription><SoldByWeight/><Quantity>250.00</Quantity><UnitOfMeasure>גרם     </UnitOfMeasure><QtyInPackage>לא ידוע</QtyInPackage><UnitOfMeasurePrice>0.0196</UnitOfMeasurePrice><AllowDiscount>1</AllowDiscount><ItemStatus>1</ItemStatus><ItemPrice>4.90</ItemPrice></item><item><PriceUpdateDate>2016-06-13 13:03:31</PriceUpdateDate><ItemCode>7290000048185</ItemCode><ItemType>1</ItemType><ItemName>גבינה 5% 250 גרם</ItemName><ManufacturerName>גבינות תנובה</ManufacturerName><ManufactureCountry>ישראל</ManufactureCountry><ManufacturerItemDescription>גבינה למריחה 250 5%גרם גב</ManufacturerItemDescription><SoldByWeight/><Quantity>250.00</Quantity><UnitOfMeasure>גרם     </UnitOfMeasure><QtyInPackage>לא ידוע</QtyInPackage><UnitOfMeasurePrice>0.0184</UnitOfMeasurePrice><AllowDiscount>1</AllowDiscount><ItemStatus>1</ItemStatus><ItemPrice>4.60</ItemPrice></item><item><PriceUpdateDate>2016-06-13 13:03:31</PriceUpdateDate><ItemCode>7290000048192</ItemCode><ItemType>1</ItemType><ItemName>גבינה לבנה 9% 250 גר</ItemName><ManufacturerName>גבינות תנובה</ManufacturerName><ManufactureCountry>ישראל</ManufactureCountry><ManufacturerItemDescription>גבינה למריחה 250 9%גרם</ManufacturerItemDescription><SoldByWeight/><Quantity>250.00</Quantity><UnitOfMeasure>גרם     </UnitOfMeasure><QtyInPackage>לא ידוע</QtyInPackage><UnitOfMeasurePrice>0.0196</UnitOfMeasurePrice><AllowDiscount>1</AllowDiscount><ItemStatus>1</ItemStatus><ItemPrice>4.90</ItemPrice></item><item><PriceUpdateDate>2015-10-20 16:43:02</PriceUpdateDate><ItemCode>7290000048307</ItemCode><ItemType>1</ItemType><ItemName>גבינת קוטג 5% עם זית</ItemName><ManufacturerName>קוטג תנובה</ManufacturerName><ManufactureCountry>ישראל</ManufactureCountry><ManufacturerItemDescription>קוטג 5%זיתים 250 גר</ManufacturerItemDescription><SoldByWeight/><Quantity>250.00</Quantity><UnitOfMeasure>גרם     </UnitOfMeasure><QtyInPackage>לא ידוע</QtyInPackage><UnitOfMeasurePrice>0.0248</UnitOfMeasurePrice><AllowDiscount>1</AllowDiscount><ItemStatus>1</ItemStatus><ItemPrice>6.20</ItemPrice></item><item><PriceUpdateDate>2016-05-30 22:03:16</PriceUpdateDate><ItemCode>7290000048437</ItemCode><ItemType>1</ItemType><ItemName>גבינה צפתית 5%שומן 2</ItemName><ManufacturerName>פיראוס</ManufacturerName><ManufactureCountry>ישראל</ManufactureCountry><ManufacturerItemDescription>גבינה צפתית 5% פיראוס200</ManufacturerItemDescription><SoldByWeight/><Quantity>200.00</Quantity><UnitOfMeasure>גרם     </UnitOfMeasure><QtyInPackage>לא ידוע</QtyInPackage><UnitOfMeasurePrice>0.0800</UnitOfMeasurePrice><AllowDiscount>1</AllowDiscount><ItemStatus>1</ItemStatus><ItemPrice>16.00</ItemPrice></item><item><PriceUpdateDate>2015-11-12 14:34:24</PriceUpdateDate><ItemCode>7290000048451</ItemCode><ItemType>1</ItemType><ItemName>גבינת חרמון 250 גרם</ItemName><ManufacturerName>פיראוס</ManufacturerName><ManufactureCountry>ישראל</ManufactureCountry><ManufacturerItemDescription>גבינת חרמון 250 גרם</ManufacturerItemDescription><SoldByWeight/><Quantity>250.00</Quantity><UnitOfMeasure>גרם     </UnitOfMeasure><QtyInPackage>לא ידוע</QtyInPackage><UnitOfMeasurePrice>0.0752</UnitOfMeasurePrice><AllowDiscount>1</AllowDiscount><ItemStatus>1</ItemStatus><ItemPrice>18.80</ItemPrice></item><item><PriceUpdateDate>2016-03-29 13:00:26</PriceUpdateDate><ItemCode>7290000050072</ItemCode><ItemType>1</ItemType><ItemName>מארז משקה יופלה 360</ItemName><ManufacturerName>יופלה</ManufacturerName><ManufactureCountry>ישראל</ManufactureCountry><ManufacturerItemDescription>מארז משקה יופלה 360</ManufacturerItemDescription><SoldByWeight/><Quantity>600.00</Quantity><UnitOfMeasure>מ"ל</UnitOfMeasure><QtyInPackage>לא ידוע</QtyInPackage><UnitOfMeasurePrice>0.0218</UnitOfMeasurePrice><AllowDiscount>1</AllowDiscount><ItemStatus>1</ItemStatus><ItemPrice>13.10</ItemPrice></item><item><PriceUpdateDate>2015-11-12 14:34:24</PriceUpdateDate><ItemCode>7290000050270</ItemCode><ItemType>1</ItemType><ItemName>פיראוס צפתית עיזים -</ItemName><ManufacturerName>פיראוס</ManufacturerName><ManufactureCountry>ישראל</ManufactureCountry><ManufacturerItemDescription>פיראוס צפתית עיזים -</ManufacturerItemDescription><SoldByWeight/><Quantity>200.00</Quantity><UnitOfMeasure>גרם     </UnitOfMeasure><QtyInPackage>לא ידוע</QtyInPackage><UnitOfMeasurePrice>0.0980</UnitOfMeasurePrice><AllowDiscount>1</AllowDiscount><ItemStatus>1</ItemStatus><ItemPrice>19.60</ItemPrice></item><item><PriceUpdateDate>2016-03-29 06:17:08</PriceUpdateDate><ItemCode>7290000050447</ItemCode><ItemType>1</ItemType><ItemName>יופלה תות 500 גרם</ItemName><ManufacturerName>יופלה</ManufacturerName><ManufactureCountry>ישראל</ManufactureCountry><ManufacturerItemDescription>יופלה תות 500 גרם</ManufacturerItemDescription><SoldByWeight/><Quantity>500.00</Quantity><UnitOfMeasure>גרם     </UnitOfMeasure><QtyInPackage>לא ידוע</QtyInPackage><UnitOfMeasurePrice>0.0282</UnitOfMeasurePrice><AllowDiscount>1</AllowDiscount><ItemStatus>1</ItemStatus><ItemPrice>14.10</ItemPrice></item><item><PriceUpdateDate>2016-03-29 06:17:08</PriceUpdateDate><ItemCode>7290000050454</ItemCode><ItemType>1</ItemType><ItemName>יופלה אפרסק 500 גרם</ItemName><ManufacturerName>יופלה</ManufacturerName><ManufactureCountry>ישראל</ManufactureCountry><ManufacturerItemDescription>יופלה אפרסק 500 גרם</ManufacturerItemDescription><SoldByWeight/><Quantity>500.00</Quantity><UnitOfMeasure>גרם     </UnitOfMeasure><QtyInPackage>לא ידוע</QtyInPackage><UnitOfMeasurePrice>0.0282</UnitOfMeasurePrice><AllowDiscount>1</AllowDiscount><ItemStatus>1</ItemStatus><ItemPrice>14.10</ItemPrice></item><item><PriceUpdateDate>2016-05-01 21:46:25</PriceUpdateDate><ItemCode>7290000050997</ItemCode><ItemType>1</ItemType><ItemName>מארז שטוזים בננה 400</ItemName><ManufacturerName>יופלה</ManufacturerName><ManufactureCountry>ישראל</ManufactureCountry><ManufacturerItemDescription>מארז יופלה שטוזים בננה</ManufacturerItemDescription><SoldByWeight/><Quantity>400.00</Quantity><UnitOfMeasure>גרם     </UnitOfMeasure><QtyInPackage>לא ידוע</QtyInPackage><UnitOfMeasurePrice>0.0273</UnitOfMeasurePrice><AllowDiscount>1</AllowDiscount><ItemStatus>1</ItemStatus><ItemPrice>10.90</ItemPrice></item><item><PriceUpdateDate>2016-05-01 21:46:25</PriceUpdateDate><ItemCode>7290000051024</ItemCode><ItemType>1</ItemType><ItemName>מארז שטוזים תות 400</ItemName><ManufacturerName>יופלה</ManufacturerName><ManufactureCountry>ישראל</ManufactureCountry><ManufacturerItemDescription>מארז יופלה שטוזים תות 400</ManufacturerItemDescription><SoldByWeight/><Quantity>400.00</Quantity><UnitOfMeasure>גרם     </UnitOfMeasure><QtyInPackage>לא ידוע</QtyInPackage><UnitOfMeasurePrice>0.0273</UnitOfMeasurePrice><AllowDiscount>1</AllowDiscount><ItemStatus>1</ItemStatus><ItemPrice>10.90</ItemPrice></item><item><PriceUpdateDate>2016-03-01 06:42:56</PriceUpdateDate><ItemCode>7290000051307</ItemCode><ItemType>1</ItemType><ItemName>מארז הפסקת אוכל דגני</ItemName><ManufacturerName>חלב תנובה</ManufacturerName><ManufactureCountry>ישראל</ManufactureCountry><ManufacturerItemDescription>מארז הפסקת אוכל דגני</ManufacturerItemDescription><SoldByWeight/><Quantity>150.00</Quantity><UnitOfMeasure>מ"ל</UnitOfMeasure><QtyInPackage>לא ידוע</QtyInPackage><UnitOfMeasurePrice>0.0640</UnitOfMeasurePrice><AllowDiscount>1</AllowDiscount><ItemStatus>1</ItemStatus><ItemPrice>9.60</ItemPrice></item><item><PriceUpdateDate>2015-11-12 14:34:24</PriceUpdateDate><ItemCode>7290000051352</ItemCode><ItemType>1</ItemType><ItemName>חלב של פעם בקרטון 3.</ItemName><ManufacturerName>חלב תנובה</ManufacturerName><ManufactureCountry>ישראל</ManufactureCountry><ManufacturerItemDescription>חלב של פעם 3.5% -3.8% חלב</ManufacturerItemDescription><SoldByWeight/><Quantity>1000.00</Quantity><UnitOfMeasure>מ"ל</UnitOfMeasure><QtyInPackage>לא ידוע</QtyInPackage><UnitOfMeasurePrice>0.0079</UnitOfMeasurePrice><AllowDiscount>1</AllowDiscount><ItemStatus>1</ItemStatus><ItemPrice>7.90</ItemPrice></item><item><PriceUpdateDate>2016-02-15 08:36:53</PriceUpdateDate><ItemCode>7290000051376</ItemCode><ItemType>1</ItemType><ItemName>יופלה דיאט אננס 0% 1</ItemName><ManufacturerName>יופלה</ManufacturerName><ManufactureCountry>ישראל</ManufactureCountry><ManufacturerItemDescription>יופלה דיאט יופלה אננס</ManufacturerItemDescription><SoldByWeight/><Quantity>150.00</Quantity><UnitOfMeasure>מ"ל</UnitOfMeasure><QtyInPackage>לא ידוע</QtyInPackage><UnitOfMeasurePrice>0.0353</UnitOfMeasurePrice><AllowDiscount>1</AllowDiscount><ItemStatus>1</ItemStatus><ItemPrice>5.30</ItemPrice></item><item><PriceUpdateDate>2015-11-12 14:33:47</PriceUpdateDate><ItemCode>7290000051956</ItemCode><ItemType>3</ItemType><ItemName>חריץ טל עמק 9%</ItemName><ManufacturerName>עמק</ManufacturerName><ManufactureCountry>ישראל</ManufactureCountry><ManufacturerItemDescription>חריץ טל עמק 9%</ManufacturerItemDescription><SoldByWeight/><Quantity>1.00</Quantity><UnitOfMeasure>ק"ג</UnitOfMeasure><QtyInPackage>לא ידוע</QtyInPackage><UnitOfMeasurePrice>78.5000</UnitOfMeasurePrice><AllowDiscount>1</AllowDiscount><ItemStatus>1</ItemStatus><ItemPrice>78.50</ItemPrice></item><item><PriceUpdateDate>2016-03-29 06:17:08</PriceUpdateDate><ItemCode>7290000052250</ItemCode><ItemType>1</ItemType><ItemName>יופלה YYY פירות יער3</ItemName><ManufacturerName>יופלה</ManufacturerName><ManufactureCountry>ישראל</ManufactureCountry><ManufacturerItemDescription>יופלה YYY פירות יער 500 3</ManufacturerItemDescription><SoldByWeight/><Quantity>500.00</Quantity><UnitOfMeasure>מ"ל</UnitOfMeasure><QtyInPackage>לא ידוע</QtyInPackage><UnitOfMeasurePrice>0.0282</UnitOfMeasurePrice><AllowDiscount>1</AllowDiscount><ItemStatus>1</ItemStatus><ItemPrice>14.10</ItemPrice></item><item><PriceUpdateDate>2016-05-02 08:05:43</PriceUpdateDate><ItemCode>7290000052298</ItemCode><ItemType>1</ItemType><ItemName>מב משקה מוקה 1 ליטר</ItemName><ManufacturerName>שוק</ManufacturerName><ManufactureCountry>ישראל</ManufactureCountry><ManufacturerItemDescription>מב משקה מוקה 1 ליטר</ManufacturerItemDescription><SoldByWeight/><Quantity>1.00</Quantity><UnitOfMeasure>ליטר    </UnitOfMeasure><QtyInPackage>לא ידוע</QtyInPackage><UnitOfMeasurePrice>8.9000</UnitOfMeasurePrice><AllowDiscount>1</AllowDiscount><ItemStatus>1</ItemStatus><ItemPrice>8.90</ItemPrice></item><item><PriceUpdateDate>2016-05-30 22:03:16</PriceUpdateDate><ItemCode>7290000052304</ItemCode><ItemType>1</ItemType><ItemName>מב משקה מוקה 340 מ"ל</ItemName><ManufacturerName>תנובה</ManufacturerName><ManufactureCountry>ישראל</ManufactureCountry><ManufacturerItemDescription>משקה מוקה תנובה 340 מל בב</ManufacturerItemDescription><SoldByWeight/><Quantity>340.00</Quantity><UnitOfMeasure>מ"ל</UnitOfMeasure><QtyInPackage>לא ידוע</QtyInPackage><UnitOfMeasurePrice>0.0144</UnitOfMeasurePrice><AllowDiscount>1</AllowDiscount><ItemStatus>1</ItemStatus><ItemPrice>4.90</ItemPrice></item><item><PriceUpdateDate>2016-02-16 12:24:29</PriceUpdateDate><ItemCode>7290000052311</ItemCode><ItemType>1</ItemType><ItemName>עמק פרוס בקופסא 15%</ItemName><ManufacturerName>עמק</ManufacturerName><ManufactureCountry>ישראל</ManufactureCountry><ManufacturerItemDescription>גבינה עמק 200 15% גרם פרו</ManufacturerItemDescription><SoldByWeight/><Quantity>200.00</Quantity><UnitOfMeasure>גרם     </UnitOfMeasure><QtyInPackage>לא ידוע</QtyInPackage><UnitOfMeasurePrice>0.0795</UnitOfMeasurePrice><AllowDiscount>1</AllowDiscount><ItemStatus>1</ItemStatus><ItemPrice>15.90</ItemPrice></item><item><PriceUpdateDate>2015-11-12 14:34:24</PriceUpdateDate><ItemCode>7290000052649</ItemCode><ItemType>1</ItemType><ItemName>לאבנה 5% 500 גר'</ItemName><ManufacturerName>פיראוס</ManufacturerName><ManufactureCountry>ישראל</ManufactureCountry><ManufacturerItemDescription>לאבנה 5% 500 גר'</ManufacturerItemDescription><SoldByWeight/><Quantity>500.00</Quantity><UnitOfMeasure>גרם     </UnitOfMeasure><QtyInPackage>לא ידוע</QtyInPackage><UnitOfMeasurePrice>0.0406</UnitOfMeasurePrice><AllowDiscount>1</AllowDiscount><ItemStatus>1</ItemStatus><ItemPrice>20.30</ItemPrice></item><item><PriceUpdateDate>2015-10-20 16:43:02</PriceUpdateDate><ItemCode>7290000052717</ItemCode><ItemType>1</ItemType><ItemName>קוטג' 5% עם שום שמיר</ItemName><ManufacturerName>קוטג תנובה</ManufacturerName><ManufactureCountry>ישראל</ManufactureCountry><ManufacturerItemDescription>קוטג 5% עם שום שמיר 250 ג</ManufacturerItemDescription><SoldByWeight/><Quantity>0.00</Quantity><UnitOfMeasure>גרם     </UnitOfMeasure><QtyInPackage>לא ידוע</QtyInPackage><UnitOfMeasurePrice>0.0000</UnitOfMeasurePrice><AllowDiscount>1</AllowDiscount><ItemStatus>1</ItemStatus><ItemPrice>6.20</ItemPrice></item><item><PriceUpdateDate>2015-10-20 16:43:02</PriceUpdateDate><ItemCode>7290000053271</ItemCode><ItemType>1</ItemType><ItemName>עמק עיזים 200 גרם</ItemName><ManufacturerName>עמק</ManufacturerName><ManufactureCountry>ישראל</ManufactureCountry><ManufacturerItemDescription>גבינה עמק עיזים 200 גרם</ManufacturerItemDescription><SoldByWeight/><Quantity>200.00</Quantity><UnitOfMeasure>גרם     </UnitOfMeasure><QtyInPackage>לא ידוע</QtyInPackage><UnitOfMeasurePrice>0.1020</UnitOfMeasurePrice><AllowDiscount>1</AllowDiscount><ItemStatus>1</ItemStatus><ItemPrice>20.40</ItemPrice></item><item><PriceUpdateDate>2016-03-01 06:42:56</PriceUpdateDate><ItemCode>7290000053981</ItemCode><ItemType>1</ItemType><ItemName>מארז יופלה פרי בד"ץ</ItemName><ManufacturerName>יופלה</ManufacturerName><ManufactureCountry>ישראל</ManufactureCountry><ManufacturerItemDescription>מארז יופלה פרי בד"ץ</ManufacturerItemDescription><SoldByWeight/><Quantity>0.00</Quantity><UnitOfMeasure>יח'</UnitOfMeasure><QtyInPackage>לא ידוע</QtyInPackage><UnitOfMeasurePrice>0.0000</UnitOfMeasurePrice><AllowDiscount>1</AllowDiscount><ItemStatus>1</ItemStatus><ItemPrice>28.50</ItemPrice></item><item><PriceUpdateDate>2015-11-12 14:34:25</PriceUpdateDate><ItemCode>7290000054995</ItemCode><ItemType>1</ItemType><ItemName>פיראוס יוגורט עיזים</ItemName><ManufacturerName>פיראוס</ManufacturerName><ManufactureCountry>ישראל</ManufactureCountry><ManufacturerItemDescription>יוגורט עיזים פיראוס 500 ל</ManufacturerItemDescription><SoldByWeight/><Quantity>500.00</Quantity><UnitOfMeasure>מ"ל</UnitOfMeasure><QtyInPackage>לא ידוע</QtyInPackage><UnitOfMeasurePrice>0.0252</UnitOfMeasurePrice><AllowDiscount>1</AllowDiscount><ItemStatus>1</ItemStatus><ItemPrice>12.60</ItemPrice></item><item><PriceUpdateDate>2015-10-20 16:43:02</PriceUpdateDate><ItemCode>7290000055015</ItemCode><ItemType>1</ItemType><ItemName>פטה כבשים פיראוס 5%</ItemName><ManufacturerName>פיראוס</ManufacturerName><ManufactureCountry>ישראל</ManufactureCountry><ManufacturerItemDescription>גבינה פטה כבשים 5% פיראוס</ManufacturerItemDescription><SoldByWeight/><Quantity>250.00</Quantity><UnitOfMeasure>גרם     </UnitOfMeasure><QtyInPackage>לא ידוע</QtyInPackage><UnitOfMeasurePrice>0.1108</UnitOfMeasurePrice><AllowDiscount>1</AllowDiscount><ItemStatus>1</ItemStatus><ItemPrice>27.70</ItemPrice></item><item><PriceUpdateDate>2015-10-20 16:43:02</PriceUpdateDate><ItemCode>7290000055206</ItemCode><ItemType>1</ItemType><ItemName>גבינה לבנה בטעם בצל</ItemName><ManufacturerName>לא ממותג</ManufacturerName><ManufactureCountry>ישראל</ManufactureCountry><ManufacturerItemDescription>גבינה לבנה 5% בצל מטוגן 2</ManufacturerItemDescription><SoldByWeight/><Quantity>250.00</Quantity><UnitOfMeasure>גרם     </UnitOfMeasure><QtyInPackage>לא ידוע</QtyInPackage><UnitOfMeasurePrice>0.0228</UnitOfMeasurePrice><AllowDiscount>1</AllowDiscount><ItemStatus>1</ItemStatus><ItemPrice>5.70</ItemPrice></item><item><PriceUpdateDate>2015-10-11 12:50:03</PriceUpdateDate><ItemCode>7290000055329</ItemCode><ItemType>1</ItemType><ItemName>יופלה משקה יוגורט בט</ItemName><ManufacturerName>יופלה</ManufacturerName><ManufactureCountry>ישראל</ManufactureCountry><ManufacturerItemDescription>משקה יוגורט יופלה תות מלו</ManufacturerItemDescription><SoldByWeight/><Quantity>250.00</Quantity><UnitOfMeasure>גרם     </UnitOfMeasure><QtyInPackage>לא ידוע</QtyInPackage><UnitOfMeasurePrice>0.0220</UnitOfMeasurePrice><AllowDiscount>0</AllowDiscount><ItemStatus>1</ItemStatus><ItemPrice>5.50</ItemPrice></item><item><PriceUpdateDate>2015-10-11 12:50:03</PriceUpdateDate><ItemCode>7290000055336</ItemCode><ItemType>1</ItemType><ItemName>יופלה משקה יוגורט בנ</ItemName><ManufacturerName>יופלה</ManufacturerName><ManufactureCountry>ישראל</ManufactureCountry><ManufacturerItemDescription>משקה יוגורט יופלה בננה אפ</ManufacturerItemDescription><SoldByWeight/><Quantity>250.00</Quantity><UnitOfMeasure>גרם     </UnitOfMeasure><QtyInPackage>לא ידוע</QtyInPackage><UnitOfMeasurePrice>0.0220</UnitOfMeasurePrice><AllowDiscount>0</AllowDiscount><ItemStatus>1</ItemStatus><ItemPrice>5.50</ItemPrice></item><item><PriceUpdateDate>2015-10-11 12:50:03</PriceUpdateDate><ItemCode>7290000055343</ItemCode><ItemType>1</ItemType><ItemName>יופלה משקה יוגורט טר</ItemName><ManufacturerName>יופלה</ManufacturerName><ManufactureCountry>ישראל</ManufactureCountry><ManufacturerItemDescription>משקה יוגורט יופלה טרופי 2</ManufacturerItemDescription><SoldByWeight/><Quantity>250.00</Quantity><UnitOfMeasure>גרם     </UnitOfMeasure><QtyInPackage>לא ידוע</QtyInPackage><UnitOfMeasurePrice>0.0220</UnitOfMeasurePrice><AllowDiscount>0</AllowDiscount><ItemStatus>1</ItemStatus><ItemPrice>5.50</ItemPrice></item><item><PriceUpdateDate>2015-11-12 16:54:48</PriceUpdateDate><ItemCode>7290000055565</ItemCode><ItemType>1</ItemType><ItemName>גלידת שמיניות מצופים</ItemName><ManufacturerName>גלידות נסטלה</ManufacturerName><ManufactureCountry>ישראל</ManufactureCountry><ManufacturerItemDescription>גלידה שמניות מצופים</ManufacturerItemDescription><SoldByWeight/><Quantity>600.00</Quantity><UnitOfMeasure>גרם     </UnitOfMeasure><QtyInPackage>לא ידוע</QtyInPackage><UnitOfMeasurePrice>0.0508</UnitOfMeasurePrice><AllowDiscount>1</AllowDiscount><ItemStatus>1</ItemStatus><ItemPrice>30.50</ItemPrice></item><item><PriceUpdateDate>2015-10-20 16:43:02</PriceUpdateDate><ItemCode>7290000056272</ItemCode><ItemType>1</ItemType><ItemName>גבינה לבנה עם זיתים</ItemName><ManufacturerName>לא ממותג</ManufacturerName><ManufactureCountry>ישראל</ManufactureCountry><ManufacturerItemDescription>גבינה לבנה 5% זיתים 250 ג</ManufacturerItemDescription><SoldByWeight/><Quantity>250.00</Quantity><UnitOfMeasure>גרם     </UnitOfMeasure><QtyInPackage>לא ידוע</QtyInPackage><UnitOfMeasurePrice>0.0228</UnitOfMeasurePrice><AllowDiscount>1</AllowDiscount><ItemStatus>1</ItemStatus><ItemPrice>5.70</ItemPrice></item><item><PriceUpdateDate>2016-03-01 06:42:56</PriceUpdateDate><ItemCode>7290000056845</ItemCode><ItemType>1</ItemType><ItemName>חלב הומוגני 3% 1.5 ל</ItemName><ManufacturerName>לא ממותג</ManufacturerName><ManufactureCountry>ישראל</ManufactureCountry><ManufacturerItemDescription>חלב 1.5 3% ליטר קרטו פיקו</ManufacturerItemDescription><SoldByWeight/><Quantity>2.00</Quantity><UnitOfMeasure>ליטר    </UnitOfMeasure><QtyInPackage>לא ידוע</QtyInPackage><UnitOfMeasurePrice>4.3000</UnitOfMeasurePrice><AllowDiscount>1</AllowDiscount><ItemStatus>1</ItemStatus><ItemPrice>8.60</ItemPrice></item><item><PriceUpdateDate>2016-05-01 21:46:25</PriceUpdateDate><ItemCode>7290000056890</ItemCode><ItemType>1</ItemType><ItemName>מאגדת 8  דיאט יופלה</ItemName><ManufacturerName>יופלה</ManufacturerName><ManufactureCountry>ישראל</ManufactureCountry><ManufacturerItemDescription>מאגדת 8  דיאט יופלה</ManufacturerItemDescription><SoldByWeight/><Quantity>1200.00</Quantity><UnitOfMeasure>גרם     </UnitOfMeasure><QtyInPackage>לא ידוע</QtyInPackage><UnitOfMeasurePrice>0.0263</UnitOfMeasurePrice><AllowDiscount>1</AllowDiscount><ItemStatus>1</ItemStatus><ItemPrice>31.60</ItemPrice></item><item><PriceUpdateDate>2016-05-30 22:03:16</PriceUpdateDate><ItemCode>7290000056906</ItemCode><ItemType>1</ItemType><ItemName>מב מאגדת יופלה 1.5%</ItemName><ManufacturerName>יופלה</ManufacturerName><ManufactureCountry>ישראל</ManufactureCountry><ManufacturerItemDescription>מב מאגדת יופלה 1.5%</ManufacturerItemDescription><SoldByWeight/><Quantity>1200.00</Quantity><UnitOfMeasure>גרם     </UnitOfMeasure><QtyInPackage>לא ידוע</QtyInPackage><UnitOfMeasurePrice>0.0124</UnitOfMeasurePrice><AllowDiscount>1</AllowDiscount><ItemStatus>1</ItemStatus><ItemPrice>14.90</ItemPrice></item><item><PriceUpdateDate>2016-02-16 12:24:29</PriceUpdateDate><ItemCode>7290000056951</ItemCode><ItemType>1</ItemType><ItemName>שמנת לבישול 15% 500</ItemName><ManufacturerName>תנובה</ManufacturerName><ManufactureCountry>ישראל</ManufactureCountry><ManufacturerItemDescription>שמנת לבישול 15% 500</ManufacturerItemDescription><SoldByWeight/><Quantity>500.00</Quantity><UnitOfMeasure>מ"ל</UnitOfMeasure><QtyInPackage>לא ידוע</QtyInPackage><UnitOfMeasurePrice>0.0338</UnitOfMeasurePrice><AllowDiscount>1</AllowDiscount><ItemStatus>1</ItemStatus><ItemPrice>16.90</ItemPrice></item><item><PriceUpdateDate>2016-02-11 09:32:36</PriceUpdateDate><ItemCode>7290000056968</ItemCode><ItemType>1</ItemType><ItemName>שמנת להקצפה 38% 500</ItemName><ManufacturerName>תנובה</ManufacturerName><ManufactureCountry>ישראל</ManufactureCountry><ManufacturerItemDescription>שמנת להקצפה 38% 500</ManufacturerItemDescription><SoldByWeight/><Quantity>500.00</Quantity><UnitOfMeasure>מ"ל</UnitOfMeasure><QtyInPackage>לא ידוע</QtyInPackage><UnitOfMeasurePrice>0.0238</UnitOfMeasurePrice><AllowDiscount>1</AllowDiscount><ItemStatus>1</ItemStatus><ItemPrice>11.90</ItemPrice></item><item><PriceUpdateDate>2015-10-11 12:50:04</PriceUpdateDate><ItemCode>7290000057088</ItemCode><ItemType>1</ItemType><ItemName>עמק דק 200 גרם</ItemName><ManufacturerName>עמק</ManufacturerName><ManufactureCountry>ישראל</ManufactureCountry><ManufacturerItemDescription>עמק דק 200 גרם</ManufacturerItemDescription><SoldByWeight/><Quantity>200.00</Quantity><UnitOfMeasure>גרם     </UnitOfMeasure><QtyInPackage>לא ידוע</QtyInPackage><UnitOfMeasurePrice>0.0795</UnitOfMeasurePrice><AllowDiscount>1</AllowDiscount><ItemStatus>1</ItemStatus><ItemPrice>15.90</ItemPrice></item><item><PriceUpdateDate>2015-10-11 12:50:04</PriceUpdateDate><ItemCode>7290000057132</ItemCode><ItemType>1</ItemType><ItemName>יוגורט 1.5% 200 גרם</ItemName><ManufacturerName>יוגורט כדים תנובה</ManufacturerName><ManufactureCountry>ישראל</ManufactureCountry><ManufacturerItemDescription>יוגורט תנובה</ManufacturerItemDescription><SoldByWeight/><Quantity>200.00</Quantity><UnitOfMeasure>גרם     </UnitOfMeasure><QtyInPackage>לא ידוע</QtyInPackage><UnitOfMeasurePrice>0.0160</UnitOfMeasurePrice><AllowDiscount>1</AllowDiscount><ItemStatus>1</ItemStatus><ItemPrice>3.20</ItemPrice></item><item><PriceUpdateDate>2015-10-11 12:50:04</PriceUpdateDate><ItemCode>7290000057149</ItemCode><ItemType>1</ItemType><ItemName>יוגורט 3% 200 גרם</ItemName><ManufacturerName>יוגורט כדים תנובה</ManufacturerName><ManufactureCountry>ישראל</ManufactureCountry><ManufacturerItemDescription>יוגורט תנובה 200 גרם</ManufacturerItemDescription><SoldByWeight/><Quantity>200.00</Quantity><UnitOfMeasure>גרם     </UnitOfMeasure><QtyInPackage>לא ידוע</QtyInPackage><UnitOfMeasurePrice>0.0160</UnitOfMeasurePrice><AllowDiscount>1</AllowDiscount><ItemStatus>1</ItemStatus><ItemPrice>3.20</ItemPrice></item><item><PriceUpdateDate>2016-03-01 06:42:56</PriceUpdateDate><ItemCode>7290000057477</ItemCode><ItemType>1</ItemType><ItemName>חלב 3% מהדרין 1.5 לי</ItemName><ManufacturerName>חלב תנובה</ManufacturerName><ManufactureCountry>ישראל</ManufactureCountry><ManufacturerItemDescription>חלב 3% מהדרין 1.5 לי</ManufacturerItemDescription><SoldByWeight/><Quantity>1500.00</Quantity><UnitOfMeasure>מ"ל</UnitOfMeasure><QtyInPackage>לא ידוע</QtyInPackage><UnitOfMeasurePrice>0.0057</UnitOfMeasurePrice><AllowDiscount>1</AllowDiscount><ItemStatus>1</ItemStatus><ItemPrice>8.60</ItemPrice></item><item><PriceUpdateDate>2016-02-15 08:36:53</PriceUpdateDate><ItemCode>7290000057552</ItemCode><ItemType>1</ItemType><ItemName>יופלה דיאט עוגת גבינ</ItemName><ManufacturerName>יופלה</ManufacturerName><ManufactureCountry>ישראל</ManufactureCountry><ManufacturerItemDescription>יופלה דיאט עוגת גבינה ותו</ManufacturerItemDescription><SoldByWeight/><Quantity>150.00</Quantity><UnitOfMeasure>גרם     </UnitOfMeasure><QtyInPackage>לא ידוע</QtyInPackage><UnitOfMeasurePrice>0.0353</UnitOfMeasurePrice><AllowDiscount>1</AllowDiscount><ItemStatus>1</ItemStatus><ItemPrice>5.30</ItemPrice></item><item><PriceUpdateDate>2015-10-20 16:43:02</PriceUpdateDate><ItemCode>7290000058030</ItemCode><ItemType>1</ItemType><ItemName>משקה יופלה שטוזים תו</ItemName><ManufacturerName>יופלה</ManufacturerName><ManufactureCountry>ישראל</ManufactureCountry><ManufacturerItemDescription>מארז 1/8 יופלה שטוזים משק</ManufacturerItemDescription><SoldByWeight/><Quantity>800.00</Quantity><UnitOfMeasure>מ"ל</UnitOfMeasure><QtyInPackage>לא ידוע</QtyInPackage><UnitOfMeasurePrice>0.0263</UnitOfMeasurePrice><AllowDiscount>1</AllowDiscount><ItemStatus>1</ItemStatus><ItemPrice>21.00</ItemPrice></item><item><PriceUpdateDate>2016-02-11 09:32:37</PriceUpdateDate><ItemCode>7290000058047</ItemCode><ItemType>1</ItemType><ItemName>שמנת מתוקה להקצפה 38</ItemName><ManufacturerName>תנובה</ManufacturerName><ManufactureCountry>ישראל</ManufactureCountry><ManufacturerItemDescription>שמנת מתוקה להקצפה 38</ManufacturerItemDescription><SoldByWeight/><Quantity>500.00</Quantity><UnitOfMeasure>מ"ל</UnitOfMeasure><QtyInPackage>לא ידוע</QtyInPackage><UnitOfMeasurePrice>0.0238</UnitOfMeasurePrice><AllowDiscount>1</AllowDiscount><ItemStatus>1</ItemStatus><ItemPrice>11.90</ItemPrice></item><item><PriceUpdateDate>2015-11-12 14:34:25</PriceUpdateDate><ItemCode>7290000058283</ItemCode><ItemType>1</ItemType><ItemName>גבינת עיזים למריחה</ItemName><ManufacturerName>פיראוס</ManufacturerName><ManufactureCountry>ישראל</ManufactureCountry><ManufacturerItemDescription>גבינת עיזים למריחה</ManufacturerItemDescription><SoldByWeight/><Quantity>250.00</Quantity><UnitOfMeasure>גרם     </UnitOfMeasure><QtyInPackage>לא ידוע</QtyInPackage><UnitOfMeasurePrice>0.0632</UnitOfMeasurePrice><AllowDiscount>1</AllowDiscount><ItemStatus>1</ItemStatus><ItemPrice>15.80</ItemPrice></item><item><PriceUpdateDate>2016-05-02 08:05:43</PriceUpdateDate><ItemCode>7290000060088</ItemCode><ItemType>1</ItemType><ItemName>מב בייגלה מקלות מלוח</ItemName><ManufacturerName>בייגלה אסם</ManufacturerName><ManufactureCountry>ישראל</ManufactureCountry><ManufacturerItemDescription>בייגלה מקלות מלוחים 400 ג</ManufacturerItemDescription><SoldByWeight/><Quantity>400.00</Quantity><UnitOfMeasure>גרם     </UnitOfMeasure><QtyInPackage>לא ידוע</QtyInPackage><UnitOfMeasurePrice>0.0273</UnitOfMeasurePrice><AllowDiscount>1</AllowDiscount><ItemStatus>1</ItemStatus><ItemPrice>10.90</ItemPrice></item><item><PriceUpdateDate>2015-11-12 18:18:34</PriceUpdateDate><ItemCode>7290000060156</ItemCode><ItemType>1</ItemType><ItemName>אטריות ביצים200 גרם</ItemName><ManufacturerName>פסטה אסם</ManufacturerName><ManufactureCountry>ישראל</ManufactureCountry><ManufacturerItemDescription>אטריות ביצים200 גרם</ManufacturerItemDescription><SoldByWeight/><Quantity>200.00</Quantity><UnitOfMeasure>גרם     </UnitOfMeasure><QtyInPackage>לא ידוע</QtyInPackage><UnitOfMeasurePrice>0.0540</UnitOfMeasurePrice><AllowDiscount>1</AllowDiscount><ItemStatus>1</ItemStatus><ItemPrice>10.80</ItemPrice></item><item><PriceUpdateDate>2016-05-30 22:03:16</PriceUpdateDate><ItemCode>7290000060163</ItemCode><ItemType>1</ItemType><ItemName>אטריות מובחר דקות 40</ItemName><ManufacturerName>פסטה אסם</ManufacturerName><ManufactureCountry>ישראל</ManufactureCountry><ManufacturerItemDescription>אטריות מובחר דקות 400 גר</ManufacturerItemDescription><SoldByWeight/><Quantity>400.00</Quantity><UnitOfMeasure>גרם     </UnitOfMeasure><QtyInPackage>לא ידוע</QtyInPackage><UnitOfMeasurePrice>0.0148</UnitOfMeasurePrice><AllowDiscount>1</AllowDiscount><ItemStatus>1</ItemStatus><ItemPrice>5.90</ItemPrice></item><item><PriceUpdateDate>2016-05-30 22:03:16</PriceUpdateDate><ItemCode>7290000060200</ItemCode><ItemType>1</ItemType><ItemName>פתיתים אפויים 500 גר</ItemName><ManufacturerName>פסטה אסם</ManufacturerName><ManufactureCountry>ישראל</ManufactureCountry><ManufacturerItemDescription>פתיתים אפויים קוסקוס 500</ManufacturerItemDescription><SoldByWeight/><Quantity>500.00</Quantity><UnitOfMeasure>גרם     </UnitOfMeasure><QtyInPackage>לא ידוע</QtyInPackage><UnitOfMeasurePrice>0.0118</UnitOfMeasurePrice><AllowDiscount>1</AllowDiscount><ItemStatus>1</ItemStatus><ItemPrice>5.90</ItemPrice></item><item><PriceUpdateDate>2016-05-30 22:03:16</PriceUpdateDate><ItemCode>7290000060217</ItemCode><ItemType>1</ItemType><ItemName>פסטה מקרוני מס 7 500</ItemName><ManufacturerName>אסם</ManufacturerName><ManufactureCountry>איטליה</ManufactureCountry><ManufacturerItemDescription>רסק תפו"ע       ם</ManufacturerItemDescription><SoldByWeight/><Quantity>500.00</Quantity><UnitOfMeasure>גרם     </UnitOfMeasure><QtyInPackage>לא ידוע</QtyInPackage><UnitOfMeasurePrice>0.0112</UnitOfMeasurePrice><AllowDiscount>1</AllowDiscount><ItemStatus>1</ItemStatus><ItemPrice>5.60</ItemPrice></item><item><PriceUpdateDate>2016-05-30 22:03:16</PriceUpdateDate><ItemCode>7290000060248</ItemCode><ItemType>1</ItemType><ItemName>פסטה תלתלים 500 גרם</ItemName><ManufacturerName>פסטה אסם</ManufacturerName><ManufactureCountry>ישראל</ManufactureCountry><ManufacturerItemDescription>פסטה תלתלים 500 גרם</ManufacturerItemDescription><SoldByWeight/><Quantity>500.00</Quantity><UnitOfMeasure>גרם     </UnitOfMeasure><QtyInPackage>לא ידוע</QtyInPackage><UnitOfMeasurePrice>0.0112</UnitOfMeasurePrice><AllowDiscount>1</AllowDiscount><ItemStatus>1</ItemStatus><ItemPrice>5.60</ItemPrice></item><item><PriceUpdateDate>2016-05-30 22:03:16</PriceUpdateDate><ItemCode>7290000060408</ItemCode><ItemType>1</ItemType><ItemName>פתיתים אפויים טבעות</ItemName><ManufacturerName>פסטה אסם</ManufacturerName><ManufactureCountry>ישראל</ManufactureCountry><ManufacturerItemDescription>פתיתים אפויים טבעות</ManufacturerItemDescription><SoldByWeight/><Quantity>500.00</Quantity><UnitOfMeasure>גרם     </UnitOfMeasure><QtyInPackage>לא ידוע</QtyInPackage><UnitOfMeasurePrice>0.0118</UnitOfMeasurePrice><AllowDiscount>1</AllowDiscount><ItemStatus>1</ItemStatus><ItemPrice>5.90</ItemPrice></item><item><PriceUpdateDate>2016-05-30 22:03:17</PriceUpdateDate><ItemCode>7290000060415</ItemCode><ItemType>1</ItemType><ItemName>מב לזניה לה פסטה 500</ItemName><ManufacturerName>אסם</ManufacturerName><ManufactureCountry>ישראל</ManufactureCountry><ManufacturerItemDescription>מב לזניה לה פסטה 500</ManufacturerItemDescription><SoldByWeight/><Quantity>500.00</Quantity><UnitOfMeasure>גרם     </UnitOfMeasure><QtyInPackage>לא ידוע</QtyInPackage><UnitOfMeasurePrice>0.0238</UnitOfMeasurePrice><AllowDiscount>1</AllowDiscount><ItemStatus>1</ItemStatus><ItemPrice>11.90</ItemPrice></item><item><PriceUpdateDate>2015-10-21 16:18:26</PriceUpdateDate><ItemCode>7290000060491</ItemCode><ItemType>1</ItemType><ItemName>פסטה קורנטי 500 גרם</ItemName><ManufacturerName>פרפקטו</ManufacturerName><ManufactureCountry>ישראל</ManufactureCountry><ManufacturerItemDescription>פסטה קורנטי 500 גרם</ManufacturerItemDescription><SoldByWeight/><Quantity>500.00</Quantity><UnitOfMeasure>גרם     </UnitOfMeasure><QtyInPackage>לא ידוע</QtyInPackage><UnitOfMeasurePrice>0.0198</UnitOfMeasurePrice><AllowDiscount>1</AllowDiscount><ItemStatus>1</ItemStatus><ItemPrice>9.90</ItemPrice></item><item><PriceUpdateDate>2016-05-30 22:03:17</PriceUpdateDate><ItemCode>7290000060781</ItemCode><ItemType>1</ItemType><ItemName>פסטה מסולסלים 500 גר</ItemName><ManufacturerName>אסם</ManufacturerName><ManufactureCountry>איטליה</ManufactureCountry><ManufacturerItemDescription>פסטה אסם מסולסלים 500 גר</ManufacturerItemDescription><SoldByWeight/><Quantity>500.00</Quantity><UnitOfMeasure>גרם     </UnitOfMeasure><QtyInPackage>לא ידוע</QtyInPackage><UnitOfMeasurePrice>0.0112</UnitOfMeasurePrice><AllowDiscount>1</AllowDiscount><ItemStatus>1</ItemStatus><ItemPrice>5.60</ItemPrice></item><item><PriceUpdateDate>2016-05-30 22:03:17</PriceUpdateDate><ItemCode>7290000060828</ItemCode><ItemType>1</ItemType><ItemName>פסטה קרניים בינוני 5</ItemName><ManufacturerName>פסטה אסם</ManufacturerName><ManufactureCountry>איטליה</ManufactureCountry><ManufacturerItemDescription>פסטה אסם קרניים בינוניות5</ManufacturerItemDescription><SoldByWeight/><Quantity>500.00</Quantity><UnitOfMeasure>גרם     </UnitOfMeasure><QtyInPackage>לא ידוע</QtyInPackage><UnitOfMeasurePrice>0.0112</UnitOfMeasurePrice><AllowDiscount>1</AllowDiscount><ItemStatus>1</ItemStatus><ItemPrice>5.60</ItemPrice></item><item><PriceUpdateDate>2016-05-30 22:03:17</PriceUpdateDate><ItemCode>7290000060842</ItemCode><ItemType>1</ItemType><ItemName>פסטה צדפים גדולים 50</ItemName><ManufacturerName>אסם</ManufacturerName><ManufactureCountry>ישראל</ManufactureCountry><ManufacturerItemDescription>פסטה צדפים גדולים 50</ManufacturerItemDescription><SoldByWeight/><Quantity>500.00</Quantity><UnitOfMeasure>גרם     </UnitOfMeasure><QtyInPackage>לא ידוע</QtyInPackage><UnitOfMeasurePrice>0.0112</UnitOfMeasurePrice><AllowDiscount>1</AllowDiscount><ItemStatus>1</ItemStatus><ItemPrice>5.60</ItemPrice></item><item><PriceUpdateDate>2016-05-30 22:03:17</PriceUpdateDate><ItemCode>7290000060859</ItemCode><ItemType>1</ItemType><ItemName>פסטה צדפות קטנות 500</ItemName><ManufacturerName>פסטה אסם</ManufacturerName><ManufactureCountry>ישראל</ManufactureCountry><ManufacturerItemDescription>פסטה צדפות קטנות 500</ManufacturerItemDescription><SoldByWeight/><Quantity>500.00</Quantity><UnitOfMeasure>גרם     </UnitOfMeasure><QtyInPackage>לא ידוע</QtyInPackage><UnitOfMeasurePrice>0.0112</UnitOfMeasurePrice><AllowDiscount>1</AllowDiscount><ItemStatus>1</ItemStatus><ItemPrice>5.60</ItemPrice></item><item><PriceUpdateDate>2016-05-30 22:03:17</PriceUpdateDate><ItemCode>7290000060880</ItemCode><ItemType>1</ItemType><ItemName>פסטה מס.8 500 גרם</ItemName><ManufacturerName>פסטה אסם</ManufacturerName><ManufactureCountry>איטליה</ManufactureCountry><ManufacturerItemDescription>פסטה אסם ספגטי 500  גר</ManufacturerItemDescription><SoldByWeight/><Quantity>500.00</Quantity><UnitOfMeasure>גרם     </UnitOfMeasure><QtyInPackage>לא ידוע</QtyInPackage><UnitOfMeasurePrice>0.0112</UnitOfMeasurePrice><AllowDiscount>1</AllowDiscount><ItemStatus>1</ItemStatus><ItemPrice>5.60</ItemPrice></item><item><PriceUpdateDate>2016-05-30 22:03:17</PriceUpdateDate><ItemCode>7290000060903</ItemCode><ItemType>1</ItemType><ItemName>פתיתים אפויים 500 גר</ItemName><ManufacturerName>פסטה אסם</ManufacturerName><ManufactureCountry>ישראל</ManufactureCountry><ManufacturerItemDescription>פתיתים אפויים אורז500 גר</ManufacturerItemDescription><SoldByWeight/><Quantity>500.00</Quantity><UnitOfMeasure>גרם     </UnitOfMeasure><QtyInPackage>לא ידוע</QtyInPackage><UnitOfMeasurePrice>0.0118</UnitOfMeasurePrice><AllowDiscount>1</AllowDiscount><ItemStatus>1</ItemStatus><ItemPrice>5.90</ItemPrice></item><item><PriceUpdateDate>2016-05-30 22:03:17</PriceUpdateDate><ItemCode>7290000060958</ItemCode><ItemType>1</ItemType><ItemName>אטריות מובחר בינוני</ItemName><ManufacturerName>אסם</ManufacturerName><ManufactureCountry>ישראל</ManufactureCountry><ManufacturerItemDescription>אטריות מובחר בינוניות 400</ManufacturerItemDescription><SoldByWeight/><Quantity>400.00</Quantity><UnitOfMeasure>גרם     </UnitOfMeasure><QtyInPackage>לא ידוע</QtyInPackage><UnitOfMeasurePrice>0.0148</UnitOfMeasurePrice><AllowDiscount>1</AllowDiscount><ItemStatus>1</ItemStatus><ItemPrice>5.90</ItemPrice></item><item><PriceUpdateDate>2016-05-30 22:03:17</PriceUpdateDate><ItemCode>7290000060972</ItemCode><ItemType>1</ItemType><ItemName>אטריות מובחר דקיקות</ItemName><ManufacturerName>אסם</ManufacturerName><ManufactureCountry>איטליה</ManufactureCountry><ManufacturerItemDescription>צמרוני אוזניים  עם שסתום</ManufacturerItemDescription><SoldByWeight/><Quantity>400.00</Quantity><UnitOfMeasure>גרם     </UnitOfMeasure><QtyInPackage>לא ידוע</QtyInPackage><UnitOfMeasurePrice>0.0148</UnitOfMeasurePrice><AllowDiscount>1</AllowDiscount><ItemStatus>1</ItemStatus><ItemPrice>5.90</ItemPrice></item><item><PriceUpdateDate>2015-10-22 16:10:09</PriceUpdateDate><ItemCode>7290000061061</ItemCode><ItemType>1</ItemType><ItemName>קרקר בצל 250 גרם</ItemName><ManufacturerName>לא ממותג</ManufacturerName><ManufactureCountry>ישראל</ManufactureCountry><ManufacturerItemDescription>קרקר בצל 250 גר</ManufacturerItemDescription><SoldByWeight/><Quantity>250.00</Quantity><UnitOfMeasure>גרם     </UnitOfMeasure><QtyInPackage>לא ידוע</QtyInPackage><UnitOfMeasurePrice>0.0460</UnitOfMeasurePrice><AllowDiscount>1</AllowDiscount><ItemStatus>1</ItemStatus><ItemPrice>11.50</ItemPrice></item><item><PriceUpdateDate>2016-05-30 22:03:17</PriceUpdateDate><ItemCode>7290000061085</ItemCode><ItemType>1</ItemType><ItemName>רוטב צ'ילי מתוק 290</ItemName><ManufacturerName>אסם</ManufacturerName><ManufactureCountry>ישראל</ManufactureCountry><ManufacturerItemDescription>רוטב צילי מתוק 290 מל</ManufacturerItemDescription><SoldByWeight/><Quantity>290.00</Quantity><UnitOfMeasure>מ"ל</UnitOfMeasure><QtyInPackage>לא ידוע</QtyInPackage><UnitOfMeasurePrice>0.0362</UnitOfMeasurePrice><AllowDiscount>1</AllowDiscount><ItemStatus>1</ItemStatus><ItemPrice>10.50</ItemPrice></item><item><PriceUpdateDate>2016-05-30 22:03:17</PriceUpdateDate><ItemCode>7290000061108</ItemCode><ItemType>1</ItemType><ItemName>רוטב טריאקי 290 מ"ל</ItemName><ManufacturerName>אסם</ManufacturerName><ManufactureCountry>ישראל</ManufactureCountry><ManufacturerItemDescription>רוטב טריאקי 290 מל</ManufacturerItemDescription><SoldByWeight/><Quantity>290.00</Quantity><UnitOfMeasure>מ"ל</UnitOfMeasure><QtyInPackage>לא ידוע</QtyInPackage><UnitOfMeasurePrice>0.0362</UnitOfMeasurePrice><AllowDiscount>1</AllowDiscount><ItemStatus>1</ItemStatus><ItemPrice>10.50</ItemPrice></item><item><PriceUpdateDate>2016-05-30 22:03:17</PriceUpdateDate><ItemCode>7290000061214</ItemCode><ItemType>1</ItemType><ItemName>פתיתים קוסקוס עם בצל</ItemName><ManufacturerName>פסטה אסם</ManufacturerName><ManufactureCountry>ישראל</ManufactureCountry><ManufacturerItemDescription>פתיתים קוסקוס עם בצל</ManufacturerItemDescription><SoldByWeight/><Quantity>500.00</Quantity><UnitOfMeasure>גרם     </UnitOfMeasure><QtyInPackage>לא ידוע</QtyInPackage><UnitOfMeasurePrice>0.0118</UnitOfMeasurePrice><AllowDiscount>1</AllowDiscount><ItemStatus>1</ItemStatus><ItemPrice>5.90</ItemPrice></item><item><PriceUpdateDate>2016-02-08 09:04:52</PriceUpdateDate><ItemCode>7290000061245</ItemCode><ItemType>1</ItemType><ItemName>עוגיות שוקוצ'יפס ממו</ItemName><ManufacturerName>אסם</ManufacturerName><ManufactureCountry>ישראל</ManufactureCountry><ManufacturerItemDescription>עוגיות שוקוצ'יפס ממו</ManufacturerItemDescription><SoldByWeight/><Quantity>220.00</Quantity><UnitOfMeasure>גרם     </UnitOfMeasure><QtyInPackage>לא ידוע</QtyInPackage><UnitOfMeasurePrice>0.0586</UnitOfMeasurePrice><AllowDiscount>1</AllowDiscount><ItemStatus>1</ItemStatus><ItemPrice>12.90</ItemPrice></item><item><PriceUpdateDate>2016-05-30 22:03:17</PriceUpdateDate><ItemCode>7290000061450</ItemCode><ItemType>1</ItemType><ItemName>פתיתים קוסקוס 3 צבעי</ItemName><ManufacturerName>אסם</ManufacturerName><ManufactureCountry>ישראל</ManufactureCountry><ManufacturerItemDescription>פתיתים קוסקוס 3 צבעי</ManufacturerItemDescription><SoldByWeight/><Quantity>500.00</Quantity><UnitOfMeasure>גרם     </UnitOfMeasure><QtyInPackage>לא ידוע</QtyInPackage><UnitOfMeasurePrice>0.0118</UnitOfMeasurePrice><AllowDiscount>1</AllowDiscount><ItemStatus>1</ItemStatus><ItemPrice>5.90</ItemPrice></item><item><PriceUpdateDate>2016-05-30 22:03:17</PriceUpdateDate><ItemCode>7290000061764</ItemCode><ItemType>1</ItemType><ItemName>נס קפה רד מאג 200 גר</ItemName><ManufacturerName>רד מאג</ManufacturerName><ManufactureCountry>ספרד</ManufactureCountry><ManufacturerItemDescription>מברשת בקבוק+פט  טמה</ManufacturerItemDescription><SoldByWeight/><Quantity>200.00</Quantity><UnitOfMeasure>גרם     </UnitOfMeasure><QtyInPackage>לא ידוע</QtyInPackage><UnitOfMeasurePrice>0.1495</UnitOfMeasurePrice><AllowDiscount>1</AllowDiscount><ItemStatus>1</ItemStatus><ItemPrice>29.90</ItemPrice></item><item><PriceUpdateDate>2015-10-22 16:10:09</PriceUpdateDate><ItemCode>7290000062709</ItemCode><ItemType>1</ItemType><ItemName>לחמית שיפון 1 קג</ItemName><ManufacturerName>לחמית</ManufacturerName><ManufactureCountry>ישראל</ManufactureCountry><ManufacturerItemDescription>לחמית שיפון 1 קג</ManufacturerItemDescription><SoldByWeight/><Quantity>1000.00</Quantity><UnitOfMeasure>גרם     </UnitOfMeasure><QtyInPackage>לא ידוע</QtyInPackage><UnitOfMeasurePrice>0.0300</UnitOfMeasurePrice><AllowDiscount>1</AllowDiscount><ItemStatus>1</ItemStatus><ItemPrice>30.00</ItemPrice></item><item><PriceUpdateDate>2015-11-12 18:18:34</PriceUpdateDate><ItemCode>7290000063027</ItemCode><ItemType>1</ItemType><ItemName>לחמית ללא גלוטן 1 ק"</ItemName><ManufacturerName>לא ממותג</ManufacturerName><ManufactureCountry>ישראל</ManufactureCountry><ManufacturerItemDescription>לחמית ללא גלוטן 1 ק"</ManufacturerItemDescription><SoldByWeight/><Quantity>1000.00</Quantity><UnitOfMeasure>גרם     </UnitOfMeasure><QtyInPackage>לא ידוע</QtyInPackage><UnitOfMeasurePrice>0.0356</UnitOfMeasurePrice><AllowDiscount>1</AllowDiscount><ItemStatus>1</ItemStatus><ItemPrice>35.60</ItemPrice></item><item><PriceUpdateDate>2015-10-21 16:18:26</PriceUpdateDate><ItemCode>7290000063102</ItemCode><ItemType>1</ItemType><ItemName>קמח תופח 350 גרם</ItemName><ManufacturerName>אסם</ManufacturerName><ManufactureCountry>ישראל</ManufactureCountry><ManufacturerItemDescription>קמח תופח 350 גר</ManufacturerItemDescription><SoldByWeight/><Quantity>350.00</Quantity><UnitOfMeasure>גרם     </UnitOfMeasure><QtyInPackage>לא ידוע</QtyInPackage><UnitOfMeasurePrice>0.0169</UnitOfMeasurePrice><AllowDiscount>1</AllowDiscount><ItemStatus>1</ItemStatus><ItemPrice>5.90</ItemPrice></item><item><PriceUpdateDate>2015-11-12 18:18:34</PriceUpdateDate><ItemCode>7290000063133</ItemCode><ItemType>1</ItemType><ItemName>שקדי מרק 100 גרם</ItemName><ManufacturerName>אסם</ManufacturerName><ManufactureCountry>ישראל</ManufactureCountry><ManufacturerItemDescription>שקדי מרק 100 גר</ManufacturerItemDescription><SoldByWeight/><Quantity>100.00</Quantity><UnitOfMeasure>גרם     </UnitOfMeasure><QtyInPackage>לא ידוע</QtyInPackage><UnitOfMeasurePrice>0.0680</UnitOfMeasurePrice><AllowDiscount>1</AllowDiscount><ItemStatus>1</ItemStatus><ItemPrice>6.80</ItemPrice></item><item><PriceUpdateDate>2016-03-16 15:40:37</PriceUpdateDate><ItemCode>7290000063140</ItemCode><ItemType>1</ItemType><ItemName>שקדי מרק רכיבים טבעי</ItemName><ManufacturerName>אסם</ManufacturerName><ManufactureCountry>ישראל</ManufactureCountry><ManufacturerItemDescription>שקדי מרק 400 גרם</ManufacturerItemDescription><SoldByWeight/><Quantity>400.00</Quantity><UnitOfMeasure>גרם     </UnitOfMeasure><QtyInPackage>לא ידוע</QtyInPackage><UnitOfMeasurePrice>0.0273</UnitOfMeasurePrice><AllowDiscount>1</AllowDiscount><ItemStatus>1</ItemStatus><ItemPrice>10.90</ItemPrice></item><item><PriceUpdateDate>2016-03-16 15:40:37</PriceUpdateDate><ItemCode>7290000063157</ItemCode><ItemType>1</ItemType><ItemName>קמח תופח 1 ק"ג</ItemName><ManufacturerName>אסם</ManufacturerName><ManufactureCountry>ישראל</ManufactureCountry><ManufacturerItemDescription>קמח תופח מאליו 1 קג</ManufacturerItemDescription><SoldByWeight/><Quantity>1000.00</Quantity><UnitOfMeasure>גרם     </UnitOfMeasure><QtyInPackage>לא ידוע</QtyInPackage><UnitOfMeasurePrice>0.0089</UnitOfMeasurePrice><AllowDiscount>1</AllowDiscount><ItemStatus>1</ItemStatus><ItemPrice>8.90</ItemPrice></item><item><PriceUpdateDate>2015-11-12 18:18:34</PriceUpdateDate><ItemCode>7290000063294</ItemCode><ItemType>1</ItemType><ItemName>תרכיז ויטמינציק ענבי</ItemName><ManufacturerName>ויטמינצק</ManufacturerName><ManufactureCountry>ישראל</ManufactureCountry><ManufacturerItemDescription>תרכיז ויטמינציק ענבי</ManufacturerItemDescription><SoldByWeight/><Quantity>2000.00</Quantity><UnitOfMeasure>מ"ל</UnitOfMeasure><QtyInPackage>לא ידוע</QtyInPackage><UnitOfMeasurePrice>0.0149</UnitOfMeasurePrice><AllowDiscount>1</AllowDiscount><ItemStatus>1</ItemStatus><ItemPrice>29.90</ItemPrice></item><item><PriceUpdateDate>2015-11-12 18:18:34</PriceUpdateDate><ItemCode>7290000063300</ItemCode><ItemType>1</ItemType><ItemName>תרכיז ויטמינציק פטל</ItemName><ManufacturerName>ויטמינצק</ManufacturerName><ManufactureCountry>ישראל</ManufactureCountry><ManufacturerItemDescription>תרכיז ויטמינציק פטל</ManufacturerItemDescription><SoldByWeight/><Quantity>2000.00</Quantity><UnitOfMeasure>מ"ל</UnitOfMeasure><QtyInPackage>לא ידוע</QtyInPackage><UnitOfMeasurePrice>0.0149</UnitOfMeasurePrice><AllowDiscount>1</AllowDiscount><ItemStatus>1</ItemStatus><ItemPrice>29.90</ItemPrice></item><item><PriceUpdateDate>2016-03-29 13:00:26</PriceUpdateDate><ItemCode>7290000064321</ItemCode><ItemType>1</ItemType><ItemName>חמים וטעים אורז ועדש</ItemName><ManufacturerName>אסם</ManufacturerName><ManufactureCountry>ישראל</ManufactureCountry><ManufacturerItemDescription>תבשיל מגדרה אורז ועדשים14</ManufacturerItemDescription><SoldByWeight/><Quantity>145.00</Quantity><UnitOfMeasure>גרם     </UnitOfMeasure><QtyInPackage>לא ידוע</QtyInPackage><UnitOfMeasurePrice>0.0890</UnitOfMeasurePrice><AllowDiscount>1</AllowDiscount><ItemStatus>1</ItemStatus><ItemPrice>12.90</ItemPrice></item><item><PriceUpdateDate>2016-03-29 13:00:26</PriceUpdateDate><ItemCode>7290000064505</ItemCode><ItemType>1</ItemType><ItemName>חמים וטעים פתיתים 13</ItemName><ManufacturerName>אסם</ManufacturerName><ManufactureCountry>ישראל</ManufactureCountry><ManufacturerItemDescription>תבשיל פתיתים אפויים עם יר</ManufacturerItemDescription><SoldByWeight/><Quantity>130.00</Quantity><UnitOfMeasure>גרם     </UnitOfMeasure><QtyInPackage>לא ידוע</QtyInPackage><UnitOfMeasurePrice>0.0992</UnitOfMeasurePrice><AllowDiscount>1</AllowDiscount><ItemStatus>1</ItemStatus><ItemPrice>12.90</ItemPrice></item><item><PriceUpdateDate>2016-03-16 15:40:37</PriceUpdateDate><ItemCode>7290000064758</ItemCode><ItemType>1</ItemType><ItemName>קוסקוס אמיתי שקית 35</ItemName><ManufacturerName>אסם</ManufacturerName><ManufactureCountry>ישראל</ManufactureCountry><ManufacturerItemDescription>קוסקוס אמיתי שקית 35</ManufacturerItemDescription><SoldByWeight/><Quantity>350.00</Quantity><UnitOfMeasure>גרם     </UnitOfMeasure><QtyInPackage>לא ידוע</QtyInPackage><UnitOfMeasurePrice>0.0226</UnitOfMeasurePrice><AllowDiscount>1</AllowDiscount><ItemStatus>1</ItemStatus><ItemPrice>7.90</ItemPrice></item><item><PriceUpdateDate>2016-03-01 06:42:56</PriceUpdateDate><ItemCode>7290000065090</ItemCode><ItemType>1</ItemType><ItemName>קרוטונים למרק וסלט 4</ItemName><ManufacturerName>אסם</ManufacturerName><ManufactureCountry>ישראל</ManufactureCountry><ManufacturerItemDescription>קרוטונים למרק וסלט 4</ManufacturerItemDescription><SoldByWeight/><Quantity>400.00</Quantity><UnitOfMeasure>גרם     </UnitOfMeasure><QtyInPackage>לא ידוע</QtyInPackage><UnitOfMeasurePrice>0.0663</UnitOfMeasurePrice><AllowDiscount>1</AllowDiscount><ItemStatus>1</ItemStatus><ItemPrice>26.50</ItemPrice></item><item><PriceUpdateDate>2016-03-16 15:40:37</PriceUpdateDate><ItemCode>7290000065540</ItemCode><ItemType>1</ItemType><ItemName>מנה חמה פסטה מוקרמת5</ItemName><ManufacturerName>אסם</ManufacturerName><ManufactureCountry>ישראל</ManufactureCountry><ManufacturerItemDescription>תבשיל מנה חמה בטעם עוף55</ManufacturerItemDescription><SoldByWeight/><Quantity>55.00</Quantity><UnitOfMeasure>גרם     </UnitOfMeasure><QtyInPackage>לא ידוע</QtyInPackage><UnitOfMeasurePrice>0.1255</UnitOfMeasurePrice><AllowDiscount>1</AllowDiscount><ItemStatus>1</ItemStatus><ItemPrice>6.90</ItemPrice></item><item><PriceUpdateDate>2016-05-30 22:03:18</PriceUpdateDate><ItemCode>7290000065663</ItemCode><ItemType>1</ItemType><ItemName>מב רוטב לסלט קיסר 29</ItemName><ManufacturerName>אסם</ManufacturerName><ManufactureCountry>ישראל</ManufactureCountry><ManufacturerItemDescription>רוטב לסלט קיסר 290 מל</ManufacturerItemDescription><SoldByWeight/><Quantity>290.00</Quantity><UnitOfMeasure>מ"ל</UnitOfMeasure><QtyInPackage>לא ידוע</QtyInPackage><UnitOfMeasurePrice>0.0376</UnitOfMeasurePrice><AllowDiscount>1</AllowDiscount><ItemStatus>1</ItemStatus><ItemPrice>10.90</ItemPrice></item><item><PriceUpdateDate>2016-05-30 22:03:18</PriceUpdateDate><ItemCode>7290000065717</ItemCode><ItemType>1</ItemType><ItemName>תרכיז ויטמינצ''יק פט</ItemName><ManufacturerName>ויטמינצק</ManufacturerName><ManufactureCountry>ישראל</ManufactureCountry><ManufacturerItemDescription>תרכיז ויטמינצ''יק פט</ManufacturerItemDescription><SoldByWeight/><Quantity>1000.00</Quantity><UnitOfMeasure>מ"ל</UnitOfMeasure><QtyInPackage>לא ידוע</QtyInPackage><UnitOfMeasurePrice>0.0119</UnitOfMeasurePrice><AllowDiscount>1</AllowDiscount><ItemStatus>1</ItemStatus><ItemPrice>11.90</ItemPrice></item><item><PriceUpdateDate>2016-05-30 22:03:18</PriceUpdateDate><ItemCode>7290000065748</ItemCode><ItemType>1</ItemType><ItemName>תרכיז ויטמינציק אננס</ItemName><ManufacturerName>ויטמינצק</ManufacturerName><ManufactureCountry>ישראל</ManufactureCountry><ManufacturerItemDescription>תרכיז ויטמינציק אננס</ManufacturerItemDescription><SoldByWeight/><Quantity>1000.00</Quantity><UnitOfMeasure>מ"ל</UnitOfMeasure><QtyInPackage>לא ידוע</QtyInPackage><UnitOfMeasurePrice>0.0119</UnitOfMeasurePrice><AllowDiscount>1</AllowDiscount><ItemStatus>1</ItemStatus><ItemPrice>11.90</ItemPrice></item><item><PriceUpdateDate>2016-03-16 15:40:37</PriceUpdateDate><ItemCode>7290000066189</ItemCode><ItemType>1</ItemType><ItemName>חטיף ביסלי פלאפל 200</ItemName><ManufacturerName>ביסלי</ManufacturerName><ManufactureCountry>ישראל</ManufactureCountry><ManufacturerItemDescription>ביסלי פלפל 200 גר</ManufacturerItemDescription><SoldByWeight/><Quantity>200.00</Quantity><UnitOfMeasure>גרם     </UnitOfMeasure><QtyInPackage>לא ידוע</QtyInPackage><UnitOfMeasurePrice>0.0395</UnitOfMeasurePrice><AllowDiscount>1</AllowDiscount><ItemStatus>1</ItemStatus><ItemPrice>7.90</ItemPrice></item><item><PriceUpdateDate>2016-03-16 15:40:37</PriceUpdateDate><ItemCode>7290000066196</ItemCode><ItemType>1</ItemType><ItemName>חטיף ביסלי גריל 200</ItemName><ManufacturerName>ביסלי</ManufacturerName><ManufactureCountry>ישראל</ManufactureCountry><ManufacturerItemDescription>ביסלי גריל 200 גר</ManufacturerItemDescription><SoldByWeight/><Quantity>200.00</Quantity><UnitOfMeasure>גרם     </UnitOfMeasure><QtyInPackage>לא ידוע</QtyInPackage><UnitOfMeasurePrice>0.0395</UnitOfMeasurePrice><AllowDiscount>1</AllowDiscount><ItemStatus>1</ItemStatus><ItemPrice>7.90</ItemPrice></item><item><PriceUpdateDate>2016-03-16 15:40:37</PriceUpdateDate><ItemCode>7290000066202</ItemCode><ItemType>1</ItemType><ItemName>חטיף ביסלי בצל 190 ג</ItemName><ManufacturerName>ביסלי</ManufacturerName><ManufactureCountry>ישראל</ManufactureCountry><ManufacturerItemDescription>ביסלי בצל 190 גר</ManufacturerItemDescription><SoldByWeight/><Quantity>190.00</Quantity><UnitOfMeasure>גרם     </UnitOfMeasure><QtyInPackage>לא ידוע</QtyInPackage><UnitOfMeasurePrice>0.0416</UnitOfMeasurePrice><AllowDiscount>1</AllowDiscount><ItemStatus>1</ItemStatus><ItemPrice>7.90</ItemPrice></item><item><PriceUpdateDate>2016-03-16 15:40:37</PriceUpdateDate><ItemCode>7290000066219</ItemCode><ItemType>1</ItemType><ItemName>חטיף ביסלי ברביקיו 1</ItemName><ManufacturerName>ביסלי</ManufacturerName><ManufactureCountry>ישראל</ManufactureCountry><ManufacturerItemDescription>ביסלי ברביקיו 190 גר</ManufacturerItemDescription><SoldByWeight/><Quantity>190.00</Quantity><UnitOfMeasure>גרם     </UnitOfMeasure><QtyInPackage>לא ידוע</QtyInPackage><UnitOfMeasurePrice>0.0416</UnitOfMeasurePrice><AllowDiscount>1</AllowDiscount><ItemStatus>1</ItemStatus><ItemPrice>7.90</ItemPrice></item><item><PriceUpdateDate>2016-05-30 22:03:18</PriceUpdateDate><ItemCode>7290000066264</ItemCode><ItemType>1</ItemType><ItemName>חטיף דובונים 40 גרם</ItemName><ManufacturerName>דובונים</ManufacturerName><ManufactureCountry>ישראל</ManufactureCountry><ManufacturerItemDescription>דובונים40 גר</ManufacturerItemDescription><SoldByWeight/><Quantity>40.00</Quantity><UnitOfMeasure>גרם     </UnitOfMeasure><QtyInPackage>לא ידוע</QtyInPackage><UnitOfMeasurePrice>0.1000</UnitOfMeasurePrice><AllowDiscount>1</AllowDiscount><ItemStatus>1</ItemStatus><ItemPrice>4.00</ItemPrice></item><item><PriceUpdateDate>2015-10-20 16:51:23</PriceUpdateDate><ItemCode>7290000066295</ItemCode><ItemType>1</ItemType><ItemName>במבה מתוקה תות 30 גר</ItemName><ManufacturerName>במבה</ManufacturerName><ManufactureCountry>ישראל</ManufactureCountry><ManufacturerItemDescription>במבה מתוקה תות 30 גר</ManufacturerItemDescription><SoldByWeight/><Quantity>30.00</Quantity><UnitOfMeasure>גרם     </UnitOfMeasure><QtyInPackage>לא ידוע</QtyInPackage><UnitOfMeasurePrice>0.1167</UnitOfMeasurePrice><AllowDiscount>1</AllowDiscount><ItemStatus>1</ItemStatus><ItemPrice>3.50</ItemPrice></item><item><PriceUpdateDate>2016-05-30 22:03:18</PriceUpdateDate><ItemCode>7290000066318</ItemCode><ItemType>1</ItemType><ItemName>במבה 80 גרם</ItemName><ManufacturerName>במבה</ManufacturerName><ManufactureCountry>ישראל</ManufactureCountry><ManufacturerItemDescription>במבה 80 גרם</ManufacturerItemDescription><SoldByWeight/><Quantity>80.00</Quantity><UnitOfMeasure>גרם     </UnitOfMeasure><QtyInPackage>לא ידוע</QtyInPackage><UnitOfMeasurePrice>0.0563</UnitOfMeasurePrice><AllowDiscount>1</AllowDiscount><ItemStatus>1</ItemStatus><ItemPrice>4.50</ItemPrice></item><item><PriceUpdateDate>2016-05-30 22:03:18</PriceUpdateDate><ItemCode>7290000066332</ItemCode><ItemType>1</ItemType><ItemName>חטיף אפרופו 50 גרם</ItemName><ManufacturerName>אפרופו</ManufacturerName><ManufactureCountry>ישראל</ManufactureCountry><ManufacturerItemDescription>אפרופו50 גר.שקית</ManufacturerItemDescription><SoldByWeight/><Quantity>14.00</Quantity><UnitOfMeasure>גרם     </UnitOfMeasure><QtyInPackage>לא ידוע</QtyInPackage><UnitOfMeasurePrice>0.3071</UnitOfMeasurePrice><AllowDiscount>1</AllowDiscount><ItemStatus>1</ItemStatus><ItemPrice>4.30</ItemPrice></item><item><PriceUpdateDate>2015-10-20 16:51:23</PriceUpdateDate><ItemCode>7290000066431</ItemCode><ItemType>1</ItemType><ItemName>חטיף פופקורן חמאה וד</ItemName><ManufacturerName>אסם</ManufacturerName><ManufactureCountry>ישראל</ManufactureCountry><ManufacturerItemDescription>חטיף פופקו תירס חמאה ודבש</ManufacturerItemDescription><SoldByWeight/><Quantity>80.00</Quantity><UnitOfMeasure>גרם     </UnitOfMeasure><QtyInPackage>לא ידוע</QtyInPackage><UnitOfMeasurePrice>0.0863</UnitOfMeasurePrice><AllowDiscount>1</AllowDiscount><ItemStatus>1</ItemStatus><ItemPrice>6.90</ItemPrice></item><item><PriceUpdateDate>2016-05-30 22:03:18</PriceUpdateDate><ItemCode>7290000066943</ItemCode><ItemType>1</ItemType><ItemName>תרכיז ויטמינציק ענבי</ItemName><ManufacturerName>ויטמינצק</ManufacturerName><ManufactureCountry>ישראל</ManufactureCountry><ManufacturerItemDescription>תרכיז ויטמינציק ענבי</ManufacturerItemDescription><SoldByWeight/><Quantity>1000.00</Quantity><UnitOfMeasure>מ"ל</UnitOfMeasure><QtyInPackage>לא ידוע</QtyInPackage><UnitOfMeasurePrice>0.0119</UnitOfMeasurePrice><AllowDiscount>1</AllowDiscount><ItemStatus>1</ItemStatus><ItemPrice>11.90</ItemPrice></item><item><PriceUpdateDate>2016-05-30 22:03:18</PriceUpdateDate><ItemCode>7290000066950</ItemCode><ItemType>1</ItemType><ItemName>תרכיז ויטמינציק תפו"</ItemName><ManufacturerName>ויטמינצק</ManufacturerName><ManufactureCountry>ישראל</ManufactureCountry><ManufacturerItemDescription>תרכיז ויטמינציק תפו"</ManufacturerItemDescription><SoldByWeight/><Quantity>1000.00</Quantity><UnitOfMeasure>מ"ל</UnitOfMeasure><QtyInPackage>לא ידוע</QtyInPackage><UnitOfMeasurePrice>0.0119</UnitOfMeasurePrice><AllowDiscount>1</AllowDiscount><ItemStatus>1</ItemStatus><ItemPrice>11.90</ItemPrice></item><item><PriceUpdateDate>2015-11-12 18:18:35</PriceUpdateDate><ItemCode>7290000067070</ItemCode><ItemType>1</ItemType><ItemName>עוגיות ממולאות שוקול</ItemName><ManufacturerName>לא ידוע</ManufacturerName><ManufactureCountry>ישראל</ManufactureCountry><ManufacturerItemDescription>עוגיות מיני ממולאות שוקול</ManufacturerItemDescription><SoldByWeight/><Quantity>300.00</Quantity><UnitOfMeasure>גרם     </UnitOfMeasure><QtyInPackage>לא ידוע</QtyInPackage><UnitOfMeasurePrice>0.0450</UnitOfMeasurePrice><AllowDiscount>1</AllowDiscount><ItemStatus>1</ItemStatus><ItemPrice>13.50</ItemPrice></item><item><PriceUpdateDate>2016-02-08 08:26:57</PriceUpdateDate><ItemCode>7290000067575</ItemCode><ItemType>1</ItemType><ItemName>חטיף ביסלי מולטיפק 6</ItemName><ManufacturerName>ביסלי</ManufacturerName><ManufactureCountry>ישראל</ManufactureCountry><ManufacturerItemDescription>חטיף ביסלי מולטיפק 6</ManufacturerItemDescription><SoldByWeight/><Quantity>210.00</Quantity><UnitOfMeasure>גרם     </UnitOfMeasure><QtyInPackage>לא ידוע</QtyInPackage><UnitOfMeasurePrice>0.0757</UnitOfMeasurePrice><AllowDiscount>1</AllowDiscount><ItemStatus>1</ItemStatus><ItemPrice>15.90</ItemPrice></item><item><PriceUpdateDate>2016-03-16 15:40:37</PriceUpdateDate><ItemCode>7290000067599</ItemCode><ItemType>1</ItemType><ItemName>מנה חמה ספגטי בולונז</ItemName><ManufacturerName>אסם</ManufacturerName><ManufactureCountry>ישראל</ManufactureCountry><ManufacturerItemDescription>מנה חמה ספגטי בולונז 65 ג</ManufacturerItemDescription><SoldByWeight/><Quantity>65.00</Quantity><UnitOfMeasure>גרם     </UnitOfMeasure><QtyInPackage>לא ידוע</QtyInPackage><UnitOfMeasurePrice>0.1062</UnitOfMeasurePrice><AllowDiscount>1</AllowDiscount><ItemStatus>1</ItemStatus><ItemPrice>6.90</ItemPrice></item><item><PriceUpdateDate>2016-05-30 22:03:18</PriceUpdateDate><ItemCode>7290000067742</ItemCode><ItemType>1</ItemType><ItemName>פודינג טעם וניל כשל'</ItemName><ManufacturerName>אסם</ManufacturerName><ManufactureCountry>ישראל</ManufactureCountry><ManufacturerItemDescription>פודינג בטעם וניל 80 גר כש</ManufacturerItemDescription><SoldByWeight/><Quantity>80.00</Quantity><UnitOfMeasure>גרם     </UnitOfMeasure><QtyInPackage>לא ידוע</QtyInPackage><UnitOfMeasurePrice>0.0838</UnitOfMeasurePrice><AllowDiscount>1</AllowDiscount><ItemStatus>1</ItemStatus><ItemPrice>6.70</ItemPrice></item><item><PriceUpdateDate>2016-05-24 09:31:28</PriceUpdateDate><ItemCode>7290000067780</ItemCode><ItemType>1</ItemType><ItemName>פודינג טעם שוקולד כש</ItemName><ManufacturerName>אסם</ManufacturerName><ManufactureCountry>ישראל</ManufactureCountry><ManufacturerItemDescription>פודינג טעם שוקולד כש</ManufacturerItemDescription><SoldByWeight/><Quantity>95.00</Quantity><UnitOfMeasure>גרם     </UnitOfMeasure><QtyInPackage>לא ידוע</QtyInPackage><UnitOfMeasurePrice>0.0579</UnitOfMeasurePrice><AllowDiscount>1</AllowDiscount><ItemStatus>1</ItemStatus><ItemPrice>5.50</ItemPrice></item><item><PriceUpdateDate>2016-03-16 15:40:37</PriceUpdateDate><ItemCode>7290000068138</ItemCode><ItemType>1</ItemType><ItemName>פודינג בטעם וניל 80</ItemName><ManufacturerName>אסם</ManufacturerName><ManufactureCountry>ישראל</ManufactureCountry><ManufacturerItemDescription>פודינג וניל 80 גרם</ManufacturerItemDescription><SoldByWeight/><Quantity>80.00</Quantity><UnitOfMeasure>גרם     </UnitOfMeasure><QtyInPackage>לא ידוע</QtyInPackage><UnitOfMeasurePrice>0.0688</UnitOfMeasurePrice><AllowDiscount>1</AllowDiscount><ItemStatus>1</ItemStatus><ItemPrice>5.50</ItemPrice></item><item><PriceUpdateDate>2015-10-21 16:18:26</PriceUpdateDate><ItemCode>7290000068190</ItemCode><ItemType>1</ItemType><ItemName>אבקת ג''לי תות שדה</ItemName><ManufacturerName>אסם</ManufacturerName><ManufactureCountry>ישראל</ManufactureCountry><ManufacturerItemDescription>גלי בזק טעם תות שדה 90 גר</ManufacturerItemDescription><SoldByWeight/><Quantity>14.00</Quantity><UnitOfMeasure>גרם     </UnitOfMeasure><QtyInPackage>לא ידוע</QtyInPackage><UnitOfMeasurePrice>0.5571</UnitOfMeasurePrice><AllowDiscount>1</AllowDiscount><ItemStatus>1</ItemStatus><ItemPrice>7.80</ItemPrice></item><item><PriceUpdateDate>2015-10-21 16:18:26</PriceUpdateDate><ItemCode>7290000068237</ItemCode><ItemType>1</ItemType><ItemName>אבקת ג''לי 85 גרם</ItemName><ManufacturerName>אסם</ManufacturerName><ManufactureCountry>ישראל</ManufactureCountry><ManufacturerItemDescription>גלי בזק טעם פטל 85 גרם</ManufacturerItemDescription><SoldByWeight/><Quantity>14.00</Quantity><UnitOfMeasure>גרם     </UnitOfMeasure><QtyInPackage>לא ידוע</QtyInPackage><UnitOfMeasurePrice>0.5571</UnitOfMeasurePrice><AllowDiscount>1</AllowDiscount><ItemStatus>1</ItemStatus><ItemPrice>7.80</ItemPrice></item><item><PriceUpdateDate>2015-10-21 16:18:26</PriceUpdateDate><ItemCode>7290000068251</ItemCode><ItemType>1</ItemType><ItemName>אבקת ג''לי אננס</ItemName><ManufacturerName>אסם</ManufacturerName><ManufactureCountry>ישראל</ManufactureCountry><ManufacturerItemDescription>אבקת ג''לי אננס</ManufacturerItemDescription><SoldByWeight/><Quantity>14.00</Quantity><UnitOfMeasure>גרם     </UnitOfMeasure><QtyInPackage>לא ידוע</QtyInPackage><UnitOfMeasurePrice>0.5571</UnitOfMeasurePrice><AllowDiscount>1</AllowDiscount><ItemStatus>1</ItemStatus><ItemPrice>7.80</ItemPrice></item><item><PriceUpdateDate>2016-05-30 22:03:18</PriceUpdateDate><ItemCode>7290000068282</ItemCode><ItemType>1</ItemType><ItemName>מנה חמה תפו'א עם ירק</ItemName><ManufacturerName>אסם</ManufacturerName><ManufactureCountry>ישראל</ManufactureCountry><ManufacturerItemDescription>מנה חמה תפוא עם ירקות</ManufacturerItemDescription><SoldByWeight/><Quantity>47.00</Quantity><UnitOfMeasure>גרם     </UnitOfMeasure><QtyInPackage>לא ידוע</QtyInPackage><UnitOfMeasurePrice>0.1255</UnitOfMeasurePrice><AllowDiscount>1</AllowDiscount><ItemStatus>1</ItemStatus><ItemPrice>5.90</ItemPrice></item><item><PriceUpdateDate>2016-05-24 09:31:28</PriceUpdateDate><ItemCode>7290000068299</ItemCode><ItemType>1</ItemType><ItemName>מנה חמה תפו'א עם פטר</ItemName><ManufacturerName>אסם</ManufacturerName><ManufactureCountry>ישראל</ManufactureCountry><ManufacturerItemDescription>מנה חמה תפוא עם פטריות</ManufacturerItemDescription><SoldByWeight/><Quantity>47.00</Quantity><UnitOfMeasure>גרם     </UnitOfMeasure><QtyInPackage>לא ידוע</QtyInPackage><UnitOfMeasurePrice>0.1468</UnitOfMeasurePrice><AllowDiscount>1</AllowDiscount><ItemStatus>1</ItemStatus><ItemPrice>6.90</ItemPrice></item><item><PriceUpdateDate>2016-05-30 22:03:18</PriceUpdateDate><ItemCode>7290000068770</ItemCode><ItemType>1</ItemType><ItemName>במבה אסם 80 גרם</ItemName><ManufacturerName>במבה</ManufacturerName><ManufactureCountry>ישראל</ManufactureCountry><ManufacturerItemDescription>במבה אסם 80 גרם</ManufacturerItemDescription><SoldByWeight/><Quantity>14.00</Quantity><UnitOfMeasure>גרם     </UnitOfMeasure><QtyInPackage>לא ידוע</QtyInPackage><UnitOfMeasurePrice>0.3214</UnitOfMeasurePrice><AllowDiscount>0</AllowDiscount><ItemStatus>1</ItemStatus><ItemPrice>4.50</ItemPrice></item><item><PriceUpdateDate>2015-10-11 18:10:41</PriceUpdateDate><ItemCode>7290000068787</ItemCode><ItemType>1</ItemType><ItemName>במבה יום הולדת 25 גר</ItemName><ManufacturerName>במבה</ManufacturerName><ManufactureCountry>ישראל</ManufactureCountry><ManufacturerItemDescription>במבה יום הולדת 25 גר</ManufacturerItemDescription><SoldByWeight/><Quantity>25.00</Quantity><UnitOfMeasure>גרם     </UnitOfMeasure><QtyInPackage>לא ידוע</QtyInPackage><UnitOfMeasurePrice>0.1280</UnitOfMeasurePrice><AllowDiscount>1</AllowDiscount><ItemStatus>1</ItemStatus><ItemPrice>3.20</ItemPrice></item><item><PriceUpdateDate>2016-03-29 06:17:08</PriceUpdateDate><ItemCode>7290000069661</ItemCode><ItemType>1</ItemType><ItemName>תבשיל פסטה ברוטב פטר</ItemName><ManufacturerName>אסם</ManufacturerName><ManufactureCountry>ישראל</ManufactureCountry><ManufacturerItemDescription>תבשיל פסטה ברוטב פטריות14</ManufacturerItemDescription><SoldByWeight/><Quantity>143.00</Quantity><UnitOfMeasure>מ"ל</UnitOfMeasure><QtyInPackage>לא ידוע</QtyInPackage><UnitOfMeasurePrice>0.0902</UnitOfMeasurePrice><AllowDiscount>1</AllowDiscount><ItemStatus>1</ItemStatus><ItemPrice>12.90</ItemPrice></item><item><PriceUpdateDate>2016-05-30 22:03:18</PriceUpdateDate><ItemCode>7290000069715</ItemCode><ItemType>1</ItemType><ItemName>מב חטיפי קרקר 300 גר</ItemName><ManufacturerName>חטיפי קרקר- אסם</ManufacturerName><ManufactureCountry>ישראל</ManufactureCountry><ManufacturerItemDescription>מב חטיפי קרקר 300 גר</ManufacturerItemDescription><SoldByWeight/><Quantity>300.00</Quantity><UnitOfMeasure>גרם     </UnitOfMeasure><QtyInPackage>לא ידוע</QtyInPackage><UnitOfMeasurePrice>0.0330</UnitOfMeasurePrice><AllowDiscount>1</AllowDiscount><ItemStatus>1</ItemStatus><ItemPrice>9.90</ItemPrice></item><item><PriceUpdateDate>2016-05-02 08:05:44</PriceUpdateDate><ItemCode>7290000069920</ItemCode><ItemType>1</ItemType><ItemName>מב בייגלה טבעות מלח</ItemName><ManufacturerName>בייגלה אסם</ManufacturerName><ManufactureCountry>ישראל</ManufactureCountry><ManufacturerItemDescription>מב בייגלה טבעות מלח</ManufacturerItemDescription><SoldByWeight/><Quantity>300.00</Quantity><UnitOfMeasure>גרם     </UnitOfMeasure><QtyInPackage>לא ידוע</QtyInPackage><UnitOfMeasurePrice>0.0363</UnitOfMeasurePrice><AllowDiscount>1</AllowDiscount><ItemStatus>1</ItemStatus><ItemPrice>10.90</ItemPrice></item><item><PriceUpdateDate>2016-05-01 21:46:25</PriceUpdateDate><ItemCode>7290000070308</ItemCode><ItemType>1</ItemType><ItemName>מרק עוף אמיתי אסם 40</ItemName><ManufacturerName>אסם</ManufacturerName><ManufactureCountry>ישראל</ManufactureCountry><ManufacturerItemDescription>מרק עוף אמיתי 400 גרם</ManufacturerItemDescription><SoldByWeight/><Quantity>400.00</Quantity><UnitOfMeasure>גרם     </UnitOfMeasure><QtyInPackage>לא ידוע</QtyInPackage><UnitOfMeasurePrice>0.0660</UnitOfMeasurePrice><AllowDiscount>1</AllowDiscount><ItemStatus>1</ItemStatus><ItemPrice>26.40</ItemPrice></item><item><PriceUpdateDate>2016-05-30 22:03:19</PriceUpdateDate><ItemCode>7290000070353</ItemCode><ItemType>1</ItemType><ItemName>מב אבקת מרק בצל במיכ</ItemName><ManufacturerName>אסם</ManufacturerName><ManufactureCountry>ישראל</ManufactureCountry><ManufacturerItemDescription>מרק בצל 400 גרם</ManufacturerItemDescription><SoldByWeight/><Quantity>400.00</Quantity><UnitOfMeasure>גרם     </UnitOfMeasure><QtyInPackage>לא ידוע</QtyInPackage><UnitOfMeasurePrice>0.0597</UnitOfMeasurePrice><AllowDiscount>1</AllowDiscount><ItemStatus>1</ItemStatus><ItemPrice>23.90</ItemPrice></item><item><PriceUpdateDate>2016-05-01 21:46:25</PriceUpdateDate><ItemCode>7290000070384</ItemCode><ItemType>1</ItemType><ItemName>אבקת מרק עדיף טעם עו</ItemName><ManufacturerName>אסם</ManufacturerName><ManufactureCountry>ישראל</ManufactureCountry><ManufacturerItemDescription>מרק עדיף400 גר .כשלפ</ManufacturerItemDescription><SoldByWeight/><Quantity>400.00</Quantity><UnitOfMeasure>גרם     </UnitOfMeasure><QtyInPackage>לא ידוע</QtyInPackage><UnitOfMeasurePrice>0.0460</UnitOfMeasurePrice><AllowDiscount>1</AllowDiscount><ItemStatus>1</ItemStatus><ItemPrice>18.40</ItemPrice></item><item><PriceUpdateDate>2015-11-12 18:18:35</PriceUpdateDate><ItemCode>7290000071008</ItemCode><ItemType>1</ItemType><ItemName>בייגלה שטוחים עם מלח</ItemName><ManufacturerName>אסם</ManufacturerName><ManufactureCountry>ישראל</ManufactureCountry><ManufacturerItemDescription>בייגלה שטוחים עם מלח בדץ</ManufacturerItemDescription><SoldByWeight/><Quantity>60.00</Quantity><UnitOfMeasure>גרם     </UnitOfMeasure><QtyInPackage>לא ידוע</QtyInPackage><UnitOfMeasurePrice>0.0667</UnitOfMeasurePrice><AllowDiscount>1</AllowDiscount><ItemStatus>1</ItemStatus><ItemPrice>4.00</ItemPrice></item><item><PriceUpdateDate>2016-05-30 22:03:19</PriceUpdateDate><ItemCode>7290000072203</ItemCode><ItemType>1</ItemType><ItemName>מב רוטב לסלט אלף איי</ItemName><ManufacturerName>אסם</ManufacturerName><ManufactureCountry>ישראל</ManufactureCountry><ManufacturerItemDescription>רוטב אלף האיים 290 מל</ManufacturerItemDescription><SoldByWeight/><Quantity>290.00</Quantity><UnitOfMeasure>מ"ל</UnitOfMeasure><QtyInPackage>לא ידוע</QtyInPackage><UnitOfMeasurePrice>0.0376</UnitOfMeasurePrice><AllowDiscount>1</AllowDiscount><ItemStatus>1</ItemStatus><ItemPrice>10.90</ItemPrice></item><item><PriceUpdateDate>2016-05-30 22:03:19</PriceUpdateDate><ItemCode>7290000072227</ItemCode><ItemType>1</ItemType><ItemName>רוטב סויה סגנון סיני</ItemName><ManufacturerName>אסם</ManufacturerName><ManufactureCountry>ישראל</ManufactureCountry><ManufacturerItemDescription>רוטב סויה סגנון סיני 290</ManufacturerItemDescription><SoldByWeight/><Quantity>290.00</Quantity><UnitOfMeasure>מ"ל</UnitOfMeasure><QtyInPackage>לא ידוע</QtyInPackage><UnitOfMeasurePrice>0.0362</UnitOfMeasurePrice><AllowDiscount>1</AllowDiscount><ItemStatus>1</ItemStatus><ItemPrice>10.50</ItemPrice></item><item><PriceUpdateDate>2016-05-30 22:03:19</PriceUpdateDate><ItemCode>7290000072241</ItemCode><ItemType>1</ItemType><ItemName>רוטב פיצה 290 מ''ל</ItemName><ManufacturerName>אסם</ManufacturerName><ManufactureCountry>ישראל</ManufactureCountry><ManufacturerItemDescription>רוטב פיצה 290 מ''ל</ManufacturerItemDescription><SoldByWeight/><Quantity>290.00</Quantity><UnitOfMeasure>מ"ל</UnitOfMeasure><QtyInPackage>לא ידוע</QtyInPackage><UnitOfMeasurePrice>0.0362</UnitOfMeasurePrice><AllowDiscount>1</AllowDiscount><ItemStatus>1</ItemStatus><ItemPrice>10.50</ItemPrice></item><item><PriceUpdateDate>2016-05-30 22:03:19</PriceUpdateDate><ItemCode>7290000072623</ItemCode><ItemType>1</ItemType><ItemName>קטשופ אסם רכיבים טבע</ItemName><ManufacturerName>אסם</ManufacturerName><ManufactureCountry>ישראל</ManufactureCountry><ManufacturerItemDescription>קטשופ לחיץ רגיל 750 גרם</ManufacturerItemDescription><SoldByWeight/><Quantity>750.00</Quantity><UnitOfMeasure>גרם     </UnitOfMeasure><QtyInPackage>לא ידוע</QtyInPackage><UnitOfMeasurePrice>0.0153</UnitOfMeasurePrice><AllowDiscount>0</AllowDiscount><ItemStatus>1</ItemStatus><ItemPrice>11.50</ItemPrice></item><item><PriceUpdateDate>2016-05-30 22:03:19</PriceUpdateDate><ItemCode>7290000072753</ItemCode><ItemType>1</ItemType><ItemName>קפה נמס טסטר'ס צ'ויס</ItemName><ManufacturerName>טסטרס צויס</ManufacturerName><ManufactureCountry>ישראל</ManufactureCountry><ManufacturerItemDescription>קפה טסטרס צויס  'ויס200ג</ManufacturerItemDescription><SoldByWeight/><Quantity>200.00</Quantity><UnitOfMeasure>גרם     </UnitOfMeasure><QtyInPackage>לא ידוע</QtyInPackage><UnitOfMeasurePrice>0.1645</UnitOfMeasurePrice><AllowDiscount>1</AllowDiscount><ItemStatus>1</ItemStatus><ItemPrice>32.90</ItemPrice></item><item><PriceUpdateDate>2015-11-12 18:18:35</PriceUpdateDate><ItemCode>7290000072760</ItemCode><ItemType>1</ItemType><ItemName>קפה נמס טסטר'ס צ'ויס</ItemName><ManufacturerName>טסטרס צויס</ManufacturerName><ManufactureCountry>ישראל</ManufactureCountry><ManufacturerItemDescription>קפה נמס טסטר'ס צ'ויס</ManufacturerItemDescription><SoldByWeight/><Quantity>100.00</Quantity><UnitOfMeasure>גרם     </UnitOfMeasure><QtyInPackage>לא ידוע</QtyInPackage><UnitOfMeasurePrice>0.3220</UnitOfMeasurePrice><AllowDiscount>1</AllowDiscount><ItemStatus>1</ItemStatus><ItemPrice>32.20</ItemPrice></item><item><PriceUpdateDate>2016-05-30 22:03:19</PriceUpdateDate><ItemCode>7290000072777</ItemCode><ItemType>1</ItemType><ItemName>טסטר'ס צ'ויס נטול קפ</ItemName><ManufacturerName>ג'יקובס</ManufacturerName><ManufactureCountry>ישראל</ManufactureCountry><ManufacturerItemDescription>קפה טסטרס צויס  ופאין200</ManufacturerItemDescription><SoldByWeight/><Quantity>200.00</Quantity><UnitOfMeasure>גרם     </UnitOfMeasure><QtyInPackage>לא ידוע</QtyInPackage><UnitOfMeasurePrice>0.1985</UnitOfMeasurePrice><AllowDiscount>1</AllowDiscount><ItemStatus>1</ItemStatus><ItemPrice>39.70</ItemPrice></item><item><PriceUpdateDate>2016-05-30 22:03:19</PriceUpdateDate><ItemCode>7290000072890</ItemCode><ItemType>1</ItemType><ItemName>מב רוטב לסלט אלף האי</ItemName><ManufacturerName>אסם</ManufacturerName><ManufactureCountry>ישראל</ManufactureCountry><ManufacturerItemDescription>רוטב אלף האיים לייט 290 5</ManufacturerItemDescription><SoldByWeight/><Quantity>290.00</Quantity><UnitOfMeasure>מ"ל</UnitOfMeasure><QtyInPackage>לא ידוע</QtyInPackage><UnitOfMeasurePrice>0.0376</UnitOfMeasurePrice><AllowDiscount>1</AllowDiscount><ItemStatus>1</ItemStatus><ItemPrice>10.90</ItemPrice></item><item><PriceUpdateDate>2016-05-30 22:03:19</PriceUpdateDate><ItemCode>7290000072913</ItemCode><ItemType>1</ItemType><ItemName>מב רוטב שום 290 מ"ל</ItemName><ManufacturerName>אסם</ManufacturerName><ManufactureCountry>ישראל</ManufactureCountry><ManufacturerItemDescription>רוטב שום לייט 290 5% מל</ManufacturerItemDescription><SoldByWeight/><Quantity>290.00</Quantity><UnitOfMeasure>מ"ל</UnitOfMeasure><QtyInPackage>לא ידוע</QtyInPackage><UnitOfMeasurePrice>0.0376</UnitOfMeasurePrice><AllowDiscount>1</AllowDiscount><ItemStatus>1</ItemStatus><ItemPrice>10.90</ItemPrice></item><item><PriceUpdateDate>2016-05-02 08:05:44</PriceUpdateDate><ItemCode>7290000072968</ItemCode><ItemType>1</ItemType><ItemName>מב דגני בוקר סיני מי</ItemName><ManufacturerName>סיני מיני</ManufacturerName><ManufactureCountry>פולין</ManufactureCountry><ManufacturerItemDescription>הוטפופ מלח      ח100*5ג</ManufacturerItemDescription><SoldByWeight/><Quantity>500.00</Quantity><UnitOfMeasure>גרם     </UnitOfMeasure><QtyInPackage>לא ידוע</QtyInPackage><UnitOfMeasurePrice>0.0398</UnitOfMeasurePrice><AllowDiscount>1</AllowDiscount><ItemStatus>1</ItemStatus><ItemPrice>19.90</ItemPrice></item><item><PriceUpdateDate>2016-05-30 22:03:19</PriceUpdateDate><ItemCode>7290000073750</ItemCode><ItemType>1</ItemType><ItemName>מנה חמה נודלס איטריו</ItemName><ManufacturerName>אסם</ManufacturerName><ManufactureCountry>ישראל</ManufactureCountry><ManufacturerItemDescription>מנה חמה נודלס   עוף70גרם</ManufacturerItemDescription><SoldByWeight/><Quantity>70.00</Quantity><UnitOfMeasure>גרם     </UnitOfMeasure><QtyInPackage>לא ידוע</QtyInPackage><UnitOfMeasurePrice>0.0843</UnitOfMeasurePrice><AllowDiscount>1</AllowDiscount><ItemStatus>1</ItemStatus><ItemPrice>5.90</ItemPrice></item><item><PriceUpdateDate>2016-05-30 22:03:19</PriceUpdateDate><ItemCode>7290000073767</ItemCode><ItemType>1</ItemType><ItemName>מנה חמה נודלס טעם בק</ItemName><ManufacturerName>אסם</ManufacturerName><ManufactureCountry>ישראל</ManufactureCountry><ManufacturerItemDescription>מנה חמה נודלס טעם בק</ManufacturerItemDescription><SoldByWeight/><Quantity>70.00</Quantity><UnitOfMeasure>גרם     </UnitOfMeasure><QtyInPackage>לא ידוע</QtyInPackage><UnitOfMeasurePrice>0.0843</UnitOfMeasurePrice><AllowDiscount>1</AllowDiscount><ItemStatus>1</ItemStatus><ItemPrice>5.90</ItemPrice></item><item><PriceUpdateDate>2016-05-30 22:03:19</PriceUpdateDate><ItemCode>7290000073774</ItemCode><ItemType>1</ItemType><ItemName>מנה חמה נודלס טעם צי</ItemName><ManufacturerName>אסם</ManufacturerName><ManufactureCountry>ישראל</ManufactureCountry><ManufacturerItemDescription>מנה חמה נודלס טעם צי</ManufacturerItemDescription><SoldByWeight/><Quantity>70.00</Quantity><UnitOfMeasure>גרם     </UnitOfMeasure><QtyInPackage>לא ידוע</QtyInPackage><UnitOfMeasurePrice>0.0843</UnitOfMeasurePrice><AllowDiscount>1</AllowDiscount><ItemStatus>1</ItemStatus><ItemPrice>5.90</ItemPrice></item><item><PriceUpdateDate>2016-06-13 13:03:31</PriceUpdateDate><ItemCode>7290000073835</ItemCode><ItemType>1</ItemType><ItemName>מארז צ'יפסי 4*50 גרם</ItemName><ManufacturerName>ציפסי</ManufacturerName><ManufactureCountry>ישראל</ManufactureCountry><ManufacturerItemDescription>מארז צ'יפסי 4*50 גרם</ManufacturerItemDescription><SoldByWeight/><Quantity>200.00</Quantity><UnitOfMeasure>גרם     </UnitOfMeasure><QtyInPackage>לא ידוע</QtyInPackage><UnitOfMeasurePrice>0.0645</UnitOfMeasurePrice><AllowDiscount>1</AllowDiscount><ItemStatus>1</ItemStatus><ItemPrice>12.90</ItemPrice></item><item><PriceUpdateDate>2016-05-30 22:03:19</PriceUpdateDate><ItemCode>7290000073965</ItemCode><ItemType>1</ItemType><ItemName>פתיתים אפויים 500 גר</ItemName><ManufacturerName>פסטה אסם</ManufacturerName><ManufactureCountry>ישראל</ManufactureCountry><ManufacturerItemDescription>פתיתים אפויים קוסקוס 500</ManufacturerItemDescription><SoldByWeight/><Quantity>500.00</Quantity><UnitOfMeasure>גרם     </UnitOfMeasure><QtyInPackage>לא ידוע</QtyInPackage><UnitOfMeasurePrice>0.0118</UnitOfMeasurePrice><AllowDiscount>1</AllowDiscount><ItemStatus>1</ItemStatus><ItemPrice>5.90</ItemPrice></item><item><PriceUpdateDate>2015-10-21 08:14:13</PriceUpdateDate><ItemCode>7290000074061</ItemCode><ItemType>1</ItemType><ItemName>לחמית סילאן ושומשום</ItemName><ManufacturerName>לחמית</ManufacturerName><ManufactureCountry>ישראל</ManufactureCountry><ManufacturerItemDescription>לחמית סילאן ושומשום</ManufacturerItemDescription><SoldByWeight/><Quantity>200.00</Quantity><UnitOfMeasure>גרם     </UnitOfMeasure><QtyInPackage>לא ידוע</QtyInPackage><UnitOfMeasurePrice>0.0495</UnitOfMeasurePrice><AllowDiscount>1</AllowDiscount><ItemStatus>1</ItemStatus><ItemPrice>9.90</ItemPrice></item><item><PriceUpdateDate>2016-05-30 22:03:19</PriceUpdateDate><ItemCode>7290000074153</ItemCode><ItemType>1</ItemType><ItemName>פתי בר שוקו 500 גרם</ItemName><ManufacturerName>פתי בר אסם</ManufacturerName><ManufactureCountry>ישראל</ManufactureCountry><ManufacturerItemDescription>ביסקויט פתיבר שוקו 500 גר</ManufacturerItemDescription><SoldByWeight/><Quantity>500.00</Quantity><UnitOfMeasure>גרם     </UnitOfMeasure><QtyInPackage>לא ידוע</QtyInPackage><UnitOfMeasurePrice>0.0258</UnitOfMeasurePrice><AllowDiscount>1</AllowDiscount><ItemStatus>1</ItemStatus><ItemPrice>12.90</ItemPrice></item><item><PriceUpdateDate>2015-11-12 18:18:35</PriceUpdateDate><ItemCode>7290000074177</ItemCode><ItemType>1</ItemType><ItemName>פתי בר בינוני 250 גר</ItemName><ManufacturerName>לא ידוע</ManufacturerName><ManufactureCountry>ישראל</ManufactureCountry><ManufacturerItemDescription>פתיבר 250 גר</ManufacturerItemDescription><SoldByWeight/><Quantity>250.00</Quantity><UnitOfMeasure>גרם     </UnitOfMeasure><QtyInPackage>לא ידוע</QtyInPackage><UnitOfMeasurePrice>0.0348</UnitOfMeasurePrice><AllowDiscount>1</AllowDiscount><ItemStatus>1</ItemStatus><ItemPrice>8.70</ItemPrice></item><item><PriceUpdateDate>2016-03-16 15:40:37</PriceUpdateDate><ItemCode>7290000074184</ItemCode><ItemType>1</ItemType><ItemName>פתי בר וניל 500 גרם</ItemName><ManufacturerName>אסם</ManufacturerName><ManufactureCountry>ישראל</ManufactureCountry><ManufacturerItemDescription>ביסקויט פתיבר 500 גר</ManufacturerItemDescription><SoldByWeight/><Quantity>500.00</Quantity><UnitOfMeasure>גרם     </UnitOfMeasure><QtyInPackage>לא ידוע</QtyInPackage><UnitOfMeasurePrice>0.0218</UnitOfMeasurePrice><AllowDiscount>1</AllowDiscount><ItemStatus>1</ItemStatus><ItemPrice>10.90</ItemPrice></item><item><PriceUpdateDate>2016-05-09 06:43:00</PriceUpdateDate><ItemCode>7290000074245</ItemCode><ItemType>1</ItemType><ItemName>קרם קרקר 227 גרם</ItemName><ManufacturerName>קרקר אסם</ManufacturerName><ManufactureCountry>ישראל</ManufactureCountry><ManufacturerItemDescription>קרם קרקר250 גר</ManufacturerItemDescription><SoldByWeight/><Quantity>227.00</Quantity><UnitOfMeasure>גרם     </UnitOfMeasure><QtyInPackage>לא ידוע</QtyInPackage><UnitOfMeasurePrice>0.0436</UnitOfMeasurePrice><AllowDiscount>1</AllowDiscount><ItemStatus>1</ItemStatus><ItemPrice>9.90</ItemPrice></item><item><PriceUpdateDate>2015-10-22 16:10:09</PriceUpdateDate><ItemCode>7290000074252</ItemCode><ItemType>1</ItemType><ItemName>קרקר שומשום 250 גרם</ItemName><ManufacturerName>קרם קרקר אסם</ManufacturerName><ManufactureCountry>ישראל</ManufactureCountry><ManufacturerItemDescription>קרקר שומשום250 גר</ManufacturerItemDescription><SoldByWeight/><Quantity>250.00</Quantity><UnitOfMeasure>גרם     </UnitOfMeasure><QtyInPackage>לא ידוע</QtyInPackage><UnitOfMeasurePrice>0.0416</UnitOfMeasurePrice><AllowDiscount>1</AllowDiscount><ItemStatus>1</ItemStatus><ItemPrice>10.40</ItemPrice></item><item><PriceUpdateDate>2015-10-22 16:10:09</PriceUpdateDate><ItemCode>7290000074276</ItemCode><ItemType>1</ItemType><ItemName>קרקר פיקנטי 250 גרם</ItemName><ManufacturerName>קרקר אסם</ManufacturerName><ManufactureCountry>ישראל</ManufactureCountry><ManufacturerItemDescription>טבעון קרקר פיקנטי250 גר</ManufacturerItemDescription><SoldByWeight/><Quantity>250.00</Quantity><UnitOfMeasure>גרם     </UnitOfMeasure><QtyInPackage>לא ידוע</QtyInPackage><UnitOfMeasurePrice>0.0460</UnitOfMeasurePrice><AllowDiscount>1</AllowDiscount><ItemStatus>1</ItemStatus><ItemPrice>11.50</ItemPrice></item><item><PriceUpdateDate>2015-10-21 08:14:13</PriceUpdateDate><ItemCode>7290000074290</ItemCode><ItemType>1</ItemType><ItemName>לחמית עם סובין230 גר</ItemName><ManufacturerName>לחמית</ManufacturerName><ManufactureCountry>ישראל</ManufactureCountry><ManufacturerItemDescription>לחמית עם סובין 230 גרם</ManufacturerItemDescription><SoldByWeight/><Quantity>230.00</Quantity><UnitOfMeasure>גרם     </UnitOfMeasure><QtyInPackage>לא ידוע</QtyInPackage><UnitOfMeasurePrice>0.0430</UnitOfMeasurePrice><AllowDiscount>1</AllowDiscount><ItemStatus>1</ItemStatus><ItemPrice>9.90</ItemPrice></item><item><PriceUpdateDate>2016-05-30 22:03:20</PriceUpdateDate><ItemCode>7290000074375</ItemCode><ItemType>1</ItemType><ItemName>קרקר זהב 150 גרם</ItemName><ManufacturerName>קרקר אסם</ManufacturerName><ManufactureCountry>ישראל</ManufactureCountry><ManufacturerItemDescription>קרקר זהב 150 גרם</ManufacturerItemDescription><SoldByWeight/><Quantity>150.00</Quantity><UnitOfMeasure>גרם     </UnitOfMeasure><QtyInPackage>לא ידוע</QtyInPackage><UnitOfMeasurePrice>0.0487</UnitOfMeasurePrice><AllowDiscount>1</AllowDiscount><ItemStatus>1</ItemStatus><ItemPrice>7.30</ItemPrice></item><item><PriceUpdateDate>2015-10-22 16:10:09</PriceUpdateDate><ItemCode>7290000074481</ItemCode><ItemType>1</ItemType><ItemName>לחמית אגוזים 160 גרם</ItemName><ManufacturerName>לחמית</ManufacturerName><ManufactureCountry>ישראל</ManufactureCountry><ManufacturerItemDescription>לחמית אגוזים 160 גרם</ManufacturerItemDescription><SoldByWeight/><Quantity>160.00</Quantity><UnitOfMeasure>גרם     </UnitOfMeasure><QtyInPackage>לא ידוע</QtyInPackage><UnitOfMeasurePrice>0.0762</UnitOfMeasurePrice><AllowDiscount>1</AllowDiscount><ItemStatus>1</ItemStatus><ItemPrice>12.20</ItemPrice></item><item><PriceUpdateDate>2015-11-12 18:18:35</PriceUpdateDate><ItemCode>7290000074658</ItemCode><ItemType>1</ItemType><ItemName>פתי בר בינוני 1 קג</ItemName><ManufacturerName>לא ידוע</ManufacturerName><ManufactureCountry>ישראל</ManufactureCountry><ManufacturerItemDescription>פתי בר בינוני 1 קג</ManufacturerItemDescription><SoldByWeight/><Quantity>1000.00</Quantity><UnitOfMeasure>גרם     </UnitOfMeasure><QtyInPackage>לא ידוע</QtyInPackage><UnitOfMeasurePrice>0.0233</UnitOfMeasurePrice><AllowDiscount>1</AllowDiscount><ItemStatus>1</ItemStatus><ItemPrice>23.30</ItemPrice></item><item><PriceUpdateDate>2015-10-22 16:10:09</PriceUpdateDate><ItemCode>7290000074696</ItemCode><ItemType>1</ItemType><ItemName>קרם קרקר 1 קג</ItemName><ManufacturerName>קרם קרקר אסם</ManufacturerName><ManufactureCountry>ישראל</ManufactureCountry><ManufacturerItemDescription>קרם קרקר 1 קג</ManufacturerItemDescription><SoldByWeight/><Quantity>1000.00</Quantity><UnitOfMeasure>גרם     </UnitOfMeasure><QtyInPackage>לא ידוע</QtyInPackage><UnitOfMeasurePrice>0.0334</UnitOfMeasurePrice><AllowDiscount>1</AllowDiscount><ItemStatus>1</ItemStatus><ItemPrice>33.40</ItemPrice></item><item><PriceUpdateDate>2015-10-22 16:10:09</PriceUpdateDate><ItemCode>7290000074962</ItemCode><ItemType>1</ItemType><ItemName>עוגיות מיני שוקוצ'יפ</ItemName><ManufacturerName>לא ממותג</ManufacturerName><ManufactureCountry>ישראל</ManufactureCountry><ManufacturerItemDescription>עוגיות מיני שוקוצ'יפ</ManufacturerItemDescription><SoldByWeight/><Quantity>225.00</Quantity><UnitOfMeasure>גרם     </UnitOfMeasure><QtyInPackage>לא ידוע</QtyInPackage><UnitOfMeasurePrice>0.0560</UnitOfMeasurePrice><AllowDiscount>1</AllowDiscount><ItemStatus>1</ItemStatus><ItemPrice>12.60</ItemPrice></item><item><PriceUpdateDate>2016-02-08 09:04:52</PriceUpdateDate><ItemCode>7290000075143</ItemCode><ItemType>1</ItemType><ItemName>עוגיות שוקוצ'יפס קלא</ItemName><ManufacturerName>אסם</ManufacturerName><ManufactureCountry>ישראל</ManufactureCountry><ManufacturerItemDescription>עוגיות משהו וניל שוקוציפס</ManufacturerItemDescription><SoldByWeight/><Quantity>200.00</Quantity><UnitOfMeasure>גרם     </UnitOfMeasure><QtyInPackage>לא ידוע</QtyInPackage><UnitOfMeasurePrice>0.0645</UnitOfMeasurePrice><AllowDiscount>1</AllowDiscount><ItemStatus>1</ItemStatus><ItemPrice>12.90</ItemPrice></item><item><PriceUpdateDate>2015-10-21 08:14:13</PriceUpdateDate><ItemCode>7290000075204</ItemCode><ItemType>1</ItemType><ItemName>לחמית חיטה מלאה 250</ItemName><ManufacturerName>לחמית</ManufacturerName><ManufactureCountry>ישראל</ManufactureCountry><ManufacturerItemDescription>לחמית קרקר חיטה מלאה 250</ManufacturerItemDescription><SoldByWeight/><Quantity>250.00</Quantity><UnitOfMeasure>גרם     </UnitOfMeasure><QtyInPackage>לא ידוע</QtyInPackage><UnitOfMeasurePrice>0.0396</UnitOfMeasurePrice><AllowDiscount>1</AllowDiscount><ItemStatus>1</ItemStatus><ItemPrice>9.90</ItemPrice></item><item><PriceUpdateDate>2016-03-01 06:42:57</PriceUpdateDate><ItemCode>7290000075693</ItemCode><ItemType>1</ItemType><ItemName>עוגת הבית שמרים בריו</ItemName><ManufacturerName>אסם</ManufacturerName><ManufactureCountry>ישראל</ManufactureCountry><ManufacturerItemDescription>עוגת הבית שמרים בריוש שוק</ManufacturerItemDescription><SoldByWeight/><Quantity>360.00</Quantity><UnitOfMeasure>גרם     </UnitOfMeasure><QtyInPackage>לא ידוע</QtyInPackage><UnitOfMeasurePrice>0.0536</UnitOfMeasurePrice><AllowDiscount>1</AllowDiscount><ItemStatus>1</ItemStatus><ItemPrice>19.30</ItemPrice></item><item><PriceUpdateDate>2016-05-02 08:05:44</PriceUpdateDate><ItemCode>7290000076133</ItemCode><ItemType>1</ItemType><ItemName>מב בייגלה שמיניות קט</ItemName><ManufacturerName>בייגלה אסם</ManufacturerName><ManufactureCountry>ישראל</ManufactureCountry><ManufacturerItemDescription>ביגלה שמיניות קטנות 400 ג</ManufacturerItemDescription><SoldByWeight/><Quantity>400.00</Quantity><UnitOfMeasure>גרם     </UnitOfMeasure><QtyInPackage>לא ידוע</QtyInPackage><UnitOfMeasurePrice>0.0273</UnitOfMeasurePrice><AllowDiscount>1</AllowDiscount><ItemStatus>1</ItemStatus><ItemPrice>10.90</ItemPrice></item><item><PriceUpdateDate>2015-11-12 18:18:35</PriceUpdateDate><ItemCode>7290000076157</ItemCode><ItemType>1</ItemType><ItemName>נס קוויק אבקה להכנת</ItemName><ManufacturerName>נסקוויק</ManufacturerName><ManufactureCountry>ישראל</ManufactureCountry><ManufacturerItemDescription>אבקה להכנת משקה שוקולד נס</ManufacturerItemDescription><SoldByWeight/><Quantity>450.00</Quantity><UnitOfMeasure>גרם     </UnitOfMeasure><QtyInPackage>לא ידוע</QtyInPackage><UnitOfMeasurePrice>0.0393</UnitOfMeasurePrice><AllowDiscount>1</AllowDiscount><ItemStatus>1</ItemStatus><ItemPrice>17.70</ItemPrice></item><item><PriceUpdateDate>2016-01-18 09:38:19</PriceUpdateDate><ItemCode>7290000076645</ItemCode><ItemType>1</ItemType><ItemName>טוסטעים חיטה מלאה  1</ItemName><ManufacturerName>טוסטעים</ManufacturerName><ManufactureCountry>ישראל</ManufactureCountry><ManufacturerItemDescription>טוסטעיםחיטה מלאהה 100גרם</ManufacturerItemDescription><SoldByWeight/><Quantity>100.00</Quantity><UnitOfMeasure>גרם     </UnitOfMeasure><QtyInPackage>לא ידוע</QtyInPackage><UnitOfMeasurePrice>0.1190</UnitOfMeasurePrice><AllowDiscount>1</AllowDiscount><ItemStatus>1</ItemStatus><ItemPrice>11.90</ItemPrice></item><item><PriceUpdateDate>2016-02-08 09:04:52</PriceUpdateDate><ItemCode>7290000077017</ItemCode><ItemType>1</ItemType><ItemName>עוגיות קרמוגית במילו</ItemName><ManufacturerName>אסם</ManufacturerName><ManufactureCountry>ישראל</ManufactureCountry><ManufacturerItemDescription>עוגיות משהו קרמוגית שוקול</ManufacturerItemDescription><SoldByWeight/><Quantity>200.00</Quantity><UnitOfMeasure>גרם     </UnitOfMeasure><QtyInPackage>לא ידוע</QtyInPackage><UnitOfMeasurePrice>0.0645</UnitOfMeasurePrice><AllowDiscount>1</AllowDiscount><ItemStatus>1</ItemStatus><ItemPrice>12.90</ItemPrice></item><item><PriceUpdateDate>2015-10-22 16:10:09</PriceUpdateDate><ItemCode>7290000077253</ItemCode><ItemType>1</ItemType><ItemName>לחמית כפרית 190 גרם</ItemName><ManufacturerName>לחמית</ManufacturerName><ManufactureCountry>ישראל</ManufactureCountry><ManufacturerItemDescription>לחמית כפרית 190 גרם</ManufacturerItemDescription><SoldByWeight/><Quantity>190.00</Quantity><UnitOfMeasure>גרם     </UnitOfMeasure><QtyInPackage>לא ידוע</QtyInPackage><UnitOfMeasurePrice>0.0642</UnitOfMeasurePrice><AllowDiscount>1</AllowDiscount><ItemStatus>1</ItemStatus><ItemPrice>12.20</ItemPrice></item><item><PriceUpdateDate>2016-01-18 09:38:19</PriceUpdateDate><ItemCode>7290000077925</ItemCode><ItemType>1</ItemType><ItemName>טוסטעים עגולים חיטה</ItemName><ManufacturerName>אסם</ManufacturerName><ManufactureCountry>ישראל</ManufactureCountry><ManufacturerItemDescription>טוסטעים צנימים  גולים125</ManufacturerItemDescription><SoldByWeight/><Quantity>125.00</Quantity><UnitOfMeasure>גרם     </UnitOfMeasure><QtyInPackage>לא ידוע</QtyInPackage><UnitOfMeasurePrice>0.0952</UnitOfMeasurePrice><AllowDiscount>1</AllowDiscount><ItemStatus>1</ItemStatus><ItemPrice>11.90</ItemPrice></item><item><PriceUpdateDate>2015-11-12 18:18:35</PriceUpdateDate><ItemCode>7290000078212</ItemCode><ItemType>1</ItemType><ItemName>קרוטונים מתובלים 250</ItemName><ManufacturerName>אסם</ManufacturerName><ManufactureCountry>ישראל</ManufactureCountry><ManufacturerItemDescription>קרוטונים מתובלים 250</ManufacturerItemDescription><SoldByWeight/><Quantity>250.00</Quantity><UnitOfMeasure>גרם     </UnitOfMeasure><QtyInPackage>לא ידוע</QtyInPackage><UnitOfMeasurePrice>0.0620</UnitOfMeasurePrice><AllowDiscount>1</AllowDiscount><ItemStatus>1</ItemStatus><ItemPrice>15.50</ItemPrice></item><item><PriceUpdateDate>2015-10-21 16:18:26</PriceUpdateDate><ItemCode>7290000078762</ItemCode><ItemType>1</ItemType><ItemName>חטיפי פריכונים בטעם</ItemName><ManufacturerName>פריכונים</ManufacturerName><ManufactureCountry>ישראל</ManufactureCountry><ManufacturerItemDescription>חטיפי פריכונים בטעם</ManufacturerItemDescription><SoldByWeight/><Quantity>14.00</Quantity><UnitOfMeasure>גרם     </UnitOfMeasure><QtyInPackage>לא ידוע</QtyInPackage><UnitOfMeasurePrice>0.6286</UnitOfMeasurePrice><AllowDiscount>1</AllowDiscount><ItemStatus>1</ItemStatus><ItemPrice>8.80</ItemPrice></item><item><PriceUpdateDate>2016-05-09 06:43:00</PriceUpdateDate><ItemCode>7290000079233</ItemCode><ItemType>1</ItemType><ItemName>קרם קרקר דל נתרן 250</ItemName><ManufacturerName>אסם</ManufacturerName><ManufactureCountry>ישראל</ManufactureCountry><ManufacturerItemDescription>קרם קרקר דל נתרן 250</ManufacturerItemDescription><SoldByWeight/><Quantity>250.00</Quantity><UnitOfMeasure>גרם     </UnitOfMeasure><QtyInPackage>לא ידוע</QtyInPackage><UnitOfMeasurePrice>0.0476</UnitOfMeasurePrice><AllowDiscount>1</AllowDiscount><ItemStatus>1</ItemStatus><ItemPrice>11.90</ItemPrice></item><item><PriceUpdateDate>2016-03-29 13:00:26</PriceUpdateDate><ItemCode>7290000080000</ItemCode><ItemType>1</ItemType><ItemName>חמים וטעים תבשיל אור</ItemName><ManufacturerName>אסם</ManufacturerName><ManufactureCountry>ישראל</ManufactureCountry><ManufacturerItemDescription>תבשיל אורז ספרדי 140 גר</ManufacturerItemDescription><SoldByWeight/><Quantity>140.00</Quantity><UnitOfMeasure>גרם     </UnitOfMeasure><QtyInPackage>לא ידוע</QtyInPackage><UnitOfMeasurePrice>0.0921</UnitOfMeasurePrice><AllowDiscount>1</AllowDiscount><ItemStatus>1</ItemStatus><ItemPrice>12.90</ItemPrice></item><item><PriceUpdateDate>2016-05-30 22:03:20</PriceUpdateDate><ItemCode>7290000080505</ItemCode><ItemType>1</ItemType><ItemName>מב סלט טורקי רפי כהן</ItemName><ManufacturerName>צבר</ManufacturerName><ManufactureCountry>ישראל</ManufactureCountry><ManufacturerItemDescription>סלט טורקי רפי 400 גרם</ManufacturerItemDescription><SoldByWeight/><Quantity>400.00</Quantity><UnitOfMeasure>גרם     </UnitOfMeasure><QtyInPackage>לא ידוע</QtyInPackage><UnitOfMeasurePrice>0.0348</UnitOfMeasurePrice><AllowDiscount>1</AllowDiscount><ItemStatus>1</ItemStatus><ItemPrice>13.90</ItemPrice></item><item><PriceUpdateDate>2016-05-30 22:03:20</PriceUpdateDate><ItemCode>7290000080512</ItemCode><ItemType>1</ItemType><ItemName>מב סלט תפוח אדמה רפי</ItemName><ManufacturerName>צבר</ManufacturerName><ManufactureCountry>ישראל</ManufactureCountry><ManufacturerItemDescription>סלט תפוא 400 גר</ManufacturerItemDescription><SoldByWeight/><Quantity>400.00</Quantity><UnitOfMeasure>גרם     </UnitOfMeasure><QtyInPackage>לא ידוע</QtyInPackage><UnitOfMeasurePrice>0.0348</UnitOfMeasurePrice><AllowDiscount>1</AllowDiscount><ItemStatus>1</ItemStatus><ItemPrice>13.90</ItemPrice></item><item><PriceUpdateDate>2016-05-30 22:03:20</PriceUpdateDate><ItemCode>7290000080529</ItemCode><ItemType>1</ItemType><ItemName>מב סלט קישוא עם בצל</ItemName><ManufacturerName>צבר</ManufacturerName><ManufactureCountry>ישראל</ManufactureCountry><ManufacturerItemDescription>מב סלט קישוא עם בצל</ManufacturerItemDescription><SoldByWeight/><Quantity>400.00</Quantity><UnitOfMeasure>גרם     </UnitOfMeasure><QtyInPackage>לא ידוע</QtyInPackage><UnitOfMeasurePrice>0.0348</UnitOfMeasurePrice><AllowDiscount>1</AllowDiscount><ItemStatus>1</ItemStatus><ItemPrice>13.90</ItemPrice></item><item><PriceUpdateDate>2016-05-30 22:03:20</PriceUpdateDate><ItemCode>7290000080536</ItemCode><ItemType>1</ItemType><ItemName>מב סלט חציל בטעם כבד</ItemName><ManufacturerName>צבר</ManufacturerName><ManufactureCountry>ישראל</ManufactureCountry><ManufacturerItemDescription>מב סלט חציל בטעם כבד</ManufacturerItemDescription><SoldByWeight/><Quantity>400.00</Quantity><UnitOfMeasure>גרם     </UnitOfMeasure><QtyInPackage>לא ידוע</QtyInPackage><UnitOfMeasurePrice>0.0348</UnitOfMeasurePrice><AllowDiscount>1</AllowDiscount><ItemStatus>1</ItemStatus><ItemPrice>13.90</ItemPrice></item><item><PriceUpdateDate>2016-01-18 09:38:19</PriceUpdateDate><ItemCode>7290000080758</ItemCode><ItemType>1</ItemType><ItemName>טוסטעים פת קליה 100</ItemName><ManufacturerName>אסם</ManufacturerName><ManufactureCountry>ישראל</ManufactureCountry><ManufacturerItemDescription>טוסטעים פת קלוי  100 גרם</ManufacturerItemDescription><SoldByWeight/><Quantity>100.00</Quantity><UnitOfMeasure>גרם     </UnitOfMeasure><QtyInPackage>לא ידוע</QtyInPackage><UnitOfMeasurePrice>0.1190</UnitOfMeasurePrice><AllowDiscount>1</AllowDiscount><ItemStatus>1</ItemStatus><ItemPrice>11.90</ItemPrice></item><item><PriceUpdateDate>2016-01-18 09:38:19</PriceUpdateDate><ItemCode>7290000080765</ItemCode><ItemType>1</ItemType><ItemName>טוסטעים פת שומשום 10</ItemName><ManufacturerName>אסם</ManufacturerName><ManufactureCountry>ישראל</ManufactureCountry><ManufacturerItemDescription>טוסטעים +שומשו  שומשו100</ManufacturerItemDescription><SoldByWeight/><Quantity>100.00</Quantity><UnitOfMeasure>גרם     </UnitOfMeasure><QtyInPackage>לא ידוע</QtyInPackage><UnitOfMeasurePrice>0.1190</UnitOfMeasurePrice><AllowDiscount>1</AllowDiscount><ItemStatus>1</ItemStatus><ItemPrice>11.90</ItemPrice></item><item><PriceUpdateDate>2015-10-11 18:10:41</PriceUpdateDate><ItemCode>7290000081168</ItemCode><ItemType>1</ItemType><ItemName>חטיף צ'יפסי טבעי 50</ItemName><ManufacturerName>ציפסי</ManufacturerName><ManufactureCountry>ישראל</ManufactureCountry><ManufacturerItemDescription>חטיף ציפסי 50 גרם</ManufacturerItemDescription><SoldByWeight/><Quantity>50.00</Quantity><UnitOfMeasure>גרם     </UnitOfMeasure><QtyInPackage>לא ידוע</QtyInPackage><UnitOfMeasurePrice>0.0760</UnitOfMeasurePrice><AllowDiscount>1</AllowDiscount><ItemStatus>1</ItemStatus><ItemPrice>3.80</ItemPrice></item><item><PriceUpdateDate>2016-05-02 08:05:44</PriceUpdateDate><ItemCode>7290000103730</ItemCode><ItemType>1</ItemType><ItemName>מב לקט להקצפה עם פסט</ItemName><ManufacturerName>סנפרוסט</ManufacturerName><ManufactureCountry>ישראל</ManufactureCountry><ManufacturerItemDescription>מב לקט להקצפה עם פסט</ManufacturerItemDescription><SoldByWeight/><Quantity>800.00</Quantity><UnitOfMeasure>גרם     </UnitOfMeasure><QtyInPackage>לא ידוע</QtyInPackage><UnitOfMeasurePrice>0.0199</UnitOfMeasurePrice><AllowDiscount>1</AllowDiscount><ItemStatus>1</ItemStatus><ItemPrice>15.90</ItemPrice></item><item><PriceUpdateDate>2016-05-02 08:05:44</PriceUpdateDate><ItemCode>7290000103808</ItemCode><ItemType>1</ItemType><ItemName>מב לקט להקפצה בסגנון</ItemName><ManufacturerName>.N.Y.C</ManufacturerName><ManufactureCountry>ישראל</ManufactureCountry><ManufacturerItemDescription>לקט להקפצה סיני 800 גר</ManufacturerItemDescription><SoldByWeight/><Quantity>800.00</Quantity><UnitOfMeasure>גרם     </UnitOfMeasure><QtyInPackage>לא ידוע</QtyInPackage><UnitOfMeasurePrice>0.0199</UnitOfMeasurePrice><AllowDiscount>1</AllowDiscount><ItemStatus>1</ItemStatus><ItemPrice>15.90</ItemPrice></item><item><PriceUpdateDate>2016-05-02 08:05:44</PriceUpdateDate><ItemCode>7290000103815</ItemCode><ItemType>1</ItemType><ItemName>מב לקט להקפצה בסגנון</ItemName><ManufacturerName>לא ידוע</ManufacturerName><ManufactureCountry>ישראל</ManufactureCountry><ManufacturerItemDescription>לקט להקפצה תאילנדי 800 גר</ManufacturerItemDescription><SoldByWeight/><Quantity>800.00</Quantity><UnitOfMeasure>גרם     </UnitOfMeasure><QtyInPackage>לא ידוע</QtyInPackage><UnitOfMeasurePrice>0.0199</UnitOfMeasurePrice><AllowDiscount>1</AllowDiscount><ItemStatus>1</ItemStatus><ItemPrice>15.90</ItemPrice></item><item><PriceUpdateDate>2016-05-01 21:46:26</PriceUpdateDate><ItemCode>7290000104072</ItemCode><ItemType>1</ItemType><ItemName>עדשים ירוקות מבושלות</ItemName><ManufacturerName>סנפרוסט</ManufacturerName><ManufactureCountry>ישראל</ManufactureCountry><ManufacturerItemDescription>עדשים ירוקות מבושלות 800</ManufacturerItemDescription><SoldByWeight/><Quantity>800.00</Quantity><UnitOfMeasure>גרם     </UnitOfMeasure><QtyInPackage>לא ידוע</QtyInPackage><UnitOfMeasurePrice>0.0269</UnitOfMeasurePrice><AllowDiscount>1</AllowDiscount><ItemStatus>1</ItemStatus><ItemPrice>21.50</ItemPrice></item><item><PriceUpdateDate>2016-05-01 21:46:26</PriceUpdateDate><ItemCode>7290000104188</ItemCode><ItemType>1</ItemType><ItemName>סנפרוסט שעועית אדומה</ItemName><ManufacturerName>סנפרוסט</ManufacturerName><ManufactureCountry>ישראל</ManufactureCountry><ManufacturerItemDescription>שעועית אדומה מבושלת 800 ג</ManufacturerItemDescription><SoldByWeight/><Quantity>800.00</Quantity><UnitOfMeasure>גרם     </UnitOfMeasure><QtyInPackage>לא ידוע</QtyInPackage><UnitOfMeasurePrice>0.0249</UnitOfMeasurePrice><AllowDiscount>1</AllowDiscount><ItemStatus>1</ItemStatus><ItemPrice>19.90</ItemPrice></item><item><PriceUpdateDate>2016-05-30 22:03:20</PriceUpdateDate><ItemCode>7290000104201</ItemCode><ItemType>1</ItemType><ItemName>אפונה עדינה 600 גרם</ItemName><ManufacturerName>סנפרוסט</ManufacturerName><ManufactureCountry>ישראל</ManufactureCountry><ManufacturerItemDescription>אפונה עדינה 600 גר</ManufacturerItemDescription><SoldByWeight/><Quantity>600.00</Quantity><UnitOfMeasure>גרם     </UnitOfMeasure><QtyInPackage>לא ידוע</QtyInPackage><UnitOfMeasurePrice>0.0298</UnitOfMeasurePrice><AllowDiscount>1</AllowDiscount><ItemStatus>1</ItemStatus><ItemPrice>17.90</ItemPrice></item><item><PriceUpdateDate>2016-05-01 21:46:26</PriceUpdateDate><ItemCode>7290000104218</ItemCode><ItemType>1</ItemType><ItemName>במיה סנפרוסט</ItemName><ManufacturerName>סנפרוסט</ManufacturerName><ManufactureCountry>ישראל</ManufactureCountry><ManufacturerItemDescription>במיה 600 גר</ManufacturerItemDescription><SoldByWeight/><Quantity>600.00</Quantity><UnitOfMeasure>גרם     </UnitOfMeasure><QtyInPackage>לא ידוע</QtyInPackage><UnitOfMeasurePrice>0.0342</UnitOfMeasurePrice><AllowDiscount>1</AllowDiscount><ItemStatus>1</ItemStatus><ItemPrice>20.50</ItemPrice></item><item><PriceUpdateDate>2016-05-01 21:46:26</PriceUpdateDate><ItemCode>7290000104225</ItemCode><ItemType>1</ItemType><ItemName>בצל קצוץ 600 גרם</ItemName><ManufacturerName>סנפרוסט</ManufacturerName><ManufactureCountry>ישראל</ManufactureCountry><ManufacturerItemDescription>בצל קצוץ 600 גר</ManufacturerItemDescription><SoldByWeight/><Quantity>600.00</Quantity><UnitOfMeasure>גרם     </UnitOfMeasure><QtyInPackage>לא ידוע</QtyInPackage><UnitOfMeasurePrice>0.0325</UnitOfMeasurePrice><AllowDiscount>1</AllowDiscount><ItemStatus>1</ItemStatus><ItemPrice>19.50</ItemPrice></item><item><PriceUpdateDate>2016-05-30 22:03:20</PriceUpdateDate><ItemCode>7290000104287</ItemCode><ItemType>1</ItemType><ItemName>מב לקט לפשטידה 800 ג</ItemName><ManufacturerName>סנפרוסט</ManufacturerName><ManufactureCountry>ישראל</ManufactureCountry><ManufacturerItemDescription>לקט לפשטידה 800 גרם</ManufacturerItemDescription><SoldByWeight/><Quantity>800.00</Quantity><UnitOfMeasure>גרם     </UnitOfMeasure><QtyInPackage>לא ידוע</QtyInPackage><UnitOfMeasurePrice>0.0199</UnitOfMeasurePrice><AllowDiscount>1</AllowDiscount><ItemStatus>1</ItemStatus><ItemPrice>15.90</ItemPrice></item><item><PriceUpdateDate>2016-05-30 22:03:20</PriceUpdateDate><ItemCode>7290000104676</ItemCode><ItemType>1</ItemType><ItemName>אפונת גינה סנפרוסט 8</ItemName><ManufacturerName>סנפרוסט</ManufacturerName><ManufactureCountry>ישראל</ManufactureCountry><ManufacturerItemDescription>אפונת גינה 800 גר</ManufacturerItemDescription><SoldByWeight/><Quantity>800.00</Quantity><UnitOfMeasure>גרם     </UnitOfMeasure><QtyInPackage>לא ידוע</QtyInPackage><UnitOfMeasurePrice>0.0199</UnitOfMeasurePrice><AllowDiscount>1</AllowDiscount><ItemStatus>1</ItemStatus><ItemPrice>15.90</ItemPrice></item><item><PriceUpdateDate>2016-05-30 22:03:21</PriceUpdateDate><ItemCode>7290000104683</ItemCode><ItemType>1</ItemType><ItemName>מב שעועית שלמה סנפרו</ItemName><ManufacturerName>סנפרוסט</ManufacturerName><ManufactureCountry>ישראל</ManufactureCountry><ManufacturerItemDescription>שעועית ירוקה שלמה 800 גר</ManufacturerItemDescription><SoldByWeight/><Quantity>800.00</Quantity><UnitOfMeasure>גרם     </UnitOfMeasure><QtyInPackage>לא ידוע</QtyInPackage><UnitOfMeasurePrice>0.0199</UnitOfMeasurePrice><AllowDiscount>1</AllowDiscount><ItemStatus>1</ItemStatus><ItemPrice>15.90</ItemPrice></item><item><PriceUpdateDate>2016-05-30 22:03:21</PriceUpdateDate><ItemCode>7290000104690</ItemCode><ItemType>1</ItemType><ItemName>גרעיני תירס 800 גרם</ItemName><ManufacturerName>סנפרוסט</ManufacturerName><ManufactureCountry>ישראל</ManufactureCountry><ManufacturerItemDescription>תירס גרעינים 800 גר</ManufacturerItemDescription><SoldByWeight/><Quantity>800.00</Quantity><UnitOfMeasure>גרם     </UnitOfMeasure><QtyInPackage>לא ידוע</QtyInPackage><UnitOfMeasurePrice>0.0199</UnitOfMeasurePrice><AllowDiscount>1</AllowDiscount><ItemStatus>1</ItemStatus><ItemPrice>15.90</ItemPrice></item><item><PriceUpdateDate>2016-06-01 06:53:40</PriceUpdateDate><ItemCode>7290000104706</ItemCode><ItemType>1</ItemType><ItemName>גזר גמדי סנפרוסט 800</ItemName><ManufacturerName>סנפרוסט</ManufacturerName><ManufactureCountry>ישראל</ManufactureCountry><ManufacturerItemDescription>גזר גמדי 800 גר</ManufacturerItemDescription><SoldByWeight/><Quantity>800.00</Quantity><UnitOfMeasure>גרם     </UnitOfMeasure><QtyInPackage>לא ידוע</QtyInPackage><UnitOfMeasurePrice>0.0249</UnitOfMeasurePrice><AllowDiscount>1</AllowDiscount><ItemStatus>1</ItemStatus><ItemPrice>19.90</ItemPrice></item><item><PriceUpdateDate>2016-05-01 21:46:26</PriceUpdateDate><ItemCode>7290000104713</ItemCode><ItemType>1</ItemType><ItemName>פול ירוק 800 גרם</ItemName><ManufacturerName>סנפרוסט</ManufacturerName><ManufactureCountry>ישראל</ManufactureCountry><ManufacturerItemDescription>פול ירוק 800 גר</ManufacturerItemDescription><SoldByWeight/><Quantity>800.00</Quantity><UnitOfMeasure>גרם     </UnitOfMeasure><QtyInPackage>לא ידוע</QtyInPackage><UnitOfMeasurePrice>0.0349</UnitOfMeasurePrice><AllowDiscount>1</AllowDiscount><ItemStatus>1</ItemStatus><ItemPrice>27.90</ItemPrice></item><item><PriceUpdateDate>2016-05-30 22:03:21</PriceUpdateDate><ItemCode>7290000104720</ItemCode><ItemType>1</ItemType><ItemName>שעועית ירוקה חתוכה 8</ItemName><ManufacturerName>סנפרוסט</ManufacturerName><ManufactureCountry>ישראל</ManufactureCountry><ManufacturerItemDescription>שעועית ירוקה חתוכה 800 גר</ManufacturerItemDescription><SoldByWeight/><Quantity>800.00</Quantity><UnitOfMeasure>גרם     </UnitOfMeasure><QtyInPackage>לא ידוע</QtyInPackage><UnitOfMeasurePrice>0.0216</UnitOfMeasurePrice><AllowDiscount>1</AllowDiscount><ItemStatus>1</ItemStatus><ItemPrice>17.30</ItemPrice></item><item><PriceUpdateDate>2016-05-01 21:46:26</PriceUpdateDate><ItemCode>7290000104737</ItemCode><ItemType>1</ItemType><ItemName>מב שעועית צהובה חתוך</ItemName><ManufacturerName>סנפרוסט</ManufacturerName><ManufactureCountry>ישראל</ManufactureCountry><ManufacturerItemDescription>מב שעועית צהובה חתוך</ManufacturerItemDescription><SoldByWeight/><Quantity>800.00</Quantity><UnitOfMeasure>גרם     </UnitOfMeasure><QtyInPackage>לא ידוע</QtyInPackage><UnitOfMeasurePrice>0.0174</UnitOfMeasurePrice><AllowDiscount>1</AllowDiscount><ItemStatus>1</ItemStatus><ItemPrice>13.90</ItemPrice></item><item><PriceUpdateDate>2016-05-02 08:05:44</PriceUpdateDate><ItemCode>7290000104751</ItemCode><ItemType>1</ItemType><ItemName>מב כרוב ניצנים 800 ג</ItemName><ManufacturerName>סנפרוסט</ManufacturerName><ManufactureCountry>ישראל</ManufactureCountry><ManufacturerItemDescription>מב כרוב ניצנים 800 ג</ManufacturerItemDescription><SoldByWeight/><Quantity>800.00</Quantity><UnitOfMeasure>גרם     </UnitOfMeasure><QtyInPackage>לא ידוע</QtyInPackage><UnitOfMeasurePrice>0.0199</UnitOfMeasurePrice><AllowDiscount>1</AllowDiscount><ItemStatus>1</ItemStatus><ItemPrice>15.90</ItemPrice></item><item><PriceUpdateDate>2016-05-30 22:03:21</PriceUpdateDate><ItemCode>7290000104768</ItemCode><ItemType>1</ItemType><ItemName>מב תרד עלים 800 גרם</ItemName><ManufacturerName>סנפרוסט</ManufacturerName><ManufactureCountry>ישראל</ManufactureCountry><ManufacturerItemDescription>מב תרד עלים 800 גרם</ManufacturerItemDescription><SoldByWeight/><Quantity>800.00</Quantity><UnitOfMeasure>גרם     </UnitOfMeasure><QtyInPackage>לא ידוע</QtyInPackage><UnitOfMeasurePrice>0.0199</UnitOfMeasurePrice><AllowDiscount>1</AllowDiscount><ItemStatus>1</ItemStatus><ItemPrice>15.90</ItemPrice></item><item><PriceUpdateDate>2016-05-30 22:03:21</PriceUpdateDate><ItemCode>7290000104775</ItemCode><ItemType>1</ItemType><ItemName>מב תרד מדליונים 800</ItemName><ManufacturerName>סנפרוסט</ManufacturerName><ManufactureCountry>ישראל</ManufactureCountry><ManufacturerItemDescription>ת.מדליונים 800-גר</ManufacturerItemDescription><SoldByWeight/><Quantity>800.00</Quantity><UnitOfMeasure>גרם     </UnitOfMeasure><QtyInPackage>לא ידוע</QtyInPackage><UnitOfMeasurePrice>0.0199</UnitOfMeasurePrice><AllowDiscount>1</AllowDiscount><ItemStatus>1</ItemStatus><ItemPrice>15.90</ItemPrice></item><item><PriceUpdateDate>2016-05-01 21:46:27</PriceUpdateDate><ItemCode>7290000104799</ItemCode><ItemType>1</ItemType><ItemName>שעועית לבנה מבושלת 8</ItemName><ManufacturerName>סנפרוסט</ManufacturerName><ManufactureCountry>ישראל</ManufactureCountry><ManufacturerItemDescription>שעועית לבנה מבושלת קפואה8</ManufacturerItemDescription><SoldByWeight/><Quantity>800.00</Quantity><UnitOfMeasure>גרם     </UnitOfMeasure><QtyInPackage>לא ידוע</QtyInPackage><UnitOfMeasurePrice>0.0269</UnitOfMeasurePrice><AllowDiscount>1</AllowDiscount><ItemStatus>1</ItemStatus><ItemPrice>21.50</ItemPrice></item><item><PriceUpdateDate>2016-05-30 22:03:21</PriceUpdateDate><ItemCode>7290000104805</ItemCode><ItemType>1</ItemType><ItemName>מב גרגרי חומוס מבושל</ItemName><ManufacturerName>סנפרוסט</ManufacturerName><ManufactureCountry>ישראל</ManufactureCountry><ManufacturerItemDescription>גרגרי חומוס מבושלים קפואי</ManufacturerItemDescription><SoldByWeight/><Quantity>800.00</Quantity><UnitOfMeasure>גרם     </UnitOfMeasure><QtyInPackage>לא ידוע</QtyInPackage><UnitOfMeasurePrice>0.0174</UnitOfMeasurePrice><AllowDiscount>0</AllowDiscount><ItemStatus>1</ItemStatus><ItemPrice>13.90</ItemPrice></item><item><PriceUpdateDate>2016-05-01 21:46:27</PriceUpdateDate><ItemCode>7290000104829</ItemCode><ItemType>1</ItemType><ItemName>מב קלחוני תירס 1 ק"ג</ItemName><ManufacturerName>סנפרוסט</ManufacturerName><ManufactureCountry>ישראל</ManufactureCountry><ManufacturerItemDescription>קלחוני תירס 1 קג</ManufacturerItemDescription><SoldByWeight/><Quantity>700.00</Quantity><UnitOfMeasure>גרם     </UnitOfMeasure><QtyInPackage>לא ידוע</QtyInPackage><UnitOfMeasurePrice>0.0199</UnitOfMeasurePrice><AllowDiscount>1</AllowDiscount><ItemStatus>1</ItemStatus><ItemPrice>13.90</ItemPrice></item><item><PriceUpdateDate>2016-05-30 22:03:21</PriceUpdateDate><ItemCode>7290000104836</ItemCode><ItemType>1</ItemType><ItemName>שעועית עדינה שלמה סנ</ItemName><ManufacturerName>סנפרוסט</ManufacturerName><ManufactureCountry>ישראל</ManufactureCountry><ManufacturerItemDescription>שעועית עדינה שלמה 600 גרם</ManufacturerItemDescription><SoldByWeight/><Quantity>600.00</Quantity><UnitOfMeasure>גרם     </UnitOfMeasure><QtyInPackage>לא ידוע</QtyInPackage><UnitOfMeasurePrice>0.0332</UnitOfMeasurePrice><AllowDiscount>1</AllowDiscount><ItemStatus>1</ItemStatus><ItemPrice>19.90</ItemPrice></item><item><PriceUpdateDate>2016-05-30 22:03:21</PriceUpdateDate><ItemCode>7290000104874</ItemCode><ItemType>1</ItemType><ItemName>לקט לקוסקוס 800 גרם</ItemName><ManufacturerName>סנפרוסט</ManufacturerName><ManufactureCountry>ישראל</ManufactureCountry><ManufacturerItemDescription>לקט לקוסקוס</ManufacturerItemDescription><SoldByWeight/><Quantity>800.00</Quantity><UnitOfMeasure>גרם     </UnitOfMeasure><QtyInPackage>לא ידוע</QtyInPackage><UnitOfMeasurePrice>0.0325</UnitOfMeasurePrice><AllowDiscount>1</AllowDiscount><ItemStatus>1</ItemStatus><ItemPrice>26.00</ItemPrice></item><item><PriceUpdateDate>2016-05-30 22:03:21</PriceUpdateDate><ItemCode>7290000104911</ItemCode><ItemType>1</ItemType><ItemName>לקט נורמנדי 800 גרם</ItemName><ManufacturerName>סנפרוסט</ManufacturerName><ManufactureCountry>ישראל</ManufactureCountry><ManufacturerItemDescription>לקט נורמנדי800 גר</ManufacturerItemDescription><SoldByWeight/><Quantity>800.00</Quantity><UnitOfMeasure>גרם     </UnitOfMeasure><QtyInPackage>לא ידוע</QtyInPackage><UnitOfMeasurePrice>0.0325</UnitOfMeasurePrice><AllowDiscount>1</AllowDiscount><ItemStatus>1</ItemStatus><ItemPrice>26.00</ItemPrice></item><item><PriceUpdateDate>2016-05-30 22:03:21</PriceUpdateDate><ItemCode>7290000107165</ItemCode><ItemType>1</ItemType><ItemName>מב חטיף סויה אדממה 4</ItemName><ManufacturerName>סנפרוסט</ManufacturerName><ManufactureCountry>ישראל</ManufactureCountry><ManufacturerItemDescription>חטיף פולי סויה אדממה 400</ManufacturerItemDescription><SoldByWeight/><Quantity>400.00</Quantity><UnitOfMeasure>גרם     </UnitOfMeasure><QtyInPackage>לא ידוע</QtyInPackage><UnitOfMeasurePrice>0.0223</UnitOfMeasurePrice><AllowDiscount>1</AllowDiscount><ItemStatus>1</ItemStatus><ItemPrice>8.90</ItemPrice></item><item><PriceUpdateDate>2016-05-01 21:46:27</PriceUpdateDate><ItemCode>7290000107189</ItemCode><ItemType>1</ItemType><ItemName>תחתיות ארטישוק 400 ג</ItemName><ManufacturerName>סנפרוסט</ManufacturerName><ManufactureCountry>ישראל</ManufactureCountry><ManufacturerItemDescription>תחתיות ארטישוק 400 גר</ManufacturerItemDescription><SoldByWeight/><Quantity>400.00</Quantity><UnitOfMeasure>גרם     </UnitOfMeasure><QtyInPackage>לא ידוע</QtyInPackage><UnitOfMeasurePrice>0.0628</UnitOfMeasurePrice><AllowDiscount>1</AllowDiscount><ItemStatus>1</ItemStatus><ItemPrice>25.10</ItemPrice></item><item><PriceUpdateDate>2016-05-01 21:46:27</PriceUpdateDate><ItemCode>7290000107295</ItemCode><ItemType>1</ItemType><ItemName>תפרחת ברוקולי סנפרוס</ItemName><ManufacturerName>סנפרוסט</ManufacturerName><ManufactureCountry>ישראל</ManufactureCountry><ManufacturerItemDescription>תפרחות ברוקולי 800 גר</ManufacturerItemDescription><SoldByWeight/><Quantity>800.00</Quantity><UnitOfMeasure>גרם     </UnitOfMeasure><QtyInPackage>לא ידוע</QtyInPackage><UnitOfMeasurePrice>0.0355</UnitOfMeasurePrice><AllowDiscount>1</AllowDiscount><ItemStatus>1</ItemStatus><ItemPrice>28.40</ItemPrice></item><item><PriceUpdateDate>2016-05-30 22:03:21</PriceUpdateDate><ItemCode>7290000107677</ItemCode><ItemType>1</ItemType><ItemName>שעועית צהובה עדינה ש</ItemName><ManufacturerName>סנפרוסט</ManufacturerName><ManufactureCountry>ישראל</ManufactureCountry><ManufacturerItemDescription>שעועית צהובה עדינה ש</ManufacturerItemDescription><SoldByWeight/><Quantity>600.00</Quantity><UnitOfMeasure>גרם     </UnitOfMeasure><QtyInPackage>לא ידוע</QtyInPackage><UnitOfMeasurePrice>0.0452</UnitOfMeasurePrice><AllowDiscount>1</AllowDiscount><ItemStatus>1</ItemStatus><ItemPrice>27.10</ItemPrice></item><item><PriceUpdateDate>2016-05-30 22:03:21</PriceUpdateDate><ItemCode>7290000110059</ItemCode><ItemType>1</ItemType><ItemName>מרגרינה בלו בנד בלי</ItemName><ManufacturerName>בלובנד</ManufacturerName><ManufactureCountry>ישראל</ManufactureCountry><ManufacturerItemDescription>מרגרינה בלו בנד בלי</ManufacturerItemDescription><SoldByWeight/><Quantity>200.00</Quantity><UnitOfMeasure>מ"ל</UnitOfMeasure><QtyInPackage>לא ידוע</QtyInPackage><UnitOfMeasurePrice>0.0235</UnitOfMeasurePrice><AllowDiscount>1</AllowDiscount><ItemStatus>1</ItemStatus><ItemPrice>4.70</ItemPrice></item><item><PriceUpdateDate>2015-10-11 18:10:42</PriceUpdateDate><ItemCode>7290000110073</ItemCode><ItemType>1</ItemType><ItemName>מרגרינה בטעם חמאה 20</ItemName><ManufacturerName>בלובנד</ManufacturerName><ManufactureCountry>ישראל</ManufactureCountry><ManufacturerItemDescription>מרגרינה בטעם חמאה 20</ManufacturerItemDescription><SoldByWeight/><Quantity>200.00</Quantity><UnitOfMeasure>מ"ל</UnitOfMeasure><QtyInPackage>לא ידוע</QtyInPackage><UnitOfMeasurePrice>0.0270</UnitOfMeasurePrice><AllowDiscount>1</AllowDiscount><ItemStatus>1</ItemStatus><ItemPrice>5.40</ItemPrice></item><item><PriceUpdateDate>2015-10-11 12:00:27</PriceUpdateDate><ItemCode>7290000110844</ItemCode><ItemType>1</ItemType><ItemName>חטיף כיפלי גריל בד"צ</ItemName><ManufacturerName>כיפלי</ManufacturerName><ManufactureCountry>ישראל</ManufactureCountry><ManufacturerItemDescription>חטיף כיפלי גריל בד"צ</ManufacturerItemDescription><SoldByWeight/><Quantity>14.00</Quantity><UnitOfMeasure>גרם     </UnitOfMeasure><QtyInPackage>לא ידוע</QtyInPackage><UnitOfMeasurePrice>0.4857</UnitOfMeasurePrice><AllowDiscount>1</AllowDiscount><ItemStatus>1</ItemStatus><ItemPrice>6.80</ItemPrice></item><item><PriceUpdateDate>2015-10-11 12:00:28</PriceUpdateDate><ItemCode>7290000110851</ItemCode><ItemType>1</ItemType><ItemName>חטיף כיפלי בצל בד"צ</ItemName><ManufacturerName>כיפלי</ManufacturerName><ManufactureCountry>ישראל</ManufactureCountry><ManufacturerItemDescription>חטיף כיפלי בצל בד"צ</ManufacturerItemDescription><SoldByWeight/><Quantity>70.00</Quantity><UnitOfMeasure>גרם     </UnitOfMeasure><QtyInPackage>לא ידוע</QtyInPackage><UnitOfMeasurePrice>0.0971</UnitOfMeasurePrice><AllowDiscount>1</AllowDiscount><ItemStatus>1</ItemStatus><ItemPrice>6.80</ItemPrice></item><item><PriceUpdateDate>2015-11-12 15:11:51</PriceUpdateDate><ItemCode>7290000111063</ItemCode><ItemType>1</ItemType><ItemName>מיונז 250 גרם</ItemName><ManufacturerName>תלמה</ManufacturerName><ManufactureCountry>ישראל</ManufactureCountry><ManufacturerItemDescription>מיונז 250 גרם</ManufacturerItemDescription><SoldByWeight/><Quantity>250.00</Quantity><UnitOfMeasure>גרם     </UnitOfMeasure><QtyInPackage>לא ידוע</QtyInPackage><UnitOfMeasurePrice>0.0308</UnitOfMeasurePrice><AllowDiscount>1</AllowDiscount><ItemStatus>1</ItemStatus><ItemPrice>7.70</ItemPrice></item><item><PriceUpdateDate>2016-05-30 22:03:21</PriceUpdateDate><ItemCode>7290000111186</ItemCode><ItemType>1</ItemType><ItemName>מיונז אמיתי תלמה 500</ItemName><ManufacturerName>תלמה</ManufacturerName><ManufactureCountry>ישראל</ManufactureCountry><ManufacturerItemDescription>מיונז אמיתי תלמה 500</ManufacturerItemDescription><SoldByWeight/><Quantity>500.00</Quantity><UnitOfMeasure>גרם     </UnitOfMeasure><QtyInPackage>לא ידוע</QtyInPackage><UnitOfMeasurePrice>0.0190</UnitOfMeasurePrice><AllowDiscount>1</AllowDiscount><ItemStatus>1</ItemStatus><ItemPrice>9.50</ItemPrice></item><item><PriceUpdateDate>2016-05-30 22:03:21</PriceUpdateDate><ItemCode>7290000111353</ItemCode><ItemType>1</ItemType><ItemName>מיונז 1 ק'ג</ItemName><ManufacturerName>תלמה</ManufacturerName><ManufactureCountry>ישראל</ManufactureCountry><ManufacturerItemDescription>מיונז 1 ק'ג</ManufacturerItemDescription><SoldByWeight/><Quantity>1000.00</Quantity><UnitOfMeasure>גרם     </UnitOfMeasure><QtyInPackage>לא ידוע</QtyInPackage><UnitOfMeasurePrice>0.0166</UnitOfMeasurePrice><AllowDiscount>1</AllowDiscount><ItemStatus>1</ItemStatus><ItemPrice>16.60</ItemPrice></item><item><PriceUpdateDate>2015-11-12 15:11:51</PriceUpdateDate><ItemCode>7290000111360</ItemCode><ItemType>1</ItemType><ItemName>חרדל אמיתי 250 גרם</ItemName><ManufacturerName>תלמה</ManufacturerName><ManufactureCountry>ישראל</ManufactureCountry><ManufacturerItemDescription>חרדל אמיתי 250 גרם</ManufacturerItemDescription><SoldByWeight/><Quantity>250.00</Quantity><UnitOfMeasure>גרם     </UnitOfMeasure><QtyInPackage>לא ידוע</QtyInPackage><UnitOfMeasurePrice>0.0348</UnitOfMeasurePrice><AllowDiscount>1</AllowDiscount><ItemStatus>1</ItemStatus><ItemPrice>8.70</ItemPrice></item><item><PriceUpdateDate>2015-11-12 15:11:51</PriceUpdateDate><ItemCode>7290000111384</ItemCode><ItemType>1</ItemType><ItemName>חרדל אמיתי תלמה 550</ItemName><ManufacturerName>תלמה</ManufacturerName><ManufactureCountry>ישראל</ManufactureCountry><ManufacturerItemDescription>חרדל אמיתי תלמה 550</ManufacturerItemDescription><SoldByWeight/><Quantity>550.00</Quantity><UnitOfMeasure>גרם     </UnitOfMeasure><QtyInPackage>לא ידוע</QtyInPackage><UnitOfMeasurePrice>0.0233</UnitOfMeasurePrice><AllowDiscount>1</AllowDiscount><ItemStatus>1</ItemStatus><ItemPrice>12.80</ItemPrice></item><item><PriceUpdateDate>2016-05-30 22:03:21</PriceUpdateDate><ItemCode>7290000112220</ItemCode><ItemType>1</ItemType><ItemName>טחינה בארכה 500 גרם</ItemName><ManufacturerName>בארכה</ManufacturerName><ManufactureCountry>ישראל</ManufactureCountry><ManufacturerItemDescription>טחינה קלאסית 500 גרם</ManufacturerItemDescription><SoldByWeight/><Quantity>500.00</Quantity><UnitOfMeasure>גרם     </UnitOfMeasure><QtyInPackage>לא ידוע</QtyInPackage><UnitOfMeasurePrice>0.0258</UnitOfMeasurePrice><AllowDiscount>1</AllowDiscount><ItemStatus>1</ItemStatus><ItemPrice>12.90</ItemPrice></item><item><PriceUpdateDate>2016-02-02 06:50:43</PriceUpdateDate><ItemCode>7290000112497</ItemCode><ItemType>1</ItemType><ItemName>מרק קנור עוף איטריות</ItemName><ManufacturerName>קנור</ManufacturerName><ManufactureCountry>ישראל</ManufactureCountry><ManufacturerItemDescription>מרקנור עשיר איטריות</ManufacturerItemDescription><SoldByWeight/><Quantity>14.00</Quantity><UnitOfMeasure>גרם     </UnitOfMeasure><QtyInPackage>לא ידוע</QtyInPackage><UnitOfMeasurePrice>0.8286</UnitOfMeasurePrice><AllowDiscount>1</AllowDiscount><ItemStatus>1</ItemStatus><ItemPrice>11.60</ItemPrice></item><item><PriceUpdateDate>2016-05-30 22:03:22</PriceUpdateDate><ItemCode>7290000112619</ItemCode><ItemType>1</ItemType><ItemName>קנור מרק עוף 400 גרם</ItemName><ManufacturerName>קנור</ManufacturerName><ManufactureCountry>ישראל</ManufactureCountry><ManufacturerItemDescription>מרק עוף אמיתי 400 גרם קופ</ManufacturerItemDescription><SoldByWeight/><Quantity>400.00</Quantity><UnitOfMeasure>גרם     </UnitOfMeasure><QtyInPackage>לא ידוע</QtyInPackage><UnitOfMeasurePrice>0.0472</UnitOfMeasurePrice><AllowDiscount>1</AllowDiscount><ItemStatus>1</ItemStatus><ItemPrice>18.90</ItemPrice></item><item><PriceUpdateDate>2015-10-20 16:50:49</PriceUpdateDate><ItemCode>7290000113203</ItemCode><ItemType>1</ItemType><ItemName>חטיף כיפלי צ'יפס קטש</ItemName><ManufacturerName>כיפלי</ManufacturerName><ManufactureCountry>ישראל</ManufactureCountry><ManufacturerItemDescription>חטיף כיפלי צ'יפס קטש</ManufacturerItemDescription><SoldByWeight/><Quantity>14.00</Quantity><UnitOfMeasure>גרם     </UnitOfMeasure><QtyInPackage>לא ידוע</QtyInPackage><UnitOfMeasurePrice>0.4357</UnitOfMeasurePrice><AllowDiscount>1</AllowDiscount><ItemStatus>1</ItemStatus><ItemPrice>6.10</ItemPrice></item><item><PriceUpdateDate>2015-10-11 10:46:08</PriceUpdateDate><ItemCode>7290000113654</ItemCode><ItemType>1</ItemType><ItemName>מרק נמס בכוס לייט זו</ItemName><ManufacturerName>קנור</ManufacturerName><ManufactureCountry>ישראל</ManufactureCountry><ManufacturerItemDescription>מרקלייט נמס ירקות 034  גר</ManufacturerItemDescription><SoldByWeight/><Quantity>14.00</Quantity><UnitOfMeasure>גרם     </UnitOfMeasure><QtyInPackage>לא ידוע</QtyInPackage><UnitOfMeasurePrice>0.5929</UnitOfMeasurePrice><AllowDiscount>1</AllowDiscount><ItemStatus>1</ItemStatus><ItemPrice>8.30</ItemPrice></item><item><PriceUpdateDate>2016-05-30 22:03:22</PriceUpdateDate><ItemCode>7290000114187</ItemCode><ItemType>1</ItemType><ItemName>סיף פנטסטיק לניקוי כ</ItemName><ManufacturerName>סיף</ManufacturerName><ManufactureCountry>ישראל</ManufactureCountry><ManufacturerItemDescription>סיף פנטסטיק לניקוי כ</ManufacturerItemDescription><SoldByWeight/><Quantity>4000.00</Quantity><UnitOfMeasure>מ"ל</UnitOfMeasure><QtyInPackage>לא ידוע</QtyInPackage><UnitOfMeasurePrice>0.0055</UnitOfMeasurePrice><AllowDiscount>1</AllowDiscount><ItemStatus>1</ItemStatus><ItemPrice>21.90</ItemPrice></item><item><PriceUpdateDate>2015-11-12 15:12:03</PriceUpdateDate><ItemCode>7290000114255</ItemCode><ItemType>1</ItemType><ItemName>קוואקר 500 גרם</ItemName><ManufacturerName>תלמה</ManufacturerName><ManufactureCountry>ישראל</ManufactureCountry><ManufacturerItemDescription>קוואקר 500 גרם</ManufacturerItemDescription><SoldByWeight/><Quantity>500.00</Quantity><UnitOfMeasure>גרם     </UnitOfMeasure><QtyInPackage>לא ידוע</QtyInPackage><UnitOfMeasurePrice>0.0334</UnitOfMeasurePrice><AllowDiscount>1</AllowDiscount><ItemStatus>1</ItemStatus><ItemPrice>16.70</ItemPrice></item><item><PriceUpdateDate>2016-05-30 22:03:22</PriceUpdateDate><ItemCode>7290000116204</ItemCode><ItemType>1</ItemType><ItemName>מרק דגש בשקית 1 ק"ג</ItemName><ManufacturerName>תלמה</ManufacturerName><ManufactureCountry>ישראל</ManufactureCountry><ManufacturerItemDescription>מרק דגש בשקית 1 ק"ג</ManufacturerItemDescription><SoldByWeight/><Quantity>1000.00</Quantity><UnitOfMeasure>גרם     </UnitOfMeasure><QtyInPackage>לא ידוע</QtyInPackage><UnitOfMeasurePrice>0.0149</UnitOfMeasurePrice><AllowDiscount>1</AllowDiscount><ItemStatus>1</ItemStatus><ItemPrice>14.90</ItemPrice></item><item><PriceUpdateDate>2016-05-30 22:03:22</PriceUpdateDate><ItemCode>7290000116921</ItemCode><ItemType>1</ItemType><ItemName>מב רוטב קנור צ'לי מת</ItemName><ManufacturerName>קנור</ManufacturerName><ManufactureCountry>ישראל</ManufactureCountry><ManufacturerItemDescription>מב רוטב קנור צ'לי מת</ManufacturerItemDescription><SoldByWeight/><Quantity>300.00</Quantity><UnitOfMeasure>גרם     </UnitOfMeasure><QtyInPackage>לא ידוע</QtyInPackage><UnitOfMeasurePrice>0.0333</UnitOfMeasurePrice><AllowDiscount>1</AllowDiscount><ItemStatus>1</ItemStatus><ItemPrice>10.00</ItemPrice></item><item><PriceUpdateDate>2016-05-30 22:03:22</PriceUpdateDate><ItemCode>7290000116945</ItemCode><ItemType>1</ItemType><ItemName>מב רוטב סויה קנור 30</ItemName><ManufacturerName>קנור</ManufacturerName><ManufactureCountry>ישראל</ManufactureCountry><ManufacturerItemDescription>מב רוטב סויה קנור 30</ManufacturerItemDescription><SoldByWeight/><Quantity>300.00</Quantity><UnitOfMeasure>גרם     </UnitOfMeasure><QtyInPackage>לא ידוע</QtyInPackage><UnitOfMeasurePrice>0.0333</UnitOfMeasurePrice><AllowDiscount>1</AllowDiscount><ItemStatus>1</ItemStatus><ItemPrice>10.00</ItemPrice></item><item><PriceUpdateDate>2016-03-29 13:00:27</PriceUpdateDate><ItemCode>7290000117386</ItemCode><ItemType>1</ItemType><ItemName>חטיף דגנים שוגי קורנ</ItemName><ManufacturerName>שוגי</ManufacturerName><ManufactureCountry>ישראל</ManufactureCountry><ManufacturerItemDescription>חטיף דגנים שוגי 208 1/8 ג</ManufacturerItemDescription><SoldByWeight/><Quantity>208.00</Quantity><UnitOfMeasure>גרם     </UnitOfMeasure><QtyInPackage>לא ידוע</QtyInPackage><UnitOfMeasurePrice>0.1077</UnitOfMeasurePrice><AllowDiscount>1</AllowDiscount><ItemStatus>1</ItemStatus><ItemPrice>22.40</ItemPrice></item><item><PriceUpdateDate>2016-03-29 13:00:27</PriceUpdateDate><ItemCode>7290000117393</ItemCode><ItemType>1</ItemType><ItemName>חטיף דגנים שוגי שוקו</ItemName><ManufacturerName>שוגי</ManufacturerName><ManufactureCountry>ישראל</ManufactureCountry><ManufacturerItemDescription>חטיף דגנים שוקו שוגי208 1</ManufacturerItemDescription><SoldByWeight/><Quantity>208.00</Quantity><UnitOfMeasure>גרם     </UnitOfMeasure><QtyInPackage>לא ידוע</QtyInPackage><UnitOfMeasurePrice>0.1077</UnitOfMeasurePrice><AllowDiscount>1</AllowDiscount><ItemStatus>1</ItemStatus><ItemPrice>22.40</ItemPrice></item><item><PriceUpdateDate>2016-03-29 13:00:27</PriceUpdateDate><ItemCode>7290000117430</ItemCode><ItemType>1</ItemType><ItemName>חטיף דגנים קוקומן 8</ItemName><ManufacturerName>קוקומן</ManufacturerName><ManufactureCountry>ישראל</ManufactureCountry><ManufacturerItemDescription>חטיף דגנים קוקומן 8</ManufacturerItemDescription><SoldByWeight/><Quantity>168.00</Quantity><UnitOfMeasure>גרם     </UnitOfMeasure><QtyInPackage>לא ידוע</QtyInPackage><UnitOfMeasurePrice>0.1333</UnitOfMeasurePrice><AllowDiscount>1</AllowDiscount><ItemStatus>1</ItemStatus><ItemPrice>22.40</ItemPrice></item><item><PriceUpdateDate>2015-10-11 10:46:08</PriceUpdateDate><ItemCode>7290000117720</ItemCode><ItemType>1</ItemType><ItemName>זוג מרק נמס בכוס קנו</ItemName><ManufacturerName>קנור</ManufacturerName><ManufactureCountry>ישראל</ManufactureCountry><ManufacturerItemDescription>מרק נמס בכוס פטריות</ManufacturerItemDescription><SoldByWeight/><Quantity>43.00</Quantity><UnitOfMeasure>גרם     </UnitOfMeasure><QtyInPackage>לא ידוע</QtyInPackage><UnitOfMeasurePrice>0.1930</UnitOfMeasurePrice><AllowDiscount>1</AllowDiscount><ItemStatus>1</ItemStatus><ItemPrice>8.30</ItemPrice></item><item><PriceUpdateDate>2015-10-11 10:46:09</PriceUpdateDate><ItemCode>7290000117799</ItemCode><ItemType>1</ItemType><ItemName>מרק נמס ברוקולי 2 שק</ItemName><ManufacturerName>קנור</ManufacturerName><ManufactureCountry>ישראל</ManufactureCountry><ManufacturerItemDescription>מרק נמס בכוס ברוקולי 42 ג</ManufacturerItemDescription><SoldByWeight/><Quantity>14.00</Quantity><UnitOfMeasure>גרם     </UnitOfMeasure><QtyInPackage>לא ידוע</QtyInPackage><UnitOfMeasurePrice>0.5929</UnitOfMeasurePrice><AllowDiscount>1</AllowDiscount><ItemStatus>1</ItemStatus><ItemPrice>8.30</ItemPrice></item><item><PriceUpdateDate>2016-05-01 21:46:27</PriceUpdateDate><ItemCode>7290000120393</ItemCode><ItemType>1</ItemType><ItemName>פנטסטיק סיף ג'ל אקונ</ItemName><ManufacturerName>סיף-פנטסטיק</ManufacturerName><ManufactureCountry>ישראל</ManufactureCountry><ManufacturerItemDescription>פנטסטיק סיף ג'ל אקונ</ManufacturerItemDescription><SoldByWeight/><Quantity>750.00</Quantity><UnitOfMeasure>מ"ל</UnitOfMeasure><QtyInPackage>לא ידוע</QtyInPackage><UnitOfMeasurePrice>0.0205</UnitOfMeasurePrice><AllowDiscount>1</AllowDiscount><ItemStatus>1</ItemStatus><ItemPrice>15.40</ItemPrice></item><item><PriceUpdateDate>2015-11-03 08:38:13</PriceUpdateDate><ItemCode>7290000120560</ItemCode><ItemType>1</ItemType><ItemName>שוקולד קליק חלב עוגי</ItemName><ManufacturerName>קליק ורד הגליל</ManufacturerName><ManufactureCountry>ישראל</ManufactureCountry><ManufacturerItemDescription>שוקולד קליק חלב עוגי</ManufacturerItemDescription><SoldByWeight/><Quantity>100.00</Quantity><UnitOfMeasure>גרם     </UnitOfMeasure><QtyInPackage>לא ידוע</QtyInPackage><UnitOfMeasurePrice>0.0710</UnitOfMeasurePrice><AllowDiscount>1</AllowDiscount><ItemStatus>1</ItemStatus><ItemPrice>7.10</ItemPrice></item><item><PriceUpdateDate>2015-11-03 08:38:13</PriceUpdateDate><ItemCode>7290000120577</ItemCode><ItemType>1</ItemType><ItemName>שוקולד קליק לבן עם ש</ItemName><ManufacturerName>קליק ורד הגליל</ManufacturerName><ManufactureCountry>ישראל</ManufactureCountry><ManufacturerItemDescription>שוקולד קליק לבן עם ש</ManufacturerItemDescription><SoldByWeight/><Quantity>100.00</Quantity><UnitOfMeasure>גרם     </UnitOfMeasure><QtyInPackage>לא ידוע</QtyInPackage><UnitOfMeasurePrice>0.0710</UnitOfMeasurePrice><AllowDiscount>1</AllowDiscount><ItemStatus>1</ItemStatus><ItemPrice>7.10</ItemPrice></item><item><PriceUpdateDate>2016-02-08 09:02:00</PriceUpdateDate><ItemCode>7290000120836</ItemCode><ItemType>1</ItemType><ItemName>מיונז הלמנס 394 גרם</ItemName><ManufacturerName>הלמנס</ManufacturerName><ManufactureCountry>ארצות הברית</ManufactureCountry><ManufacturerItemDescription>שוקולד מריר 60% קטה3*100</ManufacturerItemDescription><SoldByWeight/><Quantity>394.00</Quantity><UnitOfMeasure>גרם     </UnitOfMeasure><QtyInPackage>לא ידוע</QtyInPackage><UnitOfMeasurePrice>0.0378</UnitOfMeasurePrice><AllowDiscount>1</AllowDiscount><ItemStatus>1</ItemStatus><ItemPrice>14.90</ItemPrice></item><item><PriceUpdateDate>2016-02-08 09:02:00</PriceUpdateDate><ItemCode>7290000120874</ItemCode><ItemType>1</ItemType><ItemName>מיונז הלמנס 424 גרם</ItemName><ManufacturerName>הלמנס</ManufacturerName><ManufactureCountry>ארצות הברית</ManufactureCountry><ManufacturerItemDescription>מחצלת לגלגול סושי 1 יחיד</ManufacturerItemDescription><SoldByWeight/><Quantity>424.00</Quantity><UnitOfMeasure>גרם     </UnitOfMeasure><QtyInPackage>לא ידוע</QtyInPackage><UnitOfMeasurePrice>0.0351</UnitOfMeasurePrice><AllowDiscount>1</AllowDiscount><ItemStatus>1</ItemStatus><ItemPrice>14.90</ItemPrice></item><item><PriceUpdateDate>2016-03-01 06:42:59</PriceUpdateDate><ItemCode>7290000121055</ItemCode><ItemType>1</ItemType><ItemName>גבינת טעם טוב 100 גר</ItemName><ManufacturerName>מון בלאן</ManufacturerName><ManufactureCountry>ישראל</ManufactureCountry><ManufacturerItemDescription>גבינה טעם טוב 100 גר</ManufacturerItemDescription><SoldByWeight/><Quantity>100.00</Quantity><UnitOfMeasure>גרם     </UnitOfMeasure><QtyInPackage>לא ידוע</QtyInPackage><UnitOfMeasurePrice>0.1010</UnitOfMeasurePrice><AllowDiscount>1</AllowDiscount><ItemStatus>1</ItemStatus><ItemPrice>10.10</ItemPrice></item><item><PriceUpdateDate>2016-06-01 09:41:31</PriceUpdateDate><ItemCode>7290000121093</ItemCode><ItemType>1</ItemType><ItemName>מב מון בלאן טעם שויצ</ItemName><ManufacturerName>מון בלאן</ManufacturerName><ManufactureCountry>ישראל</ManufactureCountry><ManufacturerItemDescription>גבינה מותכת7%שומן-שוויצרי</ManufacturerItemDescription><SoldByWeight/><Quantity>120.00</Quantity><UnitOfMeasure>גרם     </UnitOfMeasure><QtyInPackage>לא ידוע</QtyInPackage><UnitOfMeasurePrice>0.0908</UnitOfMeasurePrice><AllowDiscount>1</AllowDiscount><ItemStatus>1</ItemStatus><ItemPrice>10.90</ItemPrice></item><item><PriceUpdateDate>2016-06-01 09:41:31</PriceUpdateDate><ItemCode>7290000121109</ItemCode><ItemType>1</ItemType><ItemName>מב גבינה מון בלאן עם</ItemName><ManufacturerName>מון בלאן</ManufacturerName><ManufactureCountry>ישראל</ManufactureCountry><ManufacturerItemDescription>גבינה מותכת7%שומן עם זית</ManufacturerItemDescription><SoldByWeight/><Quantity>120.00</Quantity><UnitOfMeasure>גרם     </UnitOfMeasure><QtyInPackage>לא ידוע</QtyInPackage><UnitOfMeasurePrice>0.0908</UnitOfMeasurePrice><AllowDiscount>1</AllowDiscount><ItemStatus>1</ItemStatus><ItemPrice>10.90</ItemPrice></item><item><PriceUpdateDate>2016-06-06 11:50:47</PriceUpdateDate><ItemCode>7290000121376</ItemCode><ItemType>1</ItemType><ItemName>מב קונפיטורה 778 אוכ</ItemName><ManufacturerName>778</ManufacturerName><ManufactureCountry>ישראל</ManufactureCountry><ManufacturerItemDescription>מב קונפיטורה 778 אוכ</ManufacturerItemDescription><SoldByWeight/><Quantity>285.00</Quantity><UnitOfMeasure>גרם     </UnitOfMeasure><QtyInPackage>לא ידוע</QtyInPackage><UnitOfMeasurePrice>0.0418</UnitOfMeasurePrice><AllowDiscount>1</AllowDiscount><ItemStatus>1</ItemStatus><ItemPrice>11.90</ItemPrice></item><item><PriceUpdateDate>2015-11-12 14:27:13</PriceUpdateDate><ItemCode>7290000122175</ItemCode><ItemType>1</ItemType><ItemName>תמצית וניל אפיכל 50</ItemName><ManufacturerName>אפיכל</ManufacturerName><ManufactureCountry>ישראל</ManufactureCountry><ManufacturerItemDescription>תמצית וניל אפיכל 50</ManufacturerItemDescription><SoldByWeight/><Quantity>14.00</Quantity><UnitOfMeasure>מ"ל</UnitOfMeasure><QtyInPackage>לא ידוע</QtyInPackage><UnitOfMeasurePrice>0.4286</UnitOfMeasurePrice><AllowDiscount>1</AllowDiscount><ItemStatus>1</ItemStatus><ItemPrice>6.00</ItemPrice></item><item><PriceUpdateDate>2016-05-30 22:03:22</PriceUpdateDate><ItemCode>7290000122649</ItemCode><ItemType>1</ItemType><ItemName>פתית בצל 250 גרם</ItemName><ManufacturerName>פתית</ManufacturerName><ManufactureCountry>ישראל</ManufactureCountry><ManufacturerItemDescription>פתית בצל 250 גרם</ManufacturerItemDescription><SoldByWeight/><Quantity>250.00</Quantity><UnitOfMeasure>גרם     </UnitOfMeasure><QtyInPackage>לא ידוע</QtyInPackage><UnitOfMeasurePrice>0.0708</UnitOfMeasurePrice><AllowDiscount>1</AllowDiscount><ItemStatus>1</ItemStatus><ItemPrice>17.70</ItemPrice></item><item><PriceUpdateDate>2015-10-21 13:53:00</PriceUpdateDate><ItemCode>7290000122687</ItemCode><ItemType>1</ItemType><ItemName>סירופ אפיכל שוקולד 6</ItemName><ManufacturerName>אפיכל</ManufacturerName><ManufactureCountry>ישראל</ManufactureCountry><ManufacturerItemDescription>סירופ אפיכל שוקולד 6</ManufacturerItemDescription><SoldByWeight/><Quantity>600.00</Quantity><UnitOfMeasure>מ"ל</UnitOfMeasure><QtyInPackage>לא ידוע</QtyInPackage><UnitOfMeasurePrice>0.0320</UnitOfMeasurePrice><AllowDiscount>1</AllowDiscount><ItemStatus>1</ItemStatus><ItemPrice>19.20</ItemPrice></item><item><PriceUpdateDate>2015-10-21 13:53:00</PriceUpdateDate><ItemCode>7290000122700</ItemCode><ItemType>1</ItemType><ItemName>סירופ אפיכל מייפל 60</ItemName><ManufacturerName>אפיכל</ManufacturerName><ManufactureCountry>ישראל</ManufactureCountry><ManufacturerItemDescription>סירופ אפיכל מייפל 60</ManufacturerItemDescription><SoldByWeight/><Quantity>600.00</Quantity><UnitOfMeasure>מ"ל</UnitOfMeasure><QtyInPackage>לא ידוע</QtyInPackage><UnitOfMeasurePrice>0.0320</UnitOfMeasurePrice><AllowDiscount>1</AllowDiscount><ItemStatus>1</ItemStatus><ItemPrice>19.20</ItemPrice></item><item><PriceUpdateDate>2016-05-30 22:03:22</PriceUpdateDate><ItemCode>7290000122830</ItemCode><ItemType>1</ItemType><ItemName>מב רוטב קנור מקסיקני</ItemName><ManufacturerName>קנור</ManufacturerName><ManufactureCountry>ישראל</ManufactureCountry><ManufacturerItemDescription>מב רוטב קנור מקסיקני</ManufacturerItemDescription><SoldByWeight/><Quantity>300.00</Quantity><UnitOfMeasure>גרם     </UnitOfMeasure><QtyInPackage>לא ידוע</QtyInPackage><UnitOfMeasurePrice>0.0333</UnitOfMeasurePrice><AllowDiscount>1</AllowDiscount><ItemStatus>1</ItemStatus><ItemPrice>10.00</ItemPrice></item><item><PriceUpdateDate>2015-10-20 16:45:17</PriceUpdateDate><ItemCode>7290000123158</ItemCode><ItemType>1</ItemType><ItemName>מרגרינה מזולה 250גרם</ItemName><ManufacturerName>מזולה</ManufacturerName><ManufactureCountry>ישראל</ManufactureCountry><ManufacturerItemDescription>מרגרינה מזולה 250גרם</ManufacturerItemDescription><SoldByWeight/><Quantity>250.00</Quantity><UnitOfMeasure>גרם     </UnitOfMeasure><QtyInPackage>לא ידוע</QtyInPackage><UnitOfMeasurePrice>0.0448</UnitOfMeasurePrice><AllowDiscount>1</AllowDiscount><ItemStatus>1</ItemStatus><ItemPrice>11.20</ItemPrice></item><item><PriceUpdateDate>2015-10-20 16:45:17</PriceUpdateDate><ItemCode>7290000123172</ItemCode><ItemType>1</ItemType><ItemName>מרגרינה מזולה 250 גר</ItemName><ManufacturerName>מזולה</ManufacturerName><ManufactureCountry>ישראל</ManufactureCountry><ManufacturerItemDescription>מרגרינה מזולה 250 גר</ManufacturerItemDescription><SoldByWeight/><Quantity>250.00</Quantity><UnitOfMeasure>גרם     </UnitOfMeasure><QtyInPackage>לא ידוע</QtyInPackage><UnitOfMeasurePrice>0.0412</UnitOfMeasurePrice><AllowDiscount>1</AllowDiscount><ItemStatus>1</ItemStatus><ItemPrice>10.30</ItemPrice></item><item><PriceUpdateDate>2015-11-12 14:23:34</PriceUpdateDate><ItemCode>7290000123257</ItemCode><ItemType>1</ItemType><ItemName>מרגרינה מזולה עם שמן</ItemName><ManufacturerName>מזולה</ManufacturerName><ManufactureCountry>ישראל</ManufactureCountry><ManufacturerItemDescription>מרגרינה מזולה עם שמן</ManufacturerItemDescription><SoldByWeight/><Quantity>250.00</Quantity><UnitOfMeasure>מ"ל</UnitOfMeasure><QtyInPackage>לא ידוע</QtyInPackage><UnitOfMeasurePrice>0.0448</UnitOfMeasurePrice><AllowDiscount>1</AllowDiscount><ItemStatus>1</ItemStatus><ItemPrice>11.20</ItemPrice></item><item><PriceUpdateDate>2014-11-03 06:37:06</PriceUpdateDate><ItemCode>7290000123363</ItemCode><ItemType>1</ItemType><ItemName>אפיכל צמקאו 500 גרם</ItemName><ManufacturerName>אפיכל</ManufacturerName><ManufactureCountry>ישראל</ManufactureCountry><ManufacturerItemDescription>אפיכל צמקאו 500 גרם</ManufacturerItemDescription><SoldByWeight/><Quantity>500.00</Quantity><UnitOfMeasure>גרם     </UnitOfMeasure><QtyInPackage>לא ידוע</QtyInPackage><UnitOfMeasurePrice>0.0354</UnitOfMeasurePrice><AllowDiscount>1</AllowDiscount><ItemStatus>1</ItemStatus><ItemPrice>17.70</ItemPrice></item><item><PriceUpdateDate>2016-01-05 08:48:57</PriceUpdateDate><ItemCode>7290000124841</ItemCode><ItemType>1</ItemType><ItemName>מאגדת שלישיה חלב ורד</ItemName><ManufacturerName>ורד הגליל</ManufacturerName><ManufactureCountry>ישראל</ManufactureCountry><ManufacturerItemDescription>מאגדת שלישיה חלב ורד</ManufacturerItemDescription><SoldByWeight/><Quantity>300.00</Quantity><UnitOfMeasure>גרם     </UnitOfMeasure><QtyInPackage>לא ידוע</QtyInPackage><UnitOfMeasurePrice>0.0577</UnitOfMeasurePrice><AllowDiscount>1</AllowDiscount><ItemStatus>1</ItemStatus><ItemPrice>17.30</ItemPrice></item><item><PriceUpdateDate>2015-11-12 15:05:00</PriceUpdateDate><ItemCode>7290000125251</ItemCode><ItemType>1</ItemType><ItemName>שמפו כביסה בדיו 2 לי</ItemName><ManufacturerName>קלין-סיף</ManufacturerName><ManufactureCountry>ישראל</ManufactureCountry><ManufacturerItemDescription>שמפו כביסה בדיו 2 לי</ManufacturerItemDescription><SoldByWeight/><Quantity>2000.00</Quantity><UnitOfMeasure>מ"ל</UnitOfMeasure><QtyInPackage>לא ידוע</QtyInPackage><UnitOfMeasurePrice>0.0140</UnitOfMeasurePrice><AllowDiscount>1</AllowDiscount><ItemStatus>1</ItemStatus><ItemPrice>28.00</ItemPrice></item><item><PriceUpdateDate>2016-06-06 11:50:47</PriceUpdateDate><ItemCode>7290000127170</ItemCode><ItemType>1</ItemType><ItemName>מב קונפיטור 778 דובד</ItemName><ManufacturerName>778</ManufacturerName><ManufactureCountry>ישראל</ManufactureCountry><ManufacturerItemDescription>מב קונפיטור 778 דובד</ManufacturerItemDescription><SoldByWeight/><Quantity>330.00</Quantity><UnitOfMeasure>גרם     </UnitOfMeasure><QtyInPackage>לא ידוע</QtyInPackage><UnitOfMeasurePrice>0.0361</UnitOfMeasurePrice><AllowDiscount>1</AllowDiscount><ItemStatus>1</ItemStatus><ItemPrice>11.90</ItemPrice></item><item><PriceUpdateDate>2016-06-06 11:50:47</PriceUpdateDate><ItemCode>7290000127194</ItemCode><ItemType>1</ItemType><ItemName>מב קונפיטור 778 משמש</ItemName><ManufacturerName>778</ManufacturerName><ManufactureCountry>ישראל</ManufactureCountry><ManufacturerItemDescription>מב קונפיטור 778 משמש</ManufacturerItemDescription><SoldByWeight/><Quantity>330.00</Quantity><UnitOfMeasure>גרם     </UnitOfMeasure><QtyInPackage>לא ידוע</QtyInPackage><UnitOfMeasurePrice>0.0361</UnitOfMeasurePrice><AllowDiscount>1</AllowDiscount><ItemStatus>1</ItemStatus><ItemPrice>11.90</ItemPrice></item><item><PriceUpdateDate>2016-06-06 11:50:47</PriceUpdateDate><ItemCode>7290000127224</ItemCode><ItemType>1</ItemType><ItemName>מב קונפיטור 778 תות</ItemName><ManufacturerName>778</ManufacturerName><ManufactureCountry>ישראל</ManufactureCountry><ManufacturerItemDescription>מב קונפיטור 778 תות</ManufacturerItemDescription><SoldByWeight/><Quantity>330.00</Quantity><UnitOfMeasure>גרם     </UnitOfMeasure><QtyInPackage>לא ידוע</QtyInPackage><UnitOfMeasurePrice>0.0361</UnitOfMeasurePrice><AllowDiscount>1</AllowDiscount><ItemStatus>1</ItemStatus><ItemPrice>11.90</ItemPrice></item><item><PriceUpdateDate>2016-06-06 11:50:47</PriceUpdateDate><ItemCode>7290000127651</ItemCode><ItemType>1</ItemType><ItemName>מב קונפיטור 778 פובי</ItemName><ManufacturerName>778</ManufacturerName><ManufactureCountry>ישראל</ManufactureCountry><ManufacturerItemDescription>מב קונפיטור 778 פובי</ManufacturerItemDescription><SoldByWeight/><Quantity>340.00</Quantity><UnitOfMeasure>גרם     </UnitOfMeasure><QtyInPackage>לא ידוע</QtyInPackage><UnitOfMeasurePrice>0.0350</UnitOfMeasurePrice><AllowDiscount>1</AllowDiscount><ItemStatus>1</ItemStatus><ItemPrice>11.90</ItemPrice></item><item><PriceUpdateDate>2016-02-02 06:50:44</PriceUpdateDate><ItemCode>7290000129099</ItemCode><ItemType>1</ItemType><ItemName>תיבוליות עשבי תיבול</ItemName><ManufacturerName>קנור</ManufacturerName><ManufactureCountry>ישראל</ManufactureCountry><ManufacturerItemDescription>תיבוליות עשבי תיבול</ManufacturerItemDescription><SoldByWeight/><Quantity>72.00</Quantity><UnitOfMeasure>גרם     </UnitOfMeasure><QtyInPackage>לא ידוע</QtyInPackage><UnitOfMeasurePrice>0.1625</UnitOfMeasurePrice><AllowDiscount>1</AllowDiscount><ItemStatus>1</ItemStatus><ItemPrice>11.70</ItemPrice></item><item><PriceUpdateDate>2015-11-12 14:27:02</PriceUpdateDate><ItemCode>7290000129457</ItemCode><ItemType>1</ItemType><ItemName>רוטב פטריות 28 גרם</ItemName><ManufacturerName>קנור</ManufacturerName><ManufactureCountry>ישראל</ManufactureCountry><ManufacturerItemDescription>רוטב פטריות 28 גרם</ManufacturerItemDescription><SoldByWeight/><Quantity>28.00</Quantity><UnitOfMeasure>גרם     </UnitOfMeasure><QtyInPackage>לא ידוע</QtyInPackage><UnitOfMeasurePrice>0.1929</UnitOfMeasurePrice><AllowDiscount>1</AllowDiscount><ItemStatus>1</ItemStatus><ItemPrice>5.40</ItemPrice></item><item><PriceUpdateDate>2015-10-21 13:52:44</PriceUpdateDate><ItemCode>7290000129563</ItemCode><ItemType>1</ItemType><ItemName>קוקומן חום לבן 750 ג</ItemName><ManufacturerName>קוקומן</ManufacturerName><ManufactureCountry>ישראל</ManufactureCountry><ManufacturerItemDescription>קוקומן חום לבן 750 ג</ManufacturerItemDescription><SoldByWeight/><Quantity>750.00</Quantity><UnitOfMeasure>גרם     </UnitOfMeasure><QtyInPackage>לא ידוע</QtyInPackage><UnitOfMeasurePrice>0.0461</UnitOfMeasurePrice><AllowDiscount>1</AllowDiscount><ItemStatus>1</ItemStatus><ItemPrice>34.60</ItemPrice></item><item><PriceUpdateDate>2016-05-30 22:03:22</PriceUpdateDate><ItemCode>7290000129785</ItemCode><ItemType>1</ItemType><ItemName>מרכך כביסה בדין ירוק</ItemName><ManufacturerName>בדין</ManufacturerName><ManufactureCountry>ישראל</ManufactureCountry><ManufacturerItemDescription>מרכך כביסה בדין ירוק</ManufacturerItemDescription><SoldByWeight/><Quantity>4000.00</Quantity><UnitOfMeasure>מ"ל</UnitOfMeasure><QtyInPackage>לא ידוע</QtyInPackage><UnitOfMeasurePrice>0.0050</UnitOfMeasurePrice><AllowDiscount>1</AllowDiscount><ItemStatus>1</ItemStatus><ItemPrice>19.90</ItemPrice></item><item><PriceUpdateDate>2016-05-02 08:05:44</PriceUpdateDate><ItemCode>7290000133645</ItemCode><ItemType>1</ItemType><ItemName>מב משחת שינים אורביט</ItemName><ManufacturerName>אורביטול</ManufacturerName><ManufactureCountry>ישראל</ManufactureCountry><ManufacturerItemDescription>מב משחת שינים אורביט</ManufacturerItemDescription><SoldByWeight/><Quantity>435.00</Quantity><UnitOfMeasure>גרם     </UnitOfMeasure><QtyInPackage>לא ידוע</QtyInPackage><UnitOfMeasurePrice>0.0366</UnitOfMeasurePrice><AllowDiscount>1</AllowDiscount><ItemStatus>1</ItemStatus><ItemPrice>15.90</ItemPrice></item><item><PriceUpdateDate>2015-10-11 18:10:42</PriceUpdateDate><ItemCode>7290000134109</ItemCode><ItemType>1</ItemType><ItemName>כמון מזרחי מיכל 40 ג</ItemName><ManufacturerName>טעם וריח</ManufacturerName><ManufactureCountry>ישראל</ManufactureCountry><ManufacturerItemDescription>כמון מזרחי 40 גר מיכל קטן</ManufacturerItemDescription><SoldByWeight/><Quantity>14.00</Quantity><UnitOfMeasure>גרם     </UnitOfMeasure><QtyInPackage>לא ידוע</QtyInPackage><UnitOfMeasurePrice>0.5286</UnitOfMeasurePrice><AllowDiscount>1</AllowDiscount><ItemStatus>1</ItemStatus><ItemPrice>7.40</ItemPrice></item><item><PriceUpdateDate>2015-10-11 18:10:42</PriceUpdateDate><ItemCode>7290000134116</ItemCode><ItemType>1</ItemType><ItemName>פפריקה צנצנת 40 גרם</ItemName><ManufacturerName>תבליני טעם וריח</ManufacturerName><ManufactureCountry>ישראל</ManufactureCountry><ManufacturerItemDescription>פפריקה מתוקה 40 גר מיכל ק</ManufacturerItemDescription><SoldByWeight/><Quantity>14.00</Quantity><UnitOfMeasure>גרם     </UnitOfMeasure><QtyInPackage>לא ידוע</QtyInPackage><UnitOfMeasurePrice>0.5286</UnitOfMeasurePrice><AllowDiscount>1</AllowDiscount><ItemStatus>1</ItemStatus><ItemPrice>7.40</ItemPrice></item><item><PriceUpdateDate>2015-11-12 14:47:46</PriceUpdateDate><ItemCode>7290000134307</ItemCode><ItemType>1</ItemType><ItemName>קינמון 50 גרם</ItemName><ManufacturerName>טעם וריח</ManufacturerName><ManufactureCountry>ישראל</ManufactureCountry><ManufacturerItemDescription>קינמון טחון 50 גר שקית</ManufacturerItemDescription><SoldByWeight/><Quantity>50.00</Quantity><UnitOfMeasure>גרם     </UnitOfMeasure><QtyInPackage>לא ידוע</QtyInPackage><UnitOfMeasurePrice>0.0940</UnitOfMeasurePrice><AllowDiscount>1</AllowDiscount><ItemStatus>1</ItemStatus><ItemPrice>4.70</ItemPrice></item><item><PriceUpdateDate>2014-11-03 06:37:26</PriceUpdateDate><ItemCode>7290000134338</ItemCode><ItemType>1</ItemType><ItemName>אבקת שום 90 גרם</ItemName><ManufacturerName>תבליני טעם וריח</ManufacturerName><ManufactureCountry>ישראל</ManufactureCountry><ManufacturerItemDescription>אבקת שום 90 גרם</ManufacturerItemDescription><SoldByWeight/><Quantity>14.00</Quantity><UnitOfMeasure>גרם     </UnitOfMeasure><QtyInPackage>לא ידוע</QtyInPackage><UnitOfMeasurePrice>0.8214</UnitOfMeasurePrice><AllowDiscount>1</AllowDiscount><ItemStatus>1</ItemStatus><ItemPrice>11.50</ItemPrice></item><item><PriceUpdateDate>2015-10-21 13:53:10</PriceUpdateDate><ItemCode>7290000134352</ItemCode><ItemType>1</ItemType><ItemName>קינמון טחון 80 גרם</ItemName><ManufacturerName>טעם וריח</ManufacturerName><ManufactureCountry>ישראל</ManufactureCountry><ManufacturerItemDescription>קינמון טחון 80 גרם</ManufacturerItemDescription><SoldByWeight/><Quantity>14.00</Quantity><UnitOfMeasure>גרם     </UnitOfMeasure><QtyInPackage>לא ידוע</QtyInPackage><UnitOfMeasurePrice>0.8714</UnitOfMeasurePrice><AllowDiscount>1</AllowDiscount><ItemStatus>1</ItemStatus><ItemPrice>12.20</ItemPrice></item><item><PriceUpdateDate>2015-10-21 13:53:10</PriceUpdateDate><ItemCode>7290000134376</ItemCode><ItemType>1</ItemType><ItemName>פפריקה מתוקה בשמן</ItemName><ManufacturerName>תבליני טעם וריח</ManufacturerName><ManufactureCountry>ישראל</ManufactureCountry><ManufacturerItemDescription>פפריקה מתוקה בשמן</ManufacturerItemDescription><SoldByWeight/><Quantity>100.00</Quantity><UnitOfMeasure>גרם     </UnitOfMeasure><QtyInPackage>לא ידוע</QtyInPackage><UnitOfMeasurePrice>0.1220</UnitOfMeasurePrice><AllowDiscount>1</AllowDiscount><ItemStatus>1</ItemStatus><ItemPrice>12.20</ItemPrice></item><item><PriceUpdateDate>2014-11-03 06:37:26</PriceUpdateDate><ItemCode>7290000134550</ItemCode><ItemType>1</ItemType><ItemName>עלי דפנה 20 גרם</ItemName><ManufacturerName>תבליני טעם וריח</ManufacturerName><ManufactureCountry>ישראל</ManufactureCountry><ManufacturerItemDescription>עלי דפנה 20 גר  בשקית</ManufacturerItemDescription><SoldByWeight/><Quantity>14.00</Quantity><UnitOfMeasure>גרם     </UnitOfMeasure><QtyInPackage>לא ידוע</QtyInPackage><UnitOfMeasurePrice>0.3286</UnitOfMeasurePrice><AllowDiscount>1</AllowDiscount><ItemStatus>1</ItemStatus><ItemPrice>4.60</ItemPrice></item><item><PriceUpdateDate>2015-10-11 18:10:42</PriceUpdateDate><ItemCode>7290000134666</ItemCode><ItemType>1</ItemType><ItemName>רוזמרין 15 גרם</ItemName><ManufacturerName>תבליני טעם וריח</ManufacturerName><ManufactureCountry>ישראל</ManufactureCountry><ManufacturerItemDescription>רוזמרין 15 גר מיכל פלסטיק</ManufacturerItemDescription><SoldByWeight/><Quantity>14.00</Quantity><UnitOfMeasure>גרם     </UnitOfMeasure><QtyInPackage>לא ידוע</QtyInPackage><UnitOfMeasurePrice>0.5286</UnitOfMeasurePrice><AllowDiscount>1</AllowDiscount><ItemStatus>1</ItemStatus><ItemPrice>7.40</ItemPrice></item><item><PriceUpdateDate>2015-10-11 18:10:42</PriceUpdateDate><ItemCode>7290000134680</ItemCode><ItemType>1</ItemType><ItemName>קימל שלם 40 גרם</ItemName><ManufacturerName>לא ידוע</ManufacturerName><ManufactureCountry>ישראל</ManufactureCountry><ManufacturerItemDescription>קימל שלם 40 גרם</ManufacturerItemDescription><SoldByWeight/><Quantity>14.00</Quantity><UnitOfMeasure>גרם     </UnitOfMeasure><QtyInPackage>לא ידוע</QtyInPackage><UnitOfMeasurePrice>0.5286</UnitOfMeasurePrice><AllowDiscount>1</AllowDiscount><ItemStatus>1</ItemStatus><ItemPrice>7.40</ItemPrice></item><item><PriceUpdateDate>2014-11-03 06:37:26</PriceUpdateDate><ItemCode>7290000134741</ItemCode><ItemType>1</ItemType><ItemName>תערובת תיבול לפסטה 8</ItemName><ManufacturerName>תבליני טעם וריח</ManufacturerName><ManufactureCountry>ישראל</ManufactureCountry><ManufacturerItemDescription>תערובת תיבול לפסטה 8</ManufacturerItemDescription><SoldByWeight/><Quantity>14.00</Quantity><UnitOfMeasure>גרם     </UnitOfMeasure><QtyInPackage>לא ידוע</QtyInPackage><UnitOfMeasurePrice>0.7857</UnitOfMeasurePrice><AllowDiscount>1</AllowDiscount><ItemStatus>1</ItemStatus><ItemPrice>11.00</ItemPrice></item><item><PriceUpdateDate>2014-11-03 06:37:26</PriceUpdateDate><ItemCode>7290000134826</ItemCode><ItemType>1</ItemType><ItemName>זעתר מיכל טעם וריח 1</ItemName><ManufacturerName>תבליני טעם וריח</ManufacturerName><ManufactureCountry>ישראל</ManufactureCountry><ManufacturerItemDescription>תבלין זעתר 100 גר  מיכל</ManufacturerItemDescription><SoldByWeight/><Quantity>100.00</Quantity><UnitOfMeasure>גרם     </UnitOfMeasure><QtyInPackage>לא ידוע</QtyInPackage><UnitOfMeasurePrice>0.1200</UnitOfMeasurePrice><AllowDiscount>1</AllowDiscount><ItemStatus>1</ItemStatus><ItemPrice>12.00</ItemPrice></item><item><PriceUpdateDate>2015-11-12 14:47:46</PriceUpdateDate><ItemCode>7290000134833</ItemCode><ItemType>1</ItemType><ItemName>כמון 100 גרם</ItemName><ManufacturerName>תבליני טעם וריח</ManufacturerName><ManufactureCountry>ישראל</ManufactureCountry><ManufacturerItemDescription>כמון 100 גרם</ManufacturerItemDescription><SoldByWeight/><Quantity>100.00</Quantity><UnitOfMeasure>גרם     </UnitOfMeasure><QtyInPackage>לא ידוע</QtyInPackage><UnitOfMeasurePrice>0.1180</UnitOfMeasurePrice><AllowDiscount>1</AllowDiscount><ItemStatus>1</ItemStatus><ItemPrice>11.80</ItemPrice></item><item><PriceUpdateDate>2015-11-12 14:47:46</PriceUpdateDate><ItemCode>7290000134840</ItemCode><ItemType>1</ItemType><ItemName>כורכום 100 גרם</ItemName><ManufacturerName>תבליני טעם וריח</ManufacturerName><ManufactureCountry>ישראל</ManufactureCountry><ManufacturerItemDescription>כורכום 100 גרם</ManufacturerItemDescription><SoldByWeight/><Quantity>100.00</Quantity><UnitOfMeasure>גרם     </UnitOfMeasure><QtyInPackage>לא ידוע</QtyInPackage><UnitOfMeasurePrice>0.1230</UnitOfMeasurePrice><AllowDiscount>1</AllowDiscount><ItemStatus>1</ItemStatus><ItemPrice>12.30</ItemPrice></item><item><PriceUpdateDate>2015-10-21 13:53:10</PriceUpdateDate><ItemCode>7290000134857</ItemCode><ItemType>1</ItemType><ItemName>פפריקה מתוקה 100 גרם</ItemName><ManufacturerName>תבליני טעם וריח</ManufacturerName><ManufactureCountry>ישראל</ManufactureCountry><ManufacturerItemDescription>תבלין פפריקה מתוקה 100 גר</ManufacturerItemDescription><SoldByWeight/><Quantity>100.00</Quantity><UnitOfMeasure>גרם     </UnitOfMeasure><QtyInPackage>לא ידוע</QtyInPackage><UnitOfMeasurePrice>0.1220</UnitOfMeasurePrice><AllowDiscount>1</AllowDiscount><ItemStatus>1</ItemStatus><ItemPrice>12.20</ItemPrice></item><item><PriceUpdateDate>2015-10-21 13:53:10</PriceUpdateDate><ItemCode>7290000134864</ItemCode><ItemType>1</ItemType><ItemName>פפריקה חריפה 100 גרם</ItemName><ManufacturerName>טעם וריח</ManufacturerName><ManufactureCountry>ישראל</ManufactureCountry><ManufacturerItemDescription>פפריקה חריפה 100 גרם</ManufacturerItemDescription><SoldByWeight/><Quantity>100.00</Quantity><UnitOfMeasure>גרם     </UnitOfMeasure><QtyInPackage>לא ידוע</QtyInPackage><UnitOfMeasurePrice>0.1220</UnitOfMeasurePrice><AllowDiscount>1</AllowDiscount><ItemStatus>1</ItemStatus><ItemPrice>12.20</ItemPrice></item><item><PriceUpdateDate>2015-11-12 14:47:46</PriceUpdateDate><ItemCode>7290000134987</ItemCode><ItemType>1</ItemType><ItemName>פלפל שחור גרוס 90 גר</ItemName><ManufacturerName>טעם וריח</ManufacturerName><ManufactureCountry>ישראל</ManufactureCountry><ManufacturerItemDescription>פלפל שחור גרוס 90 גר</ManufacturerItemDescription><SoldByWeight/><Quantity>14.00</Quantity><UnitOfMeasure>גרם     </UnitOfMeasure><QtyInPackage>לא ידוע</QtyInPackage><UnitOfMeasurePrice>1.2929</UnitOfMeasurePrice><AllowDiscount>1</AllowDiscount><ItemStatus>1</ItemStatus><ItemPrice>18.10</ItemPrice></item><item><PriceUpdateDate>2015-10-11 18:10:42</PriceUpdateDate><ItemCode>7290000134994</ItemCode><ItemType>1</ItemType><ItemName>טימין 20 גרם</ItemName><ManufacturerName>טעם וריח</ManufacturerName><ManufactureCountry>ישראל</ManufactureCountry><ManufacturerItemDescription>טימין 20 גר  מיכל פלסטיק</ManufacturerItemDescription><SoldByWeight/><Quantity>14.00</Quantity><UnitOfMeasure>גרם     </UnitOfMeasure><QtyInPackage>לא ידוע</QtyInPackage><UnitOfMeasurePrice>0.5286</UnitOfMeasurePrice><AllowDiscount>1</AllowDiscount><ItemStatus>1</ItemStatus><ItemPrice>7.40</ItemPrice></item><item><PriceUpdateDate>2016-03-01 06:49:00</PriceUpdateDate><ItemCode>7290000136721</ItemCode><ItemType>1</ItemType><ItemName>משקה ג'אמפ תפוזים 1.</ItemName><ManufacturerName>גאמפ</ManufacturerName><ManufactureCountry>ישראל</ManufactureCountry><ManufacturerItemDescription>משקל גאמפ תפוזים 1.5 ל</ManufacturerItemDescription><SoldByWeight/><Quantity>1500.00</Quantity><UnitOfMeasure>מ"ל</UnitOfMeasure><QtyInPackage>לא ידוע</QtyInPackage><UnitOfMeasurePrice>0.0046</UnitOfMeasurePrice><AllowDiscount>1</AllowDiscount><ItemStatus>1</ItemStatus><ItemPrice>6.90</ItemPrice></item><item><PriceUpdateDate>2016-03-01 06:49:00</PriceUpdateDate><ItemCode>7290000136745</ItemCode><ItemType>1</ItemType><ItemName>משקה ג'אמפ תות בננה</ItemName><ManufacturerName>גאמפ</ManufacturerName><ManufactureCountry>ישראל</ManufactureCountry><ManufacturerItemDescription>משקה ג'אמפ תות בננה</ManufacturerItemDescription><SoldByWeight/><Quantity>1500.00</Quantity><UnitOfMeasure>מ"ל</UnitOfMeasure><QtyInPackage>לא ידוע</QtyInPackage><UnitOfMeasurePrice>0.0046</UnitOfMeasurePrice><AllowDiscount>1</AllowDiscount><ItemStatus>1</ItemStatus><ItemPrice>6.90</ItemPrice></item><item><PriceUpdateDate>2016-05-30 22:03:22</PriceUpdateDate><ItemCode>7290000137513</ItemCode><ItemType>1</ItemType><ItemName>גלידונית וניל בציפוי</ItemName><ManufacturerName>קרמיסימו</ManufacturerName><ManufactureCountry>ישראל</ManufactureCountry><ManufacturerItemDescription>גלידונית</ManufacturerItemDescription><SoldByWeight/><Quantity>630.00</Quantity><UnitOfMeasure>גרם     </UnitOfMeasure><QtyInPackage>לא ידוע</QtyInPackage><UnitOfMeasurePrice>0.0681</UnitOfMeasurePrice><AllowDiscount>1</AllowDiscount><ItemStatus>1</ItemStatus><ItemPrice>42.90</ItemPrice></item><item><PriceUpdateDate>2016-03-29 06:17:10</PriceUpdateDate><ItemCode>7290000137643</ItemCode><ItemType>1</ItemType><ItemName>טעמקור משפחתי  8 י"ח</ItemName><ManufacturerName>טעמקור</ManufacturerName><ManufactureCountry>ישראל</ManufactureCountry><ManufacturerItemDescription>טעמקור משפחתי</ManufacturerItemDescription><SoldByWeight/><Quantity>400.00</Quantity><UnitOfMeasure>גרם     </UnitOfMeasure><QtyInPackage>לא ידוע</QtyInPackage><UnitOfMeasurePrice>0.1125</UnitOfMeasurePrice><AllowDiscount>1</AllowDiscount><ItemStatus>1</ItemStatus><ItemPrice>45.00</ItemPrice></item><item><PriceUpdateDate>2016-03-16 15:40:38</PriceUpdateDate><ItemCode>7290000143187</ItemCode><ItemType>1</ItemType><ItemName>שמפו הוואי לגבר 700</ItemName><ManufacturerName>הוואי</ManufacturerName><ManufactureCountry>ישראל</ManufactureCountry><ManufacturerItemDescription>הוואי שמפו לגבר 700 מל</ManufacturerItemDescription><SoldByWeight/><Quantity>700.00</Quantity><UnitOfMeasure>מ"ל</UnitOfMeasure><QtyInPackage>לא ידוע</QtyInPackage><UnitOfMeasurePrice>0.0141</UnitOfMeasurePrice><AllowDiscount>0</AllowDiscount><ItemStatus>1</ItemStatus><ItemPrice>9.90</ItemPrice></item><item><PriceUpdateDate>2016-03-16 15:40:38</PriceUpdateDate><ItemCode>7290000143194</ItemCode><ItemType>1</ItemType><ItemName>שמפו הוואי לשיער רגי</ItemName><ManufacturerName>הוואי</ManufacturerName><ManufactureCountry>ישראל</ManufactureCountry><ManufacturerItemDescription>שמפו הוואי לשיער רגי</ManufacturerItemDescription><SoldByWeight/><Quantity>700.00</Quantity><UnitOfMeasure>מ"ל</UnitOfMeasure><QtyInPackage>לא ידוע</QtyInPackage><UnitOfMeasurePrice>0.0141</UnitOfMeasurePrice><AllowDiscount>0</AllowDiscount><ItemStatus>1</ItemStatus><ItemPrice>9.90</ItemPrice></item><item><PriceUpdateDate>2016-03-16 15:40:38</PriceUpdateDate><ItemCode>7290000143217</ItemCode><ItemType>1</ItemType><ItemName>שמפו הוואי לשיער יבש</ItemName><ManufacturerName>הוואי</ManufacturerName><ManufactureCountry>ישראל</ManufactureCountry><ManufacturerItemDescription>הוואי שמפו לשיער יבש 700</ManufacturerItemDescription><SoldByWeight/><Quantity>700.00</Quantity><UnitOfMeasure>מ"ל</UnitOfMeasure><QtyInPackage>לא ידוע</QtyInPackage><UnitOfMeasurePrice>0.0141</UnitOfMeasurePrice><AllowDiscount>0</AllowDiscount><ItemStatus>1</ItemStatus><ItemPrice>9.90</ItemPrice></item><item><PriceUpdateDate>2016-03-16 15:40:38</PriceUpdateDate><ItemCode>7290000143255</ItemCode><ItemType>1</ItemType><ItemName>שמפו הוואי לשיער רגי</ItemName><ManufacturerName>הוואי</ManufacturerName><ManufactureCountry>ישראל</ManufactureCountry><ManufacturerItemDescription>הוואי שמפו לשיער רגיל 700</ManufacturerItemDescription><SoldByWeight/><Quantity>700.00</Quantity><UnitOfMeasure>מ"ל</UnitOfMeasure><QtyInPackage>לא ידוע</QtyInPackage><UnitOfMeasurePrice>0.0141</UnitOfMeasurePrice><AllowDiscount>0</AllowDiscount><ItemStatus>1</ItemStatus><ItemPrice>9.90</ItemPrice></item><item><PriceUpdateDate>2016-03-16 15:40:38</PriceUpdateDate><ItemCode>7290000143279</ItemCode><ItemType>1</ItemType><ItemName>שמפו הוואי למניעת קש</ItemName><ManufacturerName>הוואי</ManufacturerName><ManufactureCountry>ישראל</ManufactureCountry><ManufacturerItemDescription>הוואי שמפו למניעת קשקשים7</ManufacturerItemDescription><SoldByWeight/><Quantity>700.00</Quantity><UnitOfMeasure>מ"ל</UnitOfMeasure><QtyInPackage>לא ידוע</QtyInPackage><UnitOfMeasurePrice>0.0141</UnitOfMeasurePrice><AllowDiscount>0</AllowDiscount><ItemStatus>1</ItemStatus><ItemPrice>9.90</ItemPrice></item><item><PriceUpdateDate>2016-03-16 15:40:38</PriceUpdateDate><ItemCode>7290000143286</ItemCode><ItemType>1</ItemType><ItemName>מרכך הוואי לשיער רגי</ItemName><ManufacturerName>הוואי</ManufacturerName><ManufactureCountry>ישראל</ManufactureCountry><ManufacturerItemDescription>הוואי מרכך לשיער רגיל 700</ManufacturerItemDescription><SoldByWeight/><Quantity>700.00</Quantity><UnitOfMeasure>מ"ל</UnitOfMeasure><QtyInPackage>לא ידוע</QtyInPackage><UnitOfMeasurePrice>0.0141</UnitOfMeasurePrice><AllowDiscount>0</AllowDiscount><ItemStatus>1</ItemStatus><ItemPrice>9.90</ItemPrice></item><item><PriceUpdateDate>2016-03-16 15:40:38</PriceUpdateDate><ItemCode>7290000143293</ItemCode><ItemType>1</ItemType><ItemName>מרכך הוואי לילדים 70</ItemName><ManufacturerName>הוואי</ManufacturerName><ManufactureCountry>ישראל</ManufactureCountry><ManufacturerItemDescription>מרכך הוואי לילדים 70</ManufacturerItemDescription><SoldByWeight/><Quantity>700.00</Quantity><UnitOfMeasure>מ"ל</UnitOfMeasure><QtyInPackage>לא ידוע</QtyInPackage><UnitOfMeasurePrice>0.0141</UnitOfMeasurePrice><AllowDiscount>0</AllowDiscount><ItemStatus>1</ItemStatus><ItemPrice>9.90</ItemPrice></item><item><PriceUpdateDate>2016-06-07 12:25:38</PriceUpdateDate><ItemCode>7290000144160</ItemCode><ItemType>1</ItemType><ItemName>שמן זית כתית מעולה א</ItemName><ManufacturerName>עץ הזית</ManufacturerName><ManufactureCountry>ישראל</ManufactureCountry><ManufacturerItemDescription>שמן זית כתית מעולה א</ManufacturerItemDescription><SoldByWeight/><Quantity>750.00</Quantity><UnitOfMeasure>מ"ל</UnitOfMeasure><QtyInPackage>לא ידוע</QtyInPackage><UnitOfMeasurePrice>0.0532</UnitOfMeasurePrice><AllowDiscount>1</AllowDiscount><ItemStatus>1</ItemStatus><ItemPrice>39.90</ItemPrice></item><item><PriceUpdateDate>2016-05-30 22:03:23</PriceUpdateDate><ItemCode>7290000144467</ItemCode><ItemType>1</ItemType><ItemName>שמן בריאות חמניות 1</ItemName><ManufacturerName>עץ הזית</ManufacturerName><ManufactureCountry>ישראל</ManufactureCountry><ManufacturerItemDescription>שמן חמניות בריאות 1 ליטר</ManufacturerItemDescription><SoldByWeight/><Quantity>1000.00</Quantity><UnitOfMeasure>מ"ל</UnitOfMeasure><QtyInPackage>לא ידוע</QtyInPackage><UnitOfMeasurePrice>0.0149</UnitOfMeasurePrice><AllowDiscount>1</AllowDiscount><ItemStatus>1</ItemStatus><ItemPrice>14.90</ItemPrice></item><item><PriceUpdateDate>2016-02-02 06:50:45</PriceUpdateDate><ItemCode>7290000144474</ItemCode><ItemType>1</ItemType><ItemName>שמן בריאות קנולה 1 ל</ItemName><ManufacturerName>עץ הזית</ManufacturerName><ManufactureCountry>ישראל</ManufactureCountry><ManufacturerItemDescription>שמן קנולה בריאות 1 ליטר</ManufacturerItemDescription><SoldByWeight/><Quantity>1000.00</Quantity><UnitOfMeasure>מ"ל</UnitOfMeasure><QtyInPackage>לא ידוע</QtyInPackage><UnitOfMeasurePrice>0.0159</UnitOfMeasurePrice><AllowDiscount>1</AllowDiscount><ItemStatus>1</ItemStatus><ItemPrice>15.90</ItemPrice></item><item><PriceUpdateDate>2016-05-30 22:03:23</PriceUpdateDate><ItemCode>7290000144825</ItemCode><ItemType>1</ItemType><ItemName>שמן קנולה פלוס אומגה</ItemName><ManufacturerName>עץ הזית</ManufacturerName><ManufactureCountry>ישראל</ManufactureCountry><ManufacturerItemDescription>שמן קנולה פלוס אומגה</ManufacturerItemDescription><SoldByWeight/><Quantity>1000.00</Quantity><UnitOfMeasure>מ"ל</UnitOfMeasure><QtyInPackage>לא ידוע</QtyInPackage><UnitOfMeasurePrice>0.0196</UnitOfMeasurePrice><AllowDiscount>1</AllowDiscount><ItemStatus>1</ItemStatus><ItemPrice>19.60</ItemPrice></item><item><PriceUpdateDate>2015-11-12 13:49:32</PriceUpdateDate><ItemCode>7290000145020</ItemCode><ItemType>1</ItemType><ItemName>אבקת כביסה פרסיל 4 ק</ItemName><ManufacturerName>פרסיל</ManufacturerName><ManufactureCountry>ישראל</ManufactureCountry><ManufacturerItemDescription>אבקת כביסה פרסיל 4 ק</ManufacturerItemDescription><SoldByWeight/><Quantity>4000.00</Quantity><UnitOfMeasure>גרם     </UnitOfMeasure><QtyInPackage>לא ידוע</QtyInPackage><UnitOfMeasurePrice>0.0123</UnitOfMeasurePrice><AllowDiscount>1</AllowDiscount><ItemStatus>1</ItemStatus><ItemPrice>49.40</ItemPrice></item><item><PriceUpdateDate>2015-10-20 17:06:00</PriceUpdateDate><ItemCode>7290000146645</ItemCode><ItemType>1</ItemType><ItemName>סבון מוצק הוואי שחור</ItemName><ManufacturerName>הוואי</ManufacturerName><ManufactureCountry>ישראל</ManufactureCountry><ManufacturerItemDescription>סבון הוואי מוצק שחור100</ManufacturerItemDescription><SoldByWeight/><Quantity>400.00</Quantity><UnitOfMeasure>גרם     </UnitOfMeasure><QtyInPackage>לא ידוע</QtyInPackage><UnitOfMeasurePrice>0.0380</UnitOfMeasurePrice><AllowDiscount>1</AllowDiscount><ItemStatus>1</ItemStatus><ItemPrice>15.20</ItemPrice></item><item><PriceUpdateDate>2015-10-20 17:06:01</PriceUpdateDate><ItemCode>7290000146652</ItemCode><ItemType>1</ItemType><ItemName>סבון מוצק הוואי ורוד</ItemName><ManufacturerName>הוואי</ManufacturerName><ManufactureCountry>ישראל</ManufactureCountry><ManufacturerItemDescription>סבון הוואי מוצק ורוד</ManufacturerItemDescription><SoldByWeight/><Quantity>400.00</Quantity><UnitOfMeasure>גרם     </UnitOfMeasure><QtyInPackage>לא ידוע</QtyInPackage><UnitOfMeasurePrice>0.0380</UnitOfMeasurePrice><AllowDiscount>1</AllowDiscount><ItemStatus>1</ItemStatus><ItemPrice>15.20</ItemPrice></item><item><PriceUpdateDate>2015-10-20 17:06:01</PriceUpdateDate><ItemCode>7290000146676</ItemCode><ItemType>1</ItemType><ItemName>סבון מוצק הוואי לגבר</ItemName><ManufacturerName>הוואי</ManufacturerName><ManufactureCountry>ישראל</ManufactureCountry><ManufacturerItemDescription>סבון מוצק הוואי לגבר</ManufacturerItemDescription><SoldByWeight/><Quantity>400.00</Quantity><UnitOfMeasure>גרם     </UnitOfMeasure><QtyInPackage>לא ידוע</QtyInPackage><UnitOfMeasurePrice>0.0380</UnitOfMeasurePrice><AllowDiscount>1</AllowDiscount><ItemStatus>1</ItemStatus><ItemPrice>15.20</ItemPrice></item><item><PriceUpdateDate>2016-05-30 22:03:23</PriceUpdateDate><ItemCode>7290000146928</ItemCode><ItemType>1</ItemType><ItemName>מב משחת שינים טום וג</ItemName><ManufacturerName>טום אנד גרי</ManufacturerName><ManufactureCountry>ישראל</ManufactureCountry><ManufacturerItemDescription>מב משחת שינים טום וג</ManufacturerItemDescription><SoldByWeight/><Quantity>1.00</Quantity><UnitOfMeasure>יח'</UnitOfMeasure><QtyInPackage>לא ידוע</QtyInPackage><UnitOfMeasurePrice>5.9000</UnitOfMeasurePrice><AllowDiscount>1</AllowDiscount><ItemStatus>1</ItemStatus><ItemPrice>5.90</ItemPrice></item><item><PriceUpdateDate>2016-05-30 22:03:23</PriceUpdateDate><ItemCode>7290000146997</ItemCode><ItemType>1</ItemType><ItemName>מב משחת שיניים טום ו</ItemName><ManufacturerName>טום אנד גרי</ManufacturerName><ManufactureCountry>ישראל</ManufactureCountry><ManufacturerItemDescription>מב משחת שיניים טום ו</ManufacturerItemDescription><SoldByWeight/><Quantity>1.00</Quantity><UnitOfMeasure>יח'</UnitOfMeasure><QtyInPackage>לא ידוע</QtyInPackage><UnitOfMeasurePrice>5.9000</UnitOfMeasurePrice><AllowDiscount>1</AllowDiscount><ItemStatus>1</ItemStatus><ItemPrice>5.90</ItemPrice></item><item><PriceUpdateDate>2016-04-01 11:49:36</PriceUpdateDate><ItemCode>7290000148298</ItemCode><ItemType>1</ItemType><ItemName>מב מיץ פריגת סחוט תפ</ItemName><ManufacturerName>פריגת</ManufacturerName><ManufactureCountry>ישראל</ManufactureCountry><ManufacturerItemDescription>מיץ סחוט תפוזים2 ל</ManufacturerItemDescription><SoldByWeight/><Quantity>2000.00</Quantity><UnitOfMeasure>מ"ל</UnitOfMeasure><QtyInPackage>לא ידוע</QtyInPackage><UnitOfMeasurePrice>0.0109</UnitOfMeasurePrice><AllowDiscount>1</AllowDiscount><ItemStatus>1</ItemStatus><ItemPrice>21.90</ItemPrice></item><item><PriceUpdateDate>2015-10-21 13:55:22</PriceUpdateDate><ItemCode>7290000148380</ItemCode><ItemType>1</ItemType><ItemName>גת פיסטוק קלוי 200 ג</ItemName><ManufacturerName>ליימן חטיבת המותגים</ManufacturerName><ManufactureCountry>ישראל</ManufactureCountry><ManufacturerItemDescription>פיסטוק קלוי 200 גרם</ManufacturerItemDescription><SoldByWeight/><Quantity>200.00</Quantity><UnitOfMeasure>גרם     </UnitOfMeasure><QtyInPackage>לא ידוע</QtyInPackage><UnitOfMeasurePrice>0.1275</UnitOfMeasurePrice><AllowDiscount>1</AllowDiscount><ItemStatus>1</ItemStatus><ItemPrice>25.50</ItemPrice></item><item><PriceUpdateDate>2015-11-12 16:43:46</PriceUpdateDate><ItemCode>7290000148489</ItemCode><ItemType>1</ItemType><ItemName>גרעיני דלעת קליית גת</ItemName><ManufacturerName>ליימן חטיבת המותגים</ManufacturerName><ManufactureCountry>ישראל</ManufactureCountry><ManufacturerItemDescription>גרעיני דלעת 200 גרם</ManufacturerItemDescription><SoldByWeight/><Quantity>200.00</Quantity><UnitOfMeasure>גרם     </UnitOfMeasure><QtyInPackage>לא ידוע</QtyInPackage><UnitOfMeasurePrice>0.0570</UnitOfMeasurePrice><AllowDiscount>1</AllowDiscount><ItemStatus>1</ItemStatus><ItemPrice>11.40</ItemPrice></item><item><PriceUpdateDate>2016-05-30 22:03:23</PriceUpdateDate><ItemCode>7290000148618</ItemCode><ItemType>1</ItemType><ItemName>קשיו 200 גרם קליית ג</ItemName><ManufacturerName>ליימן חטיבת המותגים</ManufacturerName><ManufactureCountry>ישראל</ManufactureCountry><ManufacturerItemDescription>אגוז קשיו מטוגן 200 גרם</ManufacturerItemDescription><SoldByWeight/><Quantity>200.00</Quantity><UnitOfMeasure>גרם     </UnitOfMeasure><QtyInPackage>לא ידוע</QtyInPackage><UnitOfMeasurePrice>0.1185</UnitOfMeasurePrice><AllowDiscount>1</AllowDiscount><ItemStatus>1</ItemStatus><ItemPrice>23.70</ItemPrice></item><item><PriceUpdateDate>2015-10-21 13:55:22</PriceUpdateDate><ItemCode>7290000148748</ItemCode><ItemType>1</ItemType><ItemName>גת גרעיני חמניה 200</ItemName><ManufacturerName>ליימן חטיבת המותגים</ManufacturerName><ManufactureCountry>ישראל</ManufactureCountry><ManufacturerItemDescription>גרעיני חמניה 200 גרם</ManufacturerItemDescription><SoldByWeight/><Quantity>200.00</Quantity><UnitOfMeasure>גרם     </UnitOfMeasure><QtyInPackage>לא ידוע</QtyInPackage><UnitOfMeasurePrice>0.0405</UnitOfMeasurePrice><AllowDiscount>0</AllowDiscount><ItemStatus>1</ItemStatus><ItemPrice>8.10</ItemPrice></item><item><PriceUpdateDate>2016-05-30 22:03:23</PriceUpdateDate><ItemCode>7290000148939</ItemCode><ItemType>1</ItemType><ItemName>מב גת שקד קלוי שקית</ItemName><ManufacturerName>ליימן חטיבת המותגים</ManufacturerName><ManufactureCountry>ישראל</ManufactureCountry><ManufacturerItemDescription>שקדים קלויים 200 גרם</ManufacturerItemDescription><SoldByWeight/><Quantity>200.00</Quantity><UnitOfMeasure>גרם     </UnitOfMeasure><QtyInPackage>לא ידוע</QtyInPackage><UnitOfMeasurePrice>0.0845</UnitOfMeasurePrice><AllowDiscount>1</AllowDiscount><ItemStatus>1</ItemStatus><ItemPrice>16.90</ItemPrice></item><item><PriceUpdateDate>2016-02-02 06:50:45</PriceUpdateDate><ItemCode>7290000149615</ItemCode><ItemType>1</ItemType><ItemName>מב סבון מוצק נקה-7 ר</ItemName><ManufacturerName>נקה 7</ManufacturerName><ManufactureCountry>ישראל</ManufactureCountry><ManufacturerItemDescription>מב סבון מוצק נקה-7 ר</ManufacturerItemDescription><SoldByWeight/><Quantity>400.00</Quantity><UnitOfMeasure>גרם     </UnitOfMeasure><QtyInPackage>לא ידוע</QtyInPackage><UnitOfMeasurePrice>0.0298</UnitOfMeasurePrice><AllowDiscount>1</AllowDiscount><ItemStatus>1</ItemStatus><ItemPrice>11.90</ItemPrice></item><item><PriceUpdateDate>2015-11-12 14:56:52</PriceUpdateDate><ItemCode>7290000149905</ItemCode><ItemType>1</ItemType><ItemName>שמפו כביסה טקסטיל נו</ItemName><ManufacturerName>טקסטיל שמפו</ManufacturerName><ManufactureCountry>ישראל</ManufactureCountry><ManufacturerItemDescription>טקסטיל שמפו נוזלי1 ל</ManufacturerItemDescription><SoldByWeight/><Quantity>1000.00</Quantity><UnitOfMeasure>מ"ל</UnitOfMeasure><QtyInPackage>לא ידוע</QtyInPackage><UnitOfMeasurePrice>0.0187</UnitOfMeasurePrice><AllowDiscount>1</AllowDiscount><ItemStatus>1</ItemStatus><ItemPrice>18.70</ItemPrice></item><item><PriceUpdateDate>2016-05-02 08:05:44</PriceUpdateDate><ItemCode>7290000151281</ItemCode><ItemType>1</ItemType><ItemName>מב עוף טוב חזה הודו</ItemName><ManufacturerName>עוף טוב</ManufacturerName><ManufactureCountry>ישראל</ManufactureCountry><ManufacturerItemDescription>פסטרמה ברביקיו דל 300 גר</ManufacturerItemDescription><SoldByWeight/><Quantity>300.00</Quantity><UnitOfMeasure>גרם     </UnitOfMeasure><QtyInPackage>לא ידוע</QtyInPackage><UnitOfMeasurePrice>0.0663</UnitOfMeasurePrice><AllowDiscount>1</AllowDiscount><ItemStatus>1</ItemStatus><ItemPrice>19.90</ItemPrice></item><item><PriceUpdateDate>2016-05-02 08:05:44</PriceUpdateDate><ItemCode>7290000151472</ItemCode><ItemType>1</ItemType><ItemName>מב נקניק עוף טוב פסט</ItemName><ManufacturerName>עוף טוב</ManufacturerName><ManufactureCountry>ישראל</ManufactureCountry><ManufacturerItemDescription>פסטרמה אמריקאית 300 גר</ManufacturerItemDescription><SoldByWeight/><Quantity>300.00</Quantity><UnitOfMeasure>גרם     </UnitOfMeasure><QtyInPackage>לא ידוע</QtyInPackage><UnitOfMeasurePrice>0.0663</UnitOfMeasurePrice><AllowDiscount>1</AllowDiscount><ItemStatus>1</ItemStatus><ItemPrice>19.90</ItemPrice></item><item><PriceUpdateDate>2016-05-01 21:46:28</PriceUpdateDate><ItemCode>7290000155524</ItemCode><ItemType>3</ItemType><ItemName>פסטרמה פולנית במשקל</ItemName><ManufacturerName>עוף טוב</ManufacturerName><ManufactureCountry>ישראל</ManufactureCountry><ManufacturerItemDescription>פסטרמה פולנית במשקל</ManufacturerItemDescription><SoldByWeight/><Quantity>1.00</Quantity><UnitOfMeasure>ק"ג</UnitOfMeasure><QtyInPackage>לא ידוע</QtyInPackage><UnitOfMeasurePrice>74.9000</UnitOfMeasurePrice><AllowDiscount>1</AllowDiscount><ItemStatus>1</ItemStatus><ItemPrice>74.90</ItemPrice></item><item><PriceUpdateDate>2016-05-02 08:05:44</PriceUpdateDate><ItemCode>7290000156071</ItemCode><ItemType>1</ItemType><ItemName>מב נקניק פסטרמה פולנ</ItemName><ManufacturerName>עוף טוב</ManufacturerName><ManufactureCountry>ישראל</ManufactureCountry><ManufacturerItemDescription>פסטרמה פולנית 300 גרם</ManufacturerItemDescription><SoldByWeight/><Quantity>300.00</Quantity><UnitOfMeasure>גרם     </UnitOfMeasure><QtyInPackage>לא ידוע</QtyInPackage><UnitOfMeasurePrice>0.0663</UnitOfMeasurePrice><AllowDiscount>1</AllowDiscount><ItemStatus>1</ItemStatus><ItemPrice>19.90</ItemPrice></item><item><PriceUpdateDate>2016-02-02 06:50:46</PriceUpdateDate><ItemCode>7290000158105</ItemCode><ItemType>1</ItemType><ItemName>שניצל עוף טוב דינוזא</ItemName><ManufacturerName>עוף טוב</ManufacturerName><ManufactureCountry>ישראל</ManufactureCountry><ManufacturerItemDescription>שניצל עוף דינוזאור 700 10</ManufacturerItemDescription><SoldByWeight/><Quantity>700.00</Quantity><UnitOfMeasure>גרם     </UnitOfMeasure><QtyInPackage>לא ידוע</QtyInPackage><UnitOfMeasurePrice>0.0509</UnitOfMeasurePrice><AllowDiscount>1</AllowDiscount><ItemStatus>1</ItemStatus><ItemPrice>35.60</ItemPrice></item><item><PriceUpdateDate>2016-05-02 08:05:44</PriceUpdateDate><ItemCode>7290000158211</ItemCode><ItemType>1</ItemType><ItemName>שניצל עוף טוב דק ענק</ItemName><ManufacturerName>עוף טוב</ManufacturerName><ManufactureCountry>ישראל</ManufactureCountry><ManufacturerItemDescription>שניצל עוף דק ענק 700 100%</ManufacturerItemDescription><SoldByWeight/><Quantity>700.00</Quantity><UnitOfMeasure>גרם     </UnitOfMeasure><QtyInPackage>לא ידוע</QtyInPackage><UnitOfMeasurePrice>0.0570</UnitOfMeasurePrice><AllowDiscount>1</AllowDiscount><ItemStatus>1</ItemStatus><ItemPrice>39.90</ItemPrice></item><item><PriceUpdateDate>2016-03-29 06:36:15</PriceUpdateDate><ItemCode>7290000159034</ItemCode><ItemType>1</ItemType><ItemName>מב שניצל עוף טוב אמי</ItemName><ManufacturerName>עוף טוב</ManufacturerName><ManufactureCountry>ישראל</ManufactureCountry><ManufacturerItemDescription>שניצל עוף ציפוי קריספי</ManufacturerItemDescription><SoldByWeight/><Quantity>700.00</Quantity><UnitOfMeasure>גרם     </UnitOfMeasure><QtyInPackage>לא ידוע</QtyInPackage><UnitOfMeasurePrice>0.0456</UnitOfMeasurePrice><AllowDiscount>1</AllowDiscount><ItemStatus>1</ItemStatus><ItemPrice>31.90</ItemPrice></item><item><PriceUpdateDate>2015-11-12 17:41:52</PriceUpdateDate><ItemCode>7290000159072</ItemCode><ItemType>1</ItemType><ItemName>שניצל עוף טוב רצועות</ItemName><ManufacturerName>עוף טוב</ManufacturerName><ManufactureCountry>ישראל</ManufactureCountry><ManufacturerItemDescription>שניצלוני עוף שומשום500 10</ManufacturerItemDescription><SoldByWeight/><Quantity>500.00</Quantity><UnitOfMeasure>גרם     </UnitOfMeasure><QtyInPackage>לא ידוע</QtyInPackage><UnitOfMeasurePrice>0.0736</UnitOfMeasurePrice><AllowDiscount>1</AllowDiscount><ItemStatus>1</ItemStatus><ItemPrice>36.80</ItemPrice></item><item><PriceUpdateDate>2016-05-30 22:03:23</PriceUpdateDate><ItemCode>7290000159447</ItemCode><ItemType>1</ItemType><ItemName>מב שניצל עןף מיני די</ItemName><ManufacturerName>עוף טוב</ManufacturerName><ManufactureCountry>לא ידוע</ManufactureCountry><ManufacturerItemDescription>מב שניצל עןף מיני די</ManufacturerItemDescription><SoldByWeight/><Quantity>400.00</Quantity><UnitOfMeasure>גרם     </UnitOfMeasure><QtyInPackage>לא ידוע</QtyInPackage><UnitOfMeasurePrice>0.0373</UnitOfMeasurePrice><AllowDiscount>1</AllowDiscount><ItemStatus>1</ItemStatus><ItemPrice>14.90</ItemPrice></item><item><PriceUpdateDate>2015-11-12 15:05:15</PriceUpdateDate><ItemCode>7290000160252</ItemCode><ItemType>1</ItemType><ItemName>דאב תרחיץ פנים 180 מ</ItemName><ManufacturerName>דאב</ManufacturerName><ManufactureCountry>ישראל</ManufactureCountry><ManufacturerItemDescription>דאב תרחיץ פנים 180 מ</ManufacturerItemDescription><SoldByWeight/><Quantity>180.00</Quantity><UnitOfMeasure>מ"ל</UnitOfMeasure><QtyInPackage>לא ידוע</QtyInPackage><UnitOfMeasurePrice>0.1267</UnitOfMeasurePrice><AllowDiscount>1</AllowDiscount><ItemStatus>1</ItemStatus><ItemPrice>22.80</ItemPrice></item><item><PriceUpdateDate>2015-11-12 15:05:15</PriceUpdateDate><ItemCode>7290000160269</ItemCode><ItemType>1</ItemType><ItemName>דאב תרחיץ פנים 180 מ</ItemName><ManufacturerName>דאב</ManufacturerName><ManufactureCountry>ישראל</ManufactureCountry><ManufacturerItemDescription>דאב תרחיץ פנים 180 מ</ManufacturerItemDescription><SoldByWeight/><Quantity>200.00</Quantity><UnitOfMeasure>מ"ל</UnitOfMeasure><QtyInPackage>לא ידוע</QtyInPackage><UnitOfMeasurePrice>0.1140</UnitOfMeasurePrice><AllowDiscount>1</AllowDiscount><ItemStatus>1</ItemStatus><ItemPrice>22.80</ItemPrice></item><item><PriceUpdateDate>2015-11-12 14:26:42</PriceUpdateDate><ItemCode>7290000160450</ItemCode><ItemType>1</ItemType><ItemName>עוף ולתנור צ'ילי מתו</ItemName><ManufacturerName>קנור</ManufacturerName><ManufactureCountry>ישראל</ManufactureCountry><ManufacturerItemDescription>עוף ולתנור צ'ילי מתו</ManufacturerItemDescription><SoldByWeight/><Quantity>63.00</Quantity><UnitOfMeasure>גרם     </UnitOfMeasure><QtyInPackage>לא ידוע</QtyInPackage><UnitOfMeasurePrice>0.1222</UnitOfMeasurePrice><AllowDiscount>1</AllowDiscount><ItemStatus>1</ItemStatus><ItemPrice>7.70</ItemPrice></item><item><PriceUpdateDate>2015-11-12 14:26:36</PriceUpdateDate><ItemCode>7290000160467</ItemCode><ItemType>1</ItemType><ItemName>עוף ולתנור גריל בד"ץ</ItemName><ManufacturerName>קנור</ManufacturerName><ManufactureCountry>ישראל</ManufactureCountry><ManufacturerItemDescription>עוף ולתנור גריל בד"ץ</ManufacturerItemDescription><SoldByWeight/><Quantity>49.00</Quantity><UnitOfMeasure>גרם     </UnitOfMeasure><QtyInPackage>לא ידוע</QtyInPackage><UnitOfMeasurePrice>0.1571</UnitOfMeasurePrice><AllowDiscount>1</AllowDiscount><ItemStatus>1</ItemStatus><ItemPrice>7.70</ItemPrice></item><item><PriceUpdateDate>2016-04-18 09:39:16</PriceUpdateDate><ItemCode>7290000160771</ItemCode><ItemType>1</ItemType><ItemName>מב כריות וניל 750 גר</ItemName><ManufacturerName>כריות</ManufacturerName><ManufactureCountry>ישראל</ManufactureCountry><ManufacturerItemDescription>כריות וניל בדצ 750 גרם</ManufacturerItemDescription><SoldByWeight/><Quantity>750.00</Quantity><UnitOfMeasure>גרם     </UnitOfMeasure><QtyInPackage>לא ידוע</QtyInPackage><UnitOfMeasurePrice>0.0265</UnitOfMeasurePrice><AllowDiscount>1</AllowDiscount><ItemStatus>1</ItemStatus><ItemPrice>19.90</ItemPrice></item><item><PriceUpdateDate>2015-11-12 14:23:34</PriceUpdateDate><ItemCode>7290000161150</ItemCode><ItemType>1</ItemType><ItemName>גולדבנד גביע 250 גרם</ItemName><ManufacturerName>גולדבנד</ManufacturerName><ManufactureCountry>ישראל</ManufactureCountry><ManufacturerItemDescription>גולדבנד גביע 250 גרם</ManufacturerItemDescription><SoldByWeight/><Quantity>250.00</Quantity><UnitOfMeasure>גרם     </UnitOfMeasure><QtyInPackage>לא ידוע</QtyInPackage><UnitOfMeasurePrice>0.0372</UnitOfMeasurePrice><AllowDiscount>1</AllowDiscount><ItemStatus>1</ItemStatus><ItemPrice>9.30</ItemPrice></item><item><PriceUpdateDate>2015-11-12 14:23:34</PriceUpdateDate><ItemCode>7290000161167</ItemCode><ItemType>1</ItemType><ItemName>מחמאה גביע 250 גרם</ItemName><ManufacturerName>מחמאה</ManufacturerName><ManufactureCountry>ישראל</ManufactureCountry><ManufacturerItemDescription>מחמאה גביע 250 גרם</ManufacturerItemDescription><SoldByWeight/><Quantity>250.00</Quantity><UnitOfMeasure>גרם     </UnitOfMeasure><QtyInPackage>לא ידוע</QtyInPackage><UnitOfMeasurePrice>0.0352</UnitOfMeasurePrice><AllowDiscount>1</AllowDiscount><ItemStatus>1</ItemStatus><ItemPrice>8.80</ItemPrice></item><item><PriceUpdateDate>2016-05-01 21:46:29</PriceUpdateDate><ItemCode>7290000161358</ItemCode><ItemType>1</ItemType><ItemName>מיונז אמיתי משמן קנו</ItemName><ManufacturerName>תלמה</ManufacturerName><ManufactureCountry>ישראל</ManufactureCountry><ManufacturerItemDescription>מיונז אמיתי משמן קנו</ManufacturerItemDescription><SoldByWeight/><Quantity>500.00</Quantity><UnitOfMeasure>גרם     </UnitOfMeasure><QtyInPackage>לא ידוע</QtyInPackage><UnitOfMeasurePrice>0.0318</UnitOfMeasurePrice><AllowDiscount>1</AllowDiscount><ItemStatus>1</ItemStatus><ItemPrice>15.90</ItemPrice></item><item><PriceUpdateDate>2014-11-03 06:36:47</PriceUpdateDate><ItemCode>7290000162012</ItemCode><ItemType>1</ItemType><ItemName>דגל לרכב</ItemName><ManufacturerName>לא ממותג</ManufacturerName><ManufactureCountry>ישראל</ManufactureCountry><ManufacturerItemDescription>דגל לרכב</ManufacturerItemDescription><SoldByWeight/><Quantity>0.00</Quantity><UnitOfMeasure>יח'</UnitOfMeasure><QtyInPackage>לא ידוע</QtyInPackage><UnitOfMeasurePrice>0.0000</UnitOfMeasurePrice><AllowDiscount>1</AllowDiscount><ItemStatus>1</ItemStatus><ItemPrice>5.00</ItemPrice></item><item><PriceUpdateDate>2016-02-02 06:50:47</PriceUpdateDate><ItemCode>7290000162386</ItemCode><ItemType>1</ItemType><ItemName>רוטב הלמנס לסלט שום</ItemName><ManufacturerName>הלמנס</ManufacturerName><ManufactureCountry>ישראל</ManufactureCountry><ManufacturerItemDescription>רוטב הלמנס לסלט שום</ManufacturerItemDescription><SoldByWeight/><Quantity>300.00</Quantity><UnitOfMeasure>גרם     </UnitOfMeasure><QtyInPackage>לא ידוע</QtyInPackage><UnitOfMeasurePrice>0.0477</UnitOfMeasurePrice><AllowDiscount>1</AllowDiscount><ItemStatus>1</ItemStatus><ItemPrice>14.30</ItemPrice></item><item><PriceUpdateDate>2016-06-01 06:32:34</PriceUpdateDate><ItemCode>7290000162560</ItemCode><ItemType>1</ItemType><ItemName>מב קורנפלקס דבש 500</ItemName><ManufacturerName>לא ממותג</ManufacturerName><ManufactureCountry>ישראל</ManufactureCountry><ManufacturerItemDescription>קורנפלקס דבש 500 בדצ</ManufacturerItemDescription><SoldByWeight/><Quantity>500.00</Quantity><UnitOfMeasure>גרם     </UnitOfMeasure><QtyInPackage>לא ידוע</QtyInPackage><UnitOfMeasurePrice>0.0318</UnitOfMeasurePrice><AllowDiscount>1</AllowDiscount><ItemStatus>1</ItemStatus><ItemPrice>15.90</ItemPrice></item><item><PriceUpdateDate>2016-01-05 08:48:59</PriceUpdateDate><ItemCode>7290000162812</ItemCode><ItemType>1</ItemType><ItemName>מיקספלקס פלוס טרופי</ItemName><ManufacturerName>לא ידוע</ManufacturerName><ManufactureCountry>ישראל</ManufactureCountry><ManufacturerItemDescription>מיקספלקס פלוס טרופי</ManufacturerItemDescription><SoldByWeight/><Quantity>400.00</Quantity><UnitOfMeasure>גרם     </UnitOfMeasure><QtyInPackage>לא ידוע</QtyInPackage><UnitOfMeasurePrice>0.0663</UnitOfMeasurePrice><AllowDiscount>1</AllowDiscount><ItemStatus>1</ItemStatus><ItemPrice>26.50</ItemPrice></item><item><PriceUpdateDate>2016-01-05 08:48:59</PriceUpdateDate><ItemCode>7290000162829</ItemCode><ItemType>1</ItemType><ItemName>מיקספלקס פלוס אגוזים</ItemName><ManufacturerName>תלמה</ManufacturerName><ManufactureCountry>ישראל</ManufactureCountry><ManufacturerItemDescription>מיקספלקס פלוס אגוזים</ManufacturerItemDescription><SoldByWeight/><Quantity>400.00</Quantity><UnitOfMeasure>גרם     </UnitOfMeasure><QtyInPackage>לא ידוע</QtyInPackage><UnitOfMeasurePrice>0.0663</UnitOfMeasurePrice><AllowDiscount>1</AllowDiscount><ItemStatus>1</ItemStatus><ItemPrice>26.50</ItemPrice></item><item><PriceUpdateDate>2016-02-02 06:50:47</PriceUpdateDate><ItemCode>7290000163024</ItemCode><ItemType>1</ItemType><ItemName>הלמנס רוטב חרדל לייט</ItemName><ManufacturerName>הלמנס</ManufacturerName><ManufactureCountry>ישראל</ManufactureCountry><ManufacturerItemDescription>הלמנס רוטב חרדל לייט</ManufacturerItemDescription><SoldByWeight/><Quantity>300.00</Quantity><UnitOfMeasure>גרם     </UnitOfMeasure><QtyInPackage>לא ידוע</QtyInPackage><UnitOfMeasurePrice>0.0477</UnitOfMeasurePrice><AllowDiscount>1</AllowDiscount><ItemStatus>1</ItemStatus><ItemPrice>14.30</ItemPrice></item><item><PriceUpdateDate>2015-11-12 15:05:00</PriceUpdateDate><ItemCode>7290000164632</ItemCode><ItemType>1</ItemType><ItemName>מרכך כביסה בדין אקסט</ItemName><ManufacturerName>בדין</ManufacturerName><ManufactureCountry>ישראל</ManufactureCountry><ManufacturerItemDescription>בדין אקסטרה     י 960 מל</ManufacturerItemDescription><SoldByWeight/><Quantity>960.00</Quantity><UnitOfMeasure>מ"ל</UnitOfMeasure><QtyInPackage>לא ידוע</QtyInPackage><UnitOfMeasurePrice>0.0292</UnitOfMeasurePrice><AllowDiscount>0</AllowDiscount><ItemStatus>1</ItemStatus><ItemPrice>28.00</ItemPrice></item><item><PriceUpdateDate>2016-02-08 08:15:45</PriceUpdateDate><ItemCode>7290000165073</ItemCode><ItemType>1</ItemType><ItemName>קרם ניקוי סיף 500 מ'</ItemName><ManufacturerName>סיף-פנטסטיק</ManufacturerName><ManufactureCountry>ישראל</ManufactureCountry><ManufacturerItemDescription>סיף קרם לימון   מון 500מ</ManufacturerItemDescription><SoldByWeight/><Quantity>500.00</Quantity><UnitOfMeasure>מ"ל</UnitOfMeasure><QtyInPackage>לא ידוע</QtyInPackage><UnitOfMeasurePrice>0.0318</UnitOfMeasurePrice><AllowDiscount>1</AllowDiscount><ItemStatus>1</ItemStatus><ItemPrice>15.90</ItemPrice></item><item><PriceUpdateDate>2016-03-29 13:00:27</PriceUpdateDate><ItemCode>7290000165684</ItemCode><ItemType>1</ItemType><ItemName>שמפו פינוק שמן אבוקד</ItemName><ManufacturerName>פינוק</ManufacturerName><ManufactureCountry>ישראל</ManufactureCountry><ManufacturerItemDescription>שמפו פינוק שמן אבוקד</ManufacturerItemDescription><SoldByWeight/><Quantity>700.00</Quantity><UnitOfMeasure>מ"ל</UnitOfMeasure><QtyInPackage>לא ידוע</QtyInPackage><UnitOfMeasurePrice>0.0184</UnitOfMeasurePrice><AllowDiscount>1</AllowDiscount><ItemStatus>1</ItemStatus><ItemPrice>12.90</ItemPrice></item><item><PriceUpdateDate>2016-03-29 13:00:27</PriceUpdateDate><ItemCode>7290000165691</ItemCode><ItemType>1</ItemType><ItemName>מרכך פינוק שמן אבוקד</ItemName><ManufacturerName>פינוק</ManufacturerName><ManufactureCountry>ישראל</ManufactureCountry><ManufacturerItemDescription>מרכך פינוק שמן אבוקד</ManufacturerItemDescription><SoldByWeight/><Quantity>700.00</Quantity><UnitOfMeasure>מ"ל</UnitOfMeasure><QtyInPackage>לא ידוע</QtyInPackage><UnitOfMeasurePrice>0.0184</UnitOfMeasurePrice><AllowDiscount>1</AllowDiscount><ItemStatus>1</ItemStatus><ItemPrice>12.90</ItemPrice></item><item><PriceUpdateDate>2015-10-20 16:45:17</PriceUpdateDate><ItemCode>7290000166414</ItemCode><ItemType>1</ItemType><ItemName>מזולה לאפיה ללא מלח</ItemName><ManufacturerName>מזולה</ManufacturerName><ManufactureCountry>ישראל</ManufactureCountry><ManufacturerItemDescription>מזולה לאפיה ללא מלח</ManufacturerItemDescription><SoldByWeight/><Quantity>200.00</Quantity><UnitOfMeasure>גרם     </UnitOfMeasure><QtyInPackage>לא ידוע</QtyInPackage><UnitOfMeasurePrice>0.0355</UnitOfMeasurePrice><AllowDiscount>1</AllowDiscount><ItemStatus>1</ItemStatus><ItemPrice>7.10</ItemPrice></item><item><PriceUpdateDate>2015-10-20 16:45:17</PriceUpdateDate><ItemCode>7290000166421</ItemCode><ItemType>1</ItemType><ItemName>מזולה לאפיה טעם חמאה</ItemName><ManufacturerName>מזולה</ManufacturerName><ManufactureCountry>ישראל</ManufactureCountry><ManufacturerItemDescription>מזולה לאפיה טעם חמאה</ManufacturerItemDescription><SoldByWeight/><Quantity>200.00</Quantity><UnitOfMeasure>גרם     </UnitOfMeasure><QtyInPackage>לא ידוע</QtyInPackage><UnitOfMeasurePrice>0.0355</UnitOfMeasurePrice><AllowDiscount>1</AllowDiscount><ItemStatus>1</ItemStatus><ItemPrice>7.10</ItemPrice></item><item><PriceUpdateDate>2016-05-01 21:46:29</PriceUpdateDate><ItemCode>7290000166711</ItemCode><ItemType>1</ItemType><ItemName>דגני בוקר שוגי 20% מ</ItemName><ManufacturerName>שוגי</ManufacturerName><ManufactureCountry>ישראל</ManufactureCountry><ManufacturerItemDescription>דגני בוקר שוגי 20% מ</ManufacturerItemDescription><SoldByWeight/><Quantity>500.00</Quantity><UnitOfMeasure>גרם     </UnitOfMeasure><QtyInPackage>לא ידוע</QtyInPackage><UnitOfMeasurePrice>0.0458</UnitOfMeasurePrice><AllowDiscount>1</AllowDiscount><ItemStatus>1</ItemStatus><ItemPrice>22.90</ItemPrice></item><item><PriceUpdateDate>2016-05-01 21:46:29</PriceUpdateDate><ItemCode>7290000166728</ItemCode><ItemType>1</ItemType><ItemName>קוקומן כדורים 20% פח</ItemName><ManufacturerName>קוקומן</ManufacturerName><ManufactureCountry>ישראל</ManufactureCountry><ManufacturerItemDescription>קוקומן כדורים 20% פח</ManufacturerItemDescription><SoldByWeight/><Quantity>500.00</Quantity><UnitOfMeasure>גרם     </UnitOfMeasure><QtyInPackage>לא ידוע</QtyInPackage><UnitOfMeasurePrice>0.0466</UnitOfMeasurePrice><AllowDiscount>1</AllowDiscount><ItemStatus>1</ItemStatus><ItemPrice>23.30</ItemPrice></item><item><PriceUpdateDate>2015-11-12 15:05:01</PriceUpdateDate><ItemCode>7290000166940</ItemCode><ItemType>1</ItemType><ItemName>סיף לניקוי כללי יסמי</ItemName><ManufacturerName>סיף-פנטסטיק</ManufacturerName><ManufactureCountry>ישראל</ManufactureCountry><ManufacturerItemDescription>סיף לניקוי כללי יסמי</ManufacturerItemDescription><SoldByWeight/><Quantity>1000.00</Quantity><UnitOfMeasure>מ"ל</UnitOfMeasure><QtyInPackage>לא ידוע</QtyInPackage><UnitOfMeasurePrice>0.0156</UnitOfMeasurePrice><AllowDiscount>1</AllowDiscount><ItemStatus>1</ItemStatus><ItemPrice>15.60</ItemPrice></item><item><PriceUpdateDate>2015-10-11 08:13:26</PriceUpdateDate><ItemCode>7290000167336</ItemCode><ItemType>1</ItemType><ItemName>לחמניה כריך שחור</ItemName><ManufacturerName>מאפה צרפתי</ManufacturerName><ManufactureCountry>ישראל</ManufactureCountry><ManufacturerItemDescription>לחמניה כריך שחור</ManufacturerItemDescription><SoldByWeight/><Quantity>1000.00</Quantity><UnitOfMeasure>קג</UnitOfMeasure><QtyInPackage>לא ידוע</QtyInPackage><UnitOfMeasurePrice>0.0030</UnitOfMeasurePrice><AllowDiscount>1</AllowDiscount><ItemStatus>1</ItemStatus><ItemPrice>3.00</ItemPrice></item><item><PriceUpdateDate>2015-10-11 08:13:26</PriceUpdateDate><ItemCode>7290000167338</ItemCode><ItemType>1</ItemType><ItemName>לחמניה כריך שחור</ItemName><ManufacturerName>מאפה צרפתי</ManufacturerName><ManufactureCountry>ישראל</ManufactureCountry><ManufacturerItemDescription>לחמניה כריך שחור</ManufacturerItemDescription><SoldByWeight/><Quantity>1000.00</Quantity><UnitOfMeasure>קג</UnitOfMeasure><QtyInPackage>לא ידוע</QtyInPackage><UnitOfMeasurePrice>0.0030</UnitOfMeasurePrice><AllowDiscount>1</AllowDiscount><ItemStatus>1</ItemStatus><ItemPrice>3.00</ItemPrice></item><item><PriceUpdateDate>2015-10-11 08:13:27</PriceUpdateDate><ItemCode>7290000167581</ItemCode><ItemType>1</ItemType><ItemName>לחמניות ביס/פטיט פאן</ItemName><ManufacturerName>מאפה צרפתי</ManufacturerName><ManufactureCountry>ישראל</ManufactureCountry><ManufacturerItemDescription>לחמניות ביס/פטיט פאן</ManufacturerItemDescription><SoldByWeight/><Quantity>1000.00</Quantity><UnitOfMeasure>קג</UnitOfMeasure><QtyInPackage>לא ידוע</QtyInPackage><UnitOfMeasurePrice>0.0018</UnitOfMeasurePrice><AllowDiscount>0</AllowDiscount><ItemStatus>1</ItemStatus><ItemPrice>1.80</ItemPrice></item><item><PriceUpdateDate>2016-01-05 08:49:00</PriceUpdateDate><ItemCode>7290000167756</ItemCode><ItemType>1</ItemType><ItemName>דגני בוקר קינמונים 5</ItemName><ManufacturerName>תלמה</ManufacturerName><ManufactureCountry>ישראל</ManufactureCountry><ManufacturerItemDescription>דגני בוקר קינמונים 5</ManufacturerItemDescription><SoldByWeight/><Quantity>500.00</Quantity><UnitOfMeasure>גרם     </UnitOfMeasure><QtyInPackage>לא ידוע</QtyInPackage><UnitOfMeasurePrice>0.0508</UnitOfMeasurePrice><AllowDiscount>1</AllowDiscount><ItemStatus>1</ItemStatus><ItemPrice>25.40</ItemPrice></item><item><PriceUpdateDate>2016-03-01 06:43:01</PriceUpdateDate><ItemCode>7290000167947</ItemCode><ItemType>1</ItemType><ItemName>תחליב רחצה דאב מן קל</ItemName><ManufacturerName>דאב מן</ManufacturerName><ManufactureCountry>ישראל</ManufactureCountry><ManufacturerItemDescription>תחליב רחצה דאב מן קל</ManufacturerItemDescription><SoldByWeight/><Quantity>400.00</Quantity><UnitOfMeasure>מ"ל</UnitOfMeasure><QtyInPackage>לא ידוע</QtyInPackage><UnitOfMeasurePrice>0.0447</UnitOfMeasurePrice><AllowDiscount>1</AllowDiscount><ItemStatus>1</ItemStatus><ItemPrice>17.90</ItemPrice></item><item><PriceUpdateDate>2016-05-30 22:03:24</PriceUpdateDate><ItemCode>7290000168173</ItemCode><ItemType>1</ItemType><ItemName>ברנפלקס קראנצ'ים 375</ItemName><ManufacturerName>ברנפלקס - תלמה</ManufacturerName><ManufactureCountry>ישראל</ManufactureCountry><ManufacturerItemDescription>ברנפלקס קראנצ'ים 375</ManufacturerItemDescription><SoldByWeight/><Quantity>375.00</Quantity><UnitOfMeasure>גרם     </UnitOfMeasure><QtyInPackage>לא ידוע</QtyInPackage><UnitOfMeasurePrice>0.0531</UnitOfMeasurePrice><AllowDiscount>1</AllowDiscount><ItemStatus>1</ItemStatus><ItemPrice>19.90</ItemPrice></item><item><PriceUpdateDate>2016-03-29 13:00:27</PriceUpdateDate><ItemCode>7290000168296</ItemCode><ItemType>1</ItemType><ItemName>מרכך פינוק שמן מרוקא</ItemName><ManufacturerName>פינוק</ManufacturerName><ManufactureCountry>ישראל</ManufactureCountry><ManufacturerItemDescription>מרכך פינוק שמן מרוקא</ManufacturerItemDescription><SoldByWeight/><Quantity>700.00</Quantity><UnitOfMeasure>מ"ל</UnitOfMeasure><QtyInPackage>לא ידוע</QtyInPackage><UnitOfMeasurePrice>0.0184</UnitOfMeasurePrice><AllowDiscount>1</AllowDiscount><ItemStatus>1</ItemStatus><ItemPrice>12.90</ItemPrice></item><item><PriceUpdateDate>2016-05-30 22:03:24</PriceUpdateDate><ItemCode>7290000168425</ItemCode><ItemType>1</ItemType><ItemName>מב רוטב צ'ילי מתוק מ</ItemName><ManufacturerName>קנור</ManufacturerName><ManufactureCountry>ישראל</ManufactureCountry><ManufacturerItemDescription>מב רוטב צ'ילי מתוק מ</ManufacturerItemDescription><SoldByWeight/><Quantity>300.00</Quantity><UnitOfMeasure>מ"ל</UnitOfMeasure><QtyInPackage>לא ידוע</QtyInPackage><UnitOfMeasurePrice>0.0333</UnitOfMeasurePrice><AllowDiscount>1</AllowDiscount><ItemStatus>1</ItemStatus><ItemPrice>10.00</ItemPrice></item><item><PriceUpdateDate>2016-06-01 06:47:17</PriceUpdateDate><ItemCode>7290000168739</ItemCode><ItemType>1</ItemType><ItemName>מב קורנפלקס קקאו פתי</ItemName><ManufacturerName>תלמה</ManufacturerName><ManufactureCountry>ישראל</ManufactureCountry><ManufacturerItemDescription>קורנפלקס בציפוי קקאו 500</ManufacturerItemDescription><SoldByWeight/><Quantity>500.00</Quantity><UnitOfMeasure>גרם     </UnitOfMeasure><QtyInPackage>לא ידוע</QtyInPackage><UnitOfMeasurePrice>0.0318</UnitOfMeasurePrice><AllowDiscount>1</AllowDiscount><ItemStatus>1</ItemStatus><ItemPrice>15.90</ItemPrice></item><item><PriceUpdateDate>2016-04-18 09:39:16</PriceUpdateDate><ItemCode>7290000168838</ItemCode><ItemType>1</ItemType><ItemName>מב כריות וניל ועוגיו</ItemName><ManufacturerName>כריות</ManufacturerName><ManufactureCountry>ישראל</ManufactureCountry><ManufacturerItemDescription>כריות וניל עוגיות 750 גרם</ManufacturerItemDescription><SoldByWeight/><Quantity>750.00</Quantity><UnitOfMeasure>גרם     </UnitOfMeasure><QtyInPackage>לא ידוע</QtyInPackage><UnitOfMeasurePrice>0.0265</UnitOfMeasurePrice><AllowDiscount>1</AllowDiscount><ItemStatus>1</ItemStatus><ItemPrice>19.90</ItemPrice></item><item><PriceUpdateDate>2016-02-02 06:50:48</PriceUpdateDate><ItemCode>7290000169088</ItemCode><ItemType>1</ItemType><ItemName>מרק גורמה ברוקולי וכ</ItemName><ManufacturerName>קנור</ManufacturerName><ManufactureCountry>ישראל</ManufactureCountry><ManufacturerItemDescription>מרק גורמה ברוקולי עם כרוב</ManufacturerItemDescription><SoldByWeight/><Quantity>88.00</Quantity><UnitOfMeasure>גרם     </UnitOfMeasure><QtyInPackage>לא ידוע</QtyInPackage><UnitOfMeasurePrice>0.1602</UnitOfMeasurePrice><AllowDiscount>1</AllowDiscount><ItemStatus>1</ItemStatus><ItemPrice>14.10</ItemPrice></item><item><PriceUpdateDate>2015-10-11 10:46:10</PriceUpdateDate><ItemCode>7290000169118</ItemCode><ItemType>1</ItemType><ItemName>מרק נמס בכוס טעם ברו</ItemName><ManufacturerName>קנור</ManufacturerName><ManufactureCountry>ישראל</ManufactureCountry><ManufacturerItemDescription>מרק נמס בכוס ברוקולי</ManufacturerItemDescription><SoldByWeight/><Quantity>24.00</Quantity><UnitOfMeasure>גרם     </UnitOfMeasure><QtyInPackage>לא ידוע</QtyInPackage><UnitOfMeasurePrice>0.2250</UnitOfMeasurePrice><AllowDiscount>1</AllowDiscount><ItemStatus>1</ItemStatus><ItemPrice>5.40</ItemPrice></item><item><PriceUpdateDate>2016-03-01 06:43:02</PriceUpdateDate><ItemCode>7290000169156</ItemCode><ItemType>1</ItemType><ItemName>דאו' רקסונה ספרי V8ג</ItemName><ManufacturerName>רקסונה</ManufacturerName><ManufactureCountry>ישראל</ManufactureCountry><ManufacturerItemDescription>דאו' רקסונה ספרי V8ג</ManufacturerItemDescription><SoldByWeight/><Quantity>150.00</Quantity><UnitOfMeasure>מ"ל</UnitOfMeasure><QtyInPackage>לא ידוע</QtyInPackage><UnitOfMeasurePrice>0.1627</UnitOfMeasurePrice><AllowDiscount>1</AllowDiscount><ItemStatus>1</ItemStatus><ItemPrice>24.40</ItemPrice></item><item><PriceUpdateDate>2016-03-01 06:43:02</PriceUpdateDate><ItemCode>7290000169170</ItemCode><ItemType>1</ItemType><ItemName>דאו' ספרי רקסונה לגב</ItemName><ManufacturerName>רקסונה</ManufacturerName><ManufactureCountry>ישראל</ManufactureCountry><ManufacturerItemDescription>דאו' ספרי רקסונה לגב</ManufacturerItemDescription><SoldByWeight/><Quantity>150.00</Quantity><UnitOfMeasure>מ"ל</UnitOfMeasure><QtyInPackage>לא ידוע</QtyInPackage><UnitOfMeasurePrice>0.1627</UnitOfMeasurePrice><AllowDiscount>1</AllowDiscount><ItemStatus>1</ItemStatus><ItemPrice>24.40</ItemPrice></item><item><PriceUpdateDate>2015-10-11 10:46:10</PriceUpdateDate><ItemCode>7290000169521</ItemCode><ItemType>1</ItemType><ItemName>מרק נמס בכוס ירקות 5</ItemName><ManufacturerName>קנור</ManufacturerName><ManufactureCountry>ישראל</ManufactureCountry><ManufacturerItemDescription>מרק נמס בכוס ירקות קרוטונ</ManufacturerItemDescription><SoldByWeight/><Quantity>14.00</Quantity><UnitOfMeasure>גרם     </UnitOfMeasure><QtyInPackage>לא ידוע</QtyInPackage><UnitOfMeasurePrice>0.5929</UnitOfMeasurePrice><AllowDiscount>1</AllowDiscount><ItemStatus>1</ItemStatus><ItemPrice>8.30</ItemPrice></item><item><PriceUpdateDate>2015-10-11 10:46:10</PriceUpdateDate><ItemCode>7290000169538</ItemCode><ItemType>1</ItemType><ItemName>מרק נמס בכוס עגבניות</ItemName><ManufacturerName>קנור</ManufacturerName><ManufactureCountry>ישראל</ManufactureCountry><ManufacturerItemDescription>מרק נמס בכוס עגבניות קרוט</ManufacturerItemDescription><SoldByWeight/><Quantity>14.00</Quantity><UnitOfMeasure>גרם     </UnitOfMeasure><QtyInPackage>לא ידוע</QtyInPackage><UnitOfMeasurePrice>0.5929</UnitOfMeasurePrice><AllowDiscount>1</AllowDiscount><ItemStatus>1</ItemStatus><ItemPrice>8.30</ItemPrice></item><item><PriceUpdateDate>2016-06-01 06:47:17</PriceUpdateDate><ItemCode>7290000169712</ItemCode><ItemType>1</ItemType><ItemName>מב קורנפלקס מלא 500</ItemName><ManufacturerName>קורנפלקס תלמה</ManufacturerName><ManufactureCountry>ישראל</ManufactureCountry><ManufacturerItemDescription>קורנפלקס דגנים מלאים 500</ManufacturerItemDescription><SoldByWeight/><Quantity>500.00</Quantity><UnitOfMeasure>גרם     </UnitOfMeasure><QtyInPackage>לא ידוע</QtyInPackage><UnitOfMeasurePrice>0.0318</UnitOfMeasurePrice><AllowDiscount>1</AllowDiscount><ItemStatus>1</ItemStatus><ItemPrice>15.90</ItemPrice></item><item><PriceUpdateDate>2016-05-01 21:46:29</PriceUpdateDate><ItemCode>7290000169743</ItemCode><ItemType>1</ItemType><ItemName>קוקומן חום לבן 20% פ</ItemName><ManufacturerName>קוקומן</ManufacturerName><ManufactureCountry>ישראל</ManufactureCountry><ManufacturerItemDescription>קוקומן חום לבן מופחת 20%</ManufacturerItemDescription><SoldByWeight/><Quantity>375.00</Quantity><UnitOfMeasure>גרם     </UnitOfMeasure><QtyInPackage>לא ידוע</QtyInPackage><UnitOfMeasurePrice>0.0661</UnitOfMeasurePrice><AllowDiscount>1</AllowDiscount><ItemStatus>1</ItemStatus><ItemPrice>24.80</ItemPrice></item><item><PriceUpdateDate>2016-05-01 21:46:29</PriceUpdateDate><ItemCode>7290000169798</ItemCode><ItemType>1</ItemType><ItemName>דגני בוקר עוגי מופחת</ItemName><ManufacturerName>עוגי</ManufacturerName><ManufactureCountry>ישראל</ManufactureCountry><ManufacturerItemDescription>דגני בוקר עוגי מופחת</ManufacturerItemDescription><SoldByWeight/><Quantity>500.00</Quantity><UnitOfMeasure>גרם     </UnitOfMeasure><QtyInPackage>לא ידוע</QtyInPackage><UnitOfMeasurePrice>0.0532</UnitOfMeasurePrice><AllowDiscount>1</AllowDiscount><ItemStatus>1</ItemStatus><ItemPrice>26.60</ItemPrice></item><item><PriceUpdateDate>2016-05-30 22:03:24</PriceUpdateDate><ItemCode>7290000170053</ItemCode><ItemType>1</ItemType><ItemName>שוקולד פרה חלב 100 ג</ItemName><ManufacturerName>פרה</ManufacturerName><ManufactureCountry>ישראל</ManufactureCountry><ManufacturerItemDescription>שוקולד פרה חלב שטוח 100 ג</ManufacturerItemDescription><SoldByWeight/><Quantity>100.00</Quantity><UnitOfMeasure>גרם     </UnitOfMeasure><QtyInPackage>לא ידוע</QtyInPackage><UnitOfMeasurePrice>0.0540</UnitOfMeasurePrice><AllowDiscount>0</AllowDiscount><ItemStatus>1</ItemStatus><ItemPrice>5.40</ItemPrice></item><item><PriceUpdateDate>2016-05-30 22:03:24</PriceUpdateDate><ItemCode>7290000170077</ItemCode><ItemType>1</ItemType><ItemName>שוקולד פרה מריר 100</ItemName><ManufacturerName>פרה</ManufacturerName><ManufactureCountry>ישראל</ManufactureCountry><ManufacturerItemDescription>שוקולד פרה מריר שטוח 100</ManufacturerItemDescription><SoldByWeight/><Quantity>100.00</Quantity><UnitOfMeasure>גרם     </UnitOfMeasure><QtyInPackage>לא ידוע</QtyInPackage><UnitOfMeasurePrice>0.0540</UnitOfMeasurePrice><AllowDiscount>0</AllowDiscount><ItemStatus>1</ItemStatus><ItemPrice>5.40</ItemPrice></item><item><PriceUpdateDate>2016-02-16 15:55:39</PriceUpdateDate><ItemCode>7290000170275</ItemCode><ItemType>1</ItemType><ItemName>שוקולד פרה קרם נוגט</ItemName><ManufacturerName>פרה</ManufacturerName><ManufactureCountry>ישראל</ManufactureCountry><ManufacturerItemDescription>שוקולד פרה קרם נוגט 100 ג</ManufacturerItemDescription><SoldByWeight/><Quantity>100.00</Quantity><UnitOfMeasure>גרם     </UnitOfMeasure><QtyInPackage>לא ידוע</QtyInPackage><UnitOfMeasurePrice>0.0690</UnitOfMeasurePrice><AllowDiscount>0</AllowDiscount><ItemStatus>1</ItemStatus><ItemPrice>6.90</ItemPrice></item><item><PriceUpdateDate>2015-10-11 11:22:38</PriceUpdateDate><ItemCode>7290000171470</ItemCode><ItemType>1</ItemType><ItemName>חטיף כיף כף בודד 45</ItemName><ManufacturerName>כיף כף</ManufacturerName><ManufactureCountry>ישראל</ManufactureCountry><ManufacturerItemDescription>חטיף כיף כף45 גר</ManufacturerItemDescription><SoldByWeight/><Quantity>0.00</Quantity><UnitOfMeasure>גרם     </UnitOfMeasure><QtyInPackage>לא ידוע</QtyInPackage><UnitOfMeasurePrice>0.0000</UnitOfMeasurePrice><AllowDiscount>1</AllowDiscount><ItemStatus>1</ItemStatus><ItemPrice>5.00</ItemPrice></item><item><PriceUpdateDate>2016-05-02 08:05:44</PriceUpdateDate><ItemCode>7290000174037</ItemCode><ItemType>1</ItemType><ItemName>בפלות בטעם לימון 500</ItemName><ManufacturerName>עלית</ManufacturerName><ManufactureCountry>ישראל</ManufactureCountry><ManufacturerItemDescription>וופל לימון 500 גר</ManufacturerItemDescription><SoldByWeight/><Quantity>500.00</Quantity><UnitOfMeasure>גרם     </UnitOfMeasure><QtyInPackage>לא ידוע</QtyInPackage><UnitOfMeasurePrice>0.0278</UnitOfMeasurePrice><AllowDiscount>1</AllowDiscount><ItemStatus>1</ItemStatus><ItemPrice>13.90</ItemPrice></item><item><PriceUpdateDate>2016-05-30 22:03:25</PriceUpdateDate><ItemCode>7290000174044</ItemCode><ItemType>1</ItemType><ItemName>בפלות שוקולד 1 ק"ג ע</ItemName><ManufacturerName>עלית</ManufacturerName><ManufactureCountry>ישראל</ManufactureCountry><ManufacturerItemDescription>בפלות שוקולד 1 ק"ג ע</ManufacturerItemDescription><SoldByWeight/><Quantity>1000.00</Quantity><UnitOfMeasure>גרם     </UnitOfMeasure><QtyInPackage>לא ידוע</QtyInPackage><UnitOfMeasurePrice>0.0193</UnitOfMeasurePrice><AllowDiscount>1</AllowDiscount><ItemStatus>1</ItemStatus><ItemPrice>19.30</ItemPrice></item><item><PriceUpdateDate>2016-05-02 08:05:44</PriceUpdateDate><ItemCode>7290000174099</ItemCode><ItemType>1</ItemType><ItemName>בפלות בטעם שוקו 500</ItemName><ManufacturerName>עלית</ManufacturerName><ManufactureCountry>ישראל</ManufactureCountry><ManufacturerItemDescription>וופל שוקולד 500 גר</ManufacturerItemDescription><SoldByWeight/><Quantity>500.00</Quantity><UnitOfMeasure>גרם     </UnitOfMeasure><QtyInPackage>לא ידוע</QtyInPackage><UnitOfMeasurePrice>0.0278</UnitOfMeasurePrice><AllowDiscount>1</AllowDiscount><ItemStatus>1</ItemStatus><ItemPrice>13.90</ItemPrice></item><item><PriceUpdateDate>2016-05-30 22:03:25</PriceUpdateDate><ItemCode>7290000174723</ItemCode><ItemType>1</ItemType><ItemName>אבקת שוקולית 500 גרם</ItemName><ManufacturerName>שוקולית</ManufacturerName><ManufactureCountry>ישראל</ManufactureCountry><ManufacturerItemDescription>שוקולית עלית 500 גרם</ManufacturerItemDescription><SoldByWeight/><Quantity>500.00</Quantity><UnitOfMeasure>גרם     </UnitOfMeasure><QtyInPackage>לא ידוע</QtyInPackage><UnitOfMeasurePrice>0.0270</UnitOfMeasurePrice><AllowDiscount>1</AllowDiscount><ItemStatus>1</ItemStatus><ItemPrice>13.50</ItemPrice></item><item><PriceUpdateDate>2016-03-16 15:40:38</PriceUpdateDate><ItemCode>7290000176062</ItemCode><ItemType>1</ItemType><ItemName>קפה טורקי עלית בשקית</ItemName><ManufacturerName>עלית</ManufacturerName><ManufactureCountry>ישראל</ManufactureCountry><ManufacturerItemDescription>קפה טורקי בצלופן 100 גרם</ManufacturerItemDescription><SoldByWeight/><Quantity>100.00</Quantity><UnitOfMeasure>גרם     </UnitOfMeasure><QtyInPackage>לא ידוע</QtyInPackage><UnitOfMeasurePrice>0.0880</UnitOfMeasurePrice><AllowDiscount>0</AllowDiscount><ItemStatus>1</ItemStatus><ItemPrice>8.80</ItemPrice></item><item><PriceUpdateDate>2016-02-16 15:55:39</PriceUpdateDate><ItemCode>7290000176079</ItemCode><ItemType>1</ItemType><ItemName>קפה טורקי עלית עם הל</ItemName><ManufacturerName>טורקי עלית</ManufacturerName><ManufactureCountry>ישראל</ManufactureCountry><ManufacturerItemDescription>קפה עם הל 100 גר</ManufacturerItemDescription><SoldByWeight/><Quantity>100.00</Quantity><UnitOfMeasure>גרם     </UnitOfMeasure><QtyInPackage>לא ידוע</QtyInPackage><UnitOfMeasurePrice>0.0990</UnitOfMeasurePrice><AllowDiscount>1</AllowDiscount><ItemStatus>1</ItemStatus><ItemPrice>9.90</ItemPrice></item><item><PriceUpdateDate>2015-11-12 14:57:19</PriceUpdateDate><ItemCode>7290000176093</ItemCode><ItemType>1</ItemType><ItemName>קפה טורקי אלדין וקום</ItemName><ManufacturerName>אלדין</ManufacturerName><ManufactureCountry>ישראל</ManufactureCountry><ManufacturerItemDescription>קפה טורקי אלדין וקום</ManufacturerItemDescription><SoldByWeight/><Quantity>200.00</Quantity><UnitOfMeasure>גרם     </UnitOfMeasure><QtyInPackage>לא ידוע</QtyInPackage><UnitOfMeasurePrice>0.1240</UnitOfMeasurePrice><AllowDiscount>1</AllowDiscount><ItemStatus>1</ItemStatus><ItemPrice>24.80</ItemPrice></item><item><PriceUpdateDate>2016-06-01 06:53:48</PriceUpdateDate><ItemCode>7290000176413</ItemCode><ItemType>1</ItemType><ItemName>קפה נמס עלית 50 גרם</ItemName><ManufacturerName>עלית נמס</ManufacturerName><ManufactureCountry>ישראל</ManufactureCountry><ManufacturerItemDescription>קפה נמס עלית 50 גר</ManufacturerItemDescription><SoldByWeight/><Quantity>14.00</Quantity><UnitOfMeasure>גרם     </UnitOfMeasure><QtyInPackage>לא ידוע</QtyInPackage><UnitOfMeasurePrice>0.7071</UnitOfMeasurePrice><AllowDiscount>0</AllowDiscount><ItemStatus>1</ItemStatus><ItemPrice>9.90</ItemPrice></item><item><PriceUpdateDate>2016-03-16 15:40:38</PriceUpdateDate><ItemCode>7290000176420</ItemCode><ItemType>1</ItemType><ItemName>קפה נמס עלית 200 גרם</ItemName><ManufacturerName>עלית נמס</ManufacturerName><ManufactureCountry>ישראל</ManufactureCountry><ManufacturerItemDescription>קפה נמס עלית פחית 200 גר</ManufacturerItemDescription><SoldByWeight/><Quantity>200.00</Quantity><UnitOfMeasure>גרם     </UnitOfMeasure><QtyInPackage>לא ידוע</QtyInPackage><UnitOfMeasurePrice>0.0995</UnitOfMeasurePrice><AllowDiscount>1</AllowDiscount><ItemStatus>1</ItemStatus><ItemPrice>19.90</ItemPrice></item><item><PriceUpdateDate>2016-03-14 06:44:35</PriceUpdateDate><ItemCode>7290000176468</ItemCode><ItemType>1</ItemType><ItemName>קפה נמס האג 50 גרם</ItemName><ManufacturerName>עלית</ManufacturerName><ManufactureCountry>ישראל</ManufactureCountry><ManufacturerItemDescription>קפה נמס האג עלית 50 גר</ManufacturerItemDescription><SoldByWeight/><Quantity>50.00</Quantity><UnitOfMeasure>גרם     </UnitOfMeasure><QtyInPackage>לא ידוע</QtyInPackage><UnitOfMeasurePrice>0.2380</UnitOfMeasurePrice><AllowDiscount>1</AllowDiscount><ItemStatus>1</ItemStatus><ItemPrice>11.90</ItemPrice></item><item><PriceUpdateDate>2016-05-25 06:42:52</PriceUpdateDate><ItemCode>7290000176475</ItemCode><ItemType>1</ItemType><ItemName>קפה נמס האג 200 גרם</ItemName><ManufacturerName>האג</ManufacturerName><ManufactureCountry>ישראל</ManufactureCountry><ManufacturerItemDescription>קפה נמס האג 200 גרם</ManufacturerItemDescription><SoldByWeight/><Quantity>200.00</Quantity><UnitOfMeasure>גרם     </UnitOfMeasure><QtyInPackage>לא ידוע</QtyInPackage><UnitOfMeasurePrice>0.1995</UnitOfMeasurePrice><AllowDiscount>1</AllowDiscount><ItemStatus>1</ItemStatus><ItemPrice>39.90</ItemPrice></item><item><PriceUpdateDate>2016-05-30 22:03:25</PriceUpdateDate><ItemCode>7290000176857</ItemCode><ItemType>1</ItemType><ItemName>שוקולד פרה לבן 100 ג</ItemName><ManufacturerName>פרה</ManufacturerName><ManufactureCountry>ישראל</ManufactureCountry><ManufacturerItemDescription>שוקולד פרה לבן 100 גר</ManufacturerItemDescription><SoldByWeight/><Quantity>100.00</Quantity><UnitOfMeasure>גרם     </UnitOfMeasure><QtyInPackage>לא ידוע</QtyInPackage><UnitOfMeasurePrice>0.0540</UnitOfMeasurePrice><AllowDiscount>0</AllowDiscount><ItemStatus>1</ItemStatus><ItemPrice>5.40</ItemPrice></item><item><PriceUpdateDate>2016-05-30 22:03:25</PriceUpdateDate><ItemCode>7290000177694</ItemCode><ItemType>1</ItemType><ItemName>קפה טורקי עלית בואקו</ItemName><ManufacturerName>עלית</ManufacturerName><ManufactureCountry>ישראל</ManufactureCountry><ManufacturerItemDescription>קפה טורקי קלוי טחוןבואקום</ManufacturerItemDescription><SoldByWeight/><Quantity>200.00</Quantity><UnitOfMeasure>גרם     </UnitOfMeasure><QtyInPackage>לא ידוע</QtyInPackage><UnitOfMeasurePrice>0.0945</UnitOfMeasurePrice><AllowDiscount>1</AllowDiscount><ItemStatus>1</ItemStatus><ItemPrice>18.90</ItemPrice></item><item><PriceUpdateDate>2015-11-12 14:58:33</PriceUpdateDate><ItemCode>7290000178660</ItemCode><ItemType>1</ItemType><ItemName>וופל שוקו מצופה שוקו</ItemName><ManufacturerName>עלית</ManufacturerName><ManufactureCountry>ישראל</ManufactureCountry><ManufacturerItemDescription>וופל שוקו מצופה שוקו</ManufacturerItemDescription><SoldByWeight/><Quantity>500.00</Quantity><UnitOfMeasure>גרם     </UnitOfMeasure><QtyInPackage>לא ידוע</QtyInPackage><UnitOfMeasurePrice>0.0358</UnitOfMeasurePrice><AllowDiscount>1</AllowDiscount><ItemStatus>1</ItemStatus><ItemPrice>17.90</ItemPrice></item><item><PriceUpdateDate>2015-09-30 23:37:43</PriceUpdateDate><ItemCode>7290000178707</ItemCode><ItemType>1</ItemType><ItemName>חטיף תפוציפס טבעי 50</ItemName><ManufacturerName>תפוצ'יפס</ManufacturerName><ManufactureCountry>ישראל</ManufactureCountry><ManufacturerItemDescription>תפוציפס מלוח 50 גר</ManufacturerItemDescription><SoldByWeight/><Quantity>14.00</Quantity><UnitOfMeasure>גרם     </UnitOfMeasure><QtyInPackage>לא ידוע</QtyInPackage><UnitOfMeasurePrice>0.2786</UnitOfMeasurePrice><AllowDiscount>1</AllowDiscount><ItemStatus>1</ItemStatus><ItemPrice>3.90</ItemPrice></item><item><PriceUpdateDate>2016-06-01 06:54:03</PriceUpdateDate><ItemCode>7290000178721</ItemCode><ItemType>1</ItemType><ItemName>מב תפוצ'יפס טבעי 200</ItemName><ManufacturerName>תפוצ'יפס</ManufacturerName><ManufactureCountry>ישראל</ManufactureCountry><ManufacturerItemDescription>תפוציפס מלוח 200 גר</ManufacturerItemDescription><SoldByWeight/><Quantity>200.00</Quantity><UnitOfMeasure>גרם     </UnitOfMeasure><QtyInPackage>לא ידוע</QtyInPackage><UnitOfMeasurePrice>0.0445</UnitOfMeasurePrice><AllowDiscount>1</AllowDiscount><ItemStatus>1</ItemStatus><ItemPrice>8.90</ItemPrice></item><item><PriceUpdateDate>2016-03-21 09:57:01</PriceUpdateDate><ItemCode>7290000179445</ItemCode><ItemType>1</ItemType><ItemName>מסטיק בזוקה 30 יח' ב</ItemName><ManufacturerName>בזוקה</ManufacturerName><ManufactureCountry>ישראל</ManufactureCountry><ManufacturerItemDescription>מסטיק בזוקה 1/30 בשקית 18</ManufacturerItemDescription><SoldByWeight/><Quantity>30.00</Quantity><UnitOfMeasure>יח'</UnitOfMeasure><QtyInPackage>לא ידוע</QtyInPackage><UnitOfMeasurePrice>0.2967</UnitOfMeasurePrice><AllowDiscount>1</AllowDiscount><ItemStatus>1</ItemStatus><ItemPrice>8.90</ItemPrice></item><item><PriceUpdateDate>2016-02-16 15:55:39</PriceUpdateDate><ItemCode>7290000180212</ItemCode><ItemType>1</ItemType><ItemName>שוקולד פרה עם שברי א</ItemName><ManufacturerName>פרה</ManufacturerName><ManufactureCountry>ישראל</ManufactureCountry><ManufacturerItemDescription>שוקולד פרה מריר אגוזים100</ManufacturerItemDescription><SoldByWeight/><Quantity>100.00</Quantity><UnitOfMeasure>גרם     </UnitOfMeasure><QtyInPackage>לא ידוע</QtyInPackage><UnitOfMeasurePrice>0.0690</UnitOfMeasurePrice><AllowDiscount>0</AllowDiscount><ItemStatus>1</ItemStatus><ItemPrice>6.90</ItemPrice></item><item><PriceUpdateDate>2015-12-16 07:19:23</PriceUpdateDate><ItemCode>7290000181103</ItemCode><ItemType>1</ItemType><ItemName>ביסקוויט עד חצות חלב</ItemName><ManufacturerName>פרה</ManufacturerName><ManufactureCountry>ישראל</ManufactureCountry><ManufacturerItemDescription>ביסקוויט חלב 200 גר</ManufacturerItemDescription><SoldByWeight/><Quantity>200.00</Quantity><UnitOfMeasure>גרם     </UnitOfMeasure><QtyInPackage>לא ידוע</QtyInPackage><UnitOfMeasurePrice>0.0745</UnitOfMeasurePrice><AllowDiscount>1</AllowDiscount><ItemStatus>1</ItemStatus><ItemPrice>14.90</ItemPrice></item><item><PriceUpdateDate>2016-05-01 21:46:29</PriceUpdateDate><ItemCode>7290000182766</ItemCode><ItemType>1</ItemType><ItemName>ממרחית חלב עלית 500</ItemName><ManufacturerName>פרה</ManufacturerName><ManufactureCountry>ישראל</ManufactureCountry><ManufacturerItemDescription>ממרח חלב500 גר</ManufacturerItemDescription><SoldByWeight/><Quantity>500.00</Quantity><UnitOfMeasure>גרם     </UnitOfMeasure><QtyInPackage>לא ידוע</QtyInPackage><UnitOfMeasurePrice>0.0278</UnitOfMeasurePrice><AllowDiscount>1</AllowDiscount><ItemStatus>1</ItemStatus><ItemPrice>13.90</ItemPrice></item><item><PriceUpdateDate>2015-10-21 13:59:50</PriceUpdateDate><ItemCode>7290000187662</ItemCode><ItemType>1</ItemType><ItemName>נייר טואלט לילי לבן</ItemName><ManufacturerName>לילי</ManufacturerName><ManufactureCountry>ישראל</ManufactureCountry><ManufacturerItemDescription>נייר טואלט לילי לבן</ManufacturerItemDescription><SoldByWeight/><Quantity>0.00</Quantity><UnitOfMeasure>מטר</UnitOfMeasure><QtyInPackage>לא ידוע</QtyInPackage><UnitOfMeasurePrice>0.0000</UnitOfMeasurePrice><AllowDiscount>1</AllowDiscount><ItemStatus>1</ItemStatus><ItemPrice>49.00</ItemPrice></item><item><PriceUpdateDate>2016-05-30 22:03:25</PriceUpdateDate><ItemCode>7290000187921</ItemCode><ItemType>1</ItemType><ItemName>נ.טואלט לילי קלאסיק</ItemName><ManufacturerName>לילי</ManufacturerName><ManufactureCountry>ישראל</ManufactureCountry><ManufacturerItemDescription>נייר טואלט לילי לבן 32 יח</ManufacturerItemDescription><SoldByWeight/><Quantity>589.00</Quantity><UnitOfMeasure>מטר</UnitOfMeasure><QtyInPackage>לא ידוע</QtyInPackage><UnitOfMeasurePrice>0.0657</UnitOfMeasurePrice><AllowDiscount>1</AllowDiscount><ItemStatus>1</ItemStatus><ItemPrice>38.70</ItemPrice></item><item><PriceUpdateDate>2016-05-02 08:05:44</PriceUpdateDate><ItemCode>7290000187938</ItemCode><ItemType>1</ItemType><ItemName>מב נייר טואלט לילי פ</ItemName><ManufacturerName>לילי</ManufacturerName><ManufactureCountry>ישראל</ManufactureCountry><ManufacturerItemDescription>נייר טואלט לילי פסטל</ManufacturerItemDescription><SoldByWeight/><Quantity>589.00</Quantity><UnitOfMeasure>מטר</UnitOfMeasure><QtyInPackage>לא ידוע</QtyInPackage><UnitOfMeasurePrice>0.0593</UnitOfMeasurePrice><AllowDiscount>1</AllowDiscount><ItemStatus>1</ItemStatus><ItemPrice>34.90</ItemPrice></item><item><PriceUpdateDate>2016-05-01 21:46:29</PriceUpdateDate><ItemCode>7290000187952</ItemCode><ItemType>1</ItemType><ItemName>נייר טואלט לילי טריו</ItemName><ManufacturerName>לילי</ManufacturerName><ManufactureCountry>ישראל</ManufactureCountry><ManufacturerItemDescription>לילי טריו 32 יחידות</ManufacturerItemDescription><SoldByWeight/><Quantity>535.00</Quantity><UnitOfMeasure>מטר</UnitOfMeasure><QtyInPackage>לא ידוע</QtyInPackage><UnitOfMeasurePrice>0.0923</UnitOfMeasurePrice><AllowDiscount>1</AllowDiscount><ItemStatus>1</ItemStatus><ItemPrice>49.40</ItemPrice></item><item><PriceUpdateDate>2016-05-02 08:05:44</PriceUpdateDate><ItemCode>7290000188065</ItemCode><ItemType>1</ItemType><ItemName>מב מגיני תחתון קוטקס</ItemName><ManufacturerName>קוטקס</ManufacturerName><ManufactureCountry>סין</ManufactureCountry><ManufacturerItemDescription>דאודורנט דאב    פפונ169.</ManufacturerItemDescription><SoldByWeight/><Quantity>62.00</Quantity><UnitOfMeasure>חב'</UnitOfMeasure><QtyInPackage>לא ידוע</QtyInPackage><UnitOfMeasurePrice>0.2726</UnitOfMeasurePrice><AllowDiscount>1</AllowDiscount><ItemStatus>1</ItemStatus><ItemPrice>16.90</ItemPrice></item><item><PriceUpdateDate>2015-11-13 10:30:11</PriceUpdateDate><ItemCode>7290000188249</ItemCode><ItemType>1</ItemType><ItemName>מגבת נייר ויוה</ItemName><ManufacturerName>ויוה</ManufacturerName><ManufactureCountry>ישראל</ManufactureCountry><ManufacturerItemDescription>מגבת נייר ויוה 64 דף בגלי</ManufacturerItemDescription><SoldByWeight/><Quantity>1.00</Quantity><UnitOfMeasure>יח'</UnitOfMeasure><QtyInPackage>לא ידוע</QtyInPackage><UnitOfMeasurePrice>20.7000</UnitOfMeasurePrice><AllowDiscount>1</AllowDiscount><ItemStatus>1</ItemStatus><ItemPrice>20.70</ItemPrice></item><item><PriceUpdateDate>2015-10-21 13:59:50</PriceUpdateDate><ItemCode>7290000188270</ItemCode><ItemType>1</ItemType><ItemName>מגבונים קלינקס אולטר</ItemName><ManufacturerName>קלינקס</ManufacturerName><ManufactureCountry>ישראל</ManufactureCountry><ManufacturerItemDescription>מגבונים קלינקס אולטר</ManufacturerItemDescription><SoldByWeight/><Quantity>100.00</Quantity><UnitOfMeasure>בודד</UnitOfMeasure><QtyInPackage>לא ידוע</QtyInPackage><UnitOfMeasurePrice>0.2150</UnitOfMeasurePrice><AllowDiscount>1</AllowDiscount><ItemStatus>1</ItemStatus><ItemPrice>21.50</ItemPrice></item><item><PriceUpdateDate>2016-01-05 08:49:00</PriceUpdateDate><ItemCode>7290000188355</ItemCode><ItemType>1</ItemType><ItemName>מב מגבת נייר ניקול ש</ItemName><ManufacturerName>ניקול</ManufacturerName><ManufactureCountry>ישראל</ManufactureCountry><ManufacturerItemDescription>מגבת נייר ניקול</ManufacturerItemDescription><SoldByWeight/><Quantity>6.00</Quantity><UnitOfMeasure>מטר</UnitOfMeasure><QtyInPackage>לא ידוע</QtyInPackage><UnitOfMeasurePrice>1.6500</UnitOfMeasurePrice><AllowDiscount>1</AllowDiscount><ItemStatus>1</ItemStatus><ItemPrice>9.90</ItemPrice></item><item><PriceUpdateDate>2016-05-02 08:05:44</PriceUpdateDate><ItemCode>7290000188553</ItemCode><ItemType>1</ItemType><ItemName>מב מגיני תחתון קוטקס</ItemName><ManufacturerName>קוטקס</ManufacturerName><ManufactureCountry>סין</ManufactureCountry><ManufacturerItemDescription>דאודורנט דאב     טאצ50'ג</ManufacturerItemDescription><SoldByWeight/><Quantity>52.00</Quantity><UnitOfMeasure>בודד</UnitOfMeasure><QtyInPackage>לא ידוע</QtyInPackage><UnitOfMeasurePrice>0.3250</UnitOfMeasurePrice><AllowDiscount>1</AllowDiscount><ItemStatus>1</ItemStatus><ItemPrice>16.90</ItemPrice></item><item><PriceUpdateDate>2016-05-02 08:05:44</PriceUpdateDate><ItemCode>7290000188560</ItemCode><ItemType>1</ItemType><ItemName>מב מגיני תחתון לשימו</ItemName><ManufacturerName>.N.Y.C</ManufacturerName><ManufactureCountry>סין</ManufactureCountry><ManufacturerItemDescription>קרם ידיים פנג'ל דיים100מ</ManufacturerItemDescription><SoldByWeight/><Quantity>1.00</Quantity><UnitOfMeasure>יח'</UnitOfMeasure><QtyInPackage>לא ידוע</QtyInPackage><UnitOfMeasurePrice>16.9000</UnitOfMeasurePrice><AllowDiscount>1</AllowDiscount><ItemStatus>1</ItemStatus><ItemPrice>16.90</ItemPrice></item><item><PriceUpdateDate>2016-05-02 08:05:44</PriceUpdateDate><ItemCode>7290000188973</ItemCode><ItemType>1</ItemType><ItemName>מב תחבושות קוטקס דיז</ItemName><ManufacturerName>קוטקס</ManufacturerName><ManufactureCountry>ישראל</ManufactureCountry><ManufacturerItemDescription>קוטקס דיזיין תחבושות נורמ</ManufacturerItemDescription><SoldByWeight/><Quantity>23.00</Quantity><UnitOfMeasure>בודד</UnitOfMeasure><QtyInPackage>לא ידוע</QtyInPackage><UnitOfMeasurePrice>0.7348</UnitOfMeasurePrice><AllowDiscount>1</AllowDiscount><ItemStatus>1</ItemStatus><ItemPrice>16.90</ItemPrice></item><item><PriceUpdateDate>2016-05-02 08:05:45</PriceUpdateDate><ItemCode>7290000189079</ItemCode><ItemType>1</ItemType><ItemName>מב מגשיות אלומיניום</ItemName><ManufacturerName>ניקול</ManufacturerName><ManufactureCountry>ישראל</ManufactureCountry><ManufacturerItemDescription>מב מגשיות אלומיניום</ManufacturerItemDescription><SoldByWeight/><Quantity>6.00</Quantity><UnitOfMeasure>יח'</UnitOfMeasure><QtyInPackage>לא ידוע</QtyInPackage><UnitOfMeasurePrice>1.6500</UnitOfMeasurePrice><AllowDiscount>1</AllowDiscount><ItemStatus>1</ItemStatus><ItemPrice>9.90</ItemPrice></item><item><PriceUpdateDate>2016-05-02 08:05:45</PriceUpdateDate><ItemCode>7290000189116</ItemCode><ItemType>1</ItemType><ItemName>מב מגשיות אלומיניום</ItemName><ManufacturerName>ניקול</ManufacturerName><ManufactureCountry>ישראל</ManufactureCountry><ManufacturerItemDescription>מב מגשיות אלומיניום</ManufacturerItemDescription><SoldByWeight/><Quantity>5.00</Quantity><UnitOfMeasure>יח'</UnitOfMeasure><QtyInPackage>לא ידוע</QtyInPackage><UnitOfMeasurePrice>1.9800</UnitOfMeasurePrice><AllowDiscount>1</AllowDiscount><ItemStatus>1</ItemStatus><ItemPrice>9.90</ItemPrice></item><item><PriceUpdateDate>2016-05-01 21:46:30</PriceUpdateDate><ItemCode>7290000189192</ItemCode><ItemType>1</ItemType><ItemName>ניקול סופר מטלית</ItemName><ManufacturerName>ניקול</ManufacturerName><ManufactureCountry>ישראל</ManufactureCountry><ManufacturerItemDescription>מגבת ניקול סופר מטלית</ManufacturerItemDescription><SoldByWeight/><Quantity>1.00</Quantity><UnitOfMeasure>יח'</UnitOfMeasure><QtyInPackage>לא ידוע</QtyInPackage><UnitOfMeasurePrice>19.9000</UnitOfMeasurePrice><AllowDiscount>1</AllowDiscount><ItemStatus>1</ItemStatus><ItemPrice>19.90</ItemPrice></item><item><PriceUpdateDate>2016-05-30 22:03:25</PriceUpdateDate><ItemCode>7290000189208</ItemCode><ItemType>1</ItemType><ItemName>מב מטלית הקסם לשיש נ</ItemName><ManufacturerName>ניקול</ManufacturerName><ManufactureCountry>סין</ManufactureCountry><ManufacturerItemDescription>דאודורנט        ורט50גרם</ManufacturerItemDescription><SoldByWeight/><Quantity>1.00</Quantity><UnitOfMeasure>יח'</UnitOfMeasure><QtyInPackage>לא ידוע</QtyInPackage><UnitOfMeasurePrice>5.0000</UnitOfMeasurePrice><AllowDiscount>1</AllowDiscount><ItemStatus>1</ItemStatus><ItemPrice>5.00</ItemPrice></item><item><PriceUpdateDate>2015-10-21 13:58:10</PriceUpdateDate><ItemCode>7290000189499</ItemCode><ItemType>1</ItemType><ItemName>תבניות אפייה חד פעמי</ItemName><ManufacturerName>ניקול</ManufacturerName><ManufactureCountry>ישראל</ManufactureCountry><ManufacturerItemDescription>תבניות אפייה חד פעמי</ManufacturerItemDescription><SoldByWeight/><Quantity>3.00</Quantity><UnitOfMeasure>בודד</UnitOfMeasure><QtyInPackage>לא ידוע</QtyInPackage><UnitOfMeasurePrice>4.1333</UnitOfMeasurePrice><AllowDiscount>1</AllowDiscount><ItemStatus>1</ItemStatus><ItemPrice>12.40</ItemPrice></item><item><PriceUpdateDate>2015-10-21 13:58:10</PriceUpdateDate><ItemCode>7290000189505</ItemCode><ItemType>1</ItemType><ItemName>תבניות אפייה חד פעמי</ItemName><ManufacturerName>ניקול</ManufacturerName><ManufactureCountry>ישראל</ManufactureCountry><ManufacturerItemDescription>תבנית אפייה קרטון אינגליש</ManufacturerItemDescription><SoldByWeight/><Quantity>5.00</Quantity><UnitOfMeasure>בודד</UnitOfMeasure><QtyInPackage>לא ידוע</QtyInPackage><UnitOfMeasurePrice>2.4800</UnitOfMeasurePrice><AllowDiscount>1</AllowDiscount><ItemStatus>1</ItemStatus><ItemPrice>12.40</ItemPrice></item><item><PriceUpdateDate>2016-06-07 12:22:49</PriceUpdateDate><ItemCode>7290000189550</ItemCode><ItemType>1</ItemType><ItemName>מב אשפתון זוג ניקול</ItemName><ManufacturerName>ניקול</ManufacturerName><ManufactureCountry>ישראל</ManufactureCountry><ManufacturerItemDescription>ש.אשפה מתכלות זוג 20 יחיד</ManufacturerItemDescription><SoldByWeight/><Quantity>20.00</Quantity><UnitOfMeasure>בודד</UnitOfMeasure><QtyInPackage>לא ידוע</QtyInPackage><UnitOfMeasurePrice>1.1450</UnitOfMeasurePrice><AllowDiscount>1</AllowDiscount><ItemStatus>1</ItemStatus><ItemPrice>22.90</ItemPrice></item><item><PriceUpdateDate>2016-06-07 12:22:49</PriceUpdateDate><ItemCode>7290000189598</ItemCode><ItemType>1</ItemType><ItemName>מב מטליות לחות חד"פ</ItemName><ManufacturerName>ניקול</ManufacturerName><ManufactureCountry>ישראל</ManufactureCountry><ManufacturerItemDescription>מגבוני ניקול לניקוי כללי5</ManufacturerItemDescription><SoldByWeight/><Quantity>50.00</Quantity><UnitOfMeasure>יח'</UnitOfMeasure><QtyInPackage>לא ידוע</QtyInPackage><UnitOfMeasurePrice>0.2180</UnitOfMeasurePrice><AllowDiscount>1</AllowDiscount><ItemStatus>1</ItemStatus><ItemPrice>10.90</ItemPrice></item><item><PriceUpdateDate>2014-11-03 06:36:52</PriceUpdateDate><ItemCode>7290000189734</ItemCode><ItemType>1</ItemType><ItemName>מטליות לחות לפרקטים-</ItemName><ManufacturerName>ניקול</ManufacturerName><ManufactureCountry>ישראל</ManufactureCountry><ManufacturerItemDescription>מטליות לחות לפרקטים-</ManufacturerItemDescription><SoldByWeight/><Quantity>10.00</Quantity><UnitOfMeasure>יח'</UnitOfMeasure><QtyInPackage>לא ידוע</QtyInPackage><UnitOfMeasurePrice>1.7300</UnitOfMeasurePrice><AllowDiscount>1</AllowDiscount><ItemStatus>1</ItemStatus><ItemPrice>17.30</ItemPrice></item><item><PriceUpdateDate>2016-05-30 22:03:25</PriceUpdateDate><ItemCode>7290000189871</ItemCode><ItemType>1</ItemType><ItemName>אשפתון 60 שקיות ניקו</ItemName><ManufacturerName>ניקול</ManufacturerName><ManufactureCountry>ישראל</ManufactureCountry><ManufacturerItemDescription>ש.אשפה מתכלות 60 יח</ManufacturerItemDescription><SoldByWeight/><Quantity>60.00</Quantity><UnitOfMeasure>חב'</UnitOfMeasure><QtyInPackage>לא ידוע</QtyInPackage><UnitOfMeasurePrice>0.3650</UnitOfMeasurePrice><AllowDiscount>1</AllowDiscount><ItemStatus>1</ItemStatus><ItemPrice>21.90</ItemPrice></item><item><PriceUpdateDate>2016-05-22 09:34:00</PriceUpdateDate><ItemCode>7290000190068</ItemCode><ItemType>1</ItemType><ItemName>מפיות ניקול 100 יחיד</ItemName><ManufacturerName>ניקול</ManufacturerName><ManufactureCountry>ישראל</ManufactureCountry><ManufacturerItemDescription>מפיות נייר ניקול 100 יח</ManufacturerItemDescription><SoldByWeight/><Quantity>0.00</Quantity><UnitOfMeasure>יח'</UnitOfMeasure><QtyInPackage>לא ידוע</QtyInPackage><UnitOfMeasurePrice>0.0000</UnitOfMeasurePrice><AllowDiscount>1</AllowDiscount><ItemStatus>1</ItemStatus><ItemPrice>9.90</ItemPrice></item><item><PriceUpdateDate>2016-05-01 21:46:30</PriceUpdateDate><ItemCode>7290000190150</ItemCode><ItemType>1</ItemType><ItemName>מפיות ניקול 3  שכבות</ItemName><ManufacturerName>ניקול</ManufacturerName><ManufactureCountry>ישראל</ManufactureCountry><ManufacturerItemDescription>מפיות ניקול 3  שכבות</ManufacturerItemDescription><SoldByWeight/><Quantity>20.00</Quantity><UnitOfMeasure>חב'</UnitOfMeasure><QtyInPackage>לא ידוע</QtyInPackage><UnitOfMeasurePrice>0.5750</UnitOfMeasurePrice><AllowDiscount>1</AllowDiscount><ItemStatus>1</ItemStatus><ItemPrice>11.50</ItemPrice></item><item><PriceUpdateDate>2016-06-07 12:23:03</PriceUpdateDate><ItemCode>7290000190174</ItemCode><ItemType>1</ItemType><ItemName>מב זוג מפיות חלקות ח</ItemName><ManufacturerName>ניקול</ManufacturerName><ManufactureCountry>ישראל</ManufactureCountry><ManufacturerItemDescription>מב זוג מפיות חלקות ח</ManufacturerItemDescription><SoldByWeight/><Quantity>170.00</Quantity><UnitOfMeasure>יח'</UnitOfMeasure><QtyInPackage>לא ידוע</QtyInPackage><UnitOfMeasurePrice>0.0641</UnitOfMeasurePrice><AllowDiscount>1</AllowDiscount><ItemStatus>1</ItemStatus><ItemPrice>10.90</ItemPrice></item><item><PriceUpdateDate>2016-06-07 12:23:03</PriceUpdateDate><ItemCode>7290000190563</ItemCode><ItemType>1</ItemType><ItemName>מב זוג מפיות מודפסות</ItemName><ManufacturerName>ניקול</ManufacturerName><ManufactureCountry>ישראל</ManufactureCountry><ManufacturerItemDescription>מב זוג מפיות מודפסות</ManufacturerItemDescription><SoldByWeight/><Quantity>170.00</Quantity><UnitOfMeasure>יח'</UnitOfMeasure><QtyInPackage>לא ידוע</QtyInPackage><UnitOfMeasurePrice>0.0641</UnitOfMeasurePrice><AllowDiscount>1</AllowDiscount><ItemStatus>1</ItemStatus><ItemPrice>10.90</ItemPrice></item><item><PriceUpdateDate>2016-01-05 08:49:01</PriceUpdateDate><ItemCode>7290000191140</ItemCode><ItemType>1</ItemType><ItemName>מב מארז מגבוני נשטפי</ItemName><ManufacturerName>לילי</ManufacturerName><ManufactureCountry>ישראל</ManufactureCountry><ManufacturerItemDescription>מב מארז מגבוני נשטפי</ManufacturerItemDescription><SoldByWeight/><Quantity>120.00</Quantity><UnitOfMeasure>בודד</UnitOfMeasure><QtyInPackage>לא ידוע</QtyInPackage><UnitOfMeasurePrice>0.1492</UnitOfMeasurePrice><AllowDiscount>1</AllowDiscount><ItemStatus>1</ItemStatus><ItemPrice>17.90</ItemPrice></item><item><PriceUpdateDate>2016-02-02 06:50:50</PriceUpdateDate><ItemCode>7290000191393</ItemCode><ItemType>1</ItemType><ItemName>מגבוני מולט שביעייה</ItemName><ManufacturerName>מולט</ManufacturerName><ManufactureCountry>ישראל</ManufactureCountry><ManufacturerItemDescription>מגבוני מולט שביעייה</ManufacturerItemDescription><SoldByWeight/><Quantity>700.00</Quantity><UnitOfMeasure>בודד</UnitOfMeasure><QtyInPackage>לא ידוע</QtyInPackage><UnitOfMeasurePrice>0.0310</UnitOfMeasurePrice><AllowDiscount>1</AllowDiscount><ItemStatus>1</ItemStatus><ItemPrice>21.70</ItemPrice></item><item><PriceUpdateDate>2016-05-30 22:03:25</PriceUpdateDate><ItemCode>7290000191539</ItemCode><ItemType>1</ItemType><ItemName>נייר טישו לילי צבעונ</ItemName><ManufacturerName>לילי</ManufacturerName><ManufactureCountry>ישראל</ManufactureCountry><ManufacturerItemDescription>נייר טישו לילי צבעונ</ManufacturerItemDescription><SoldByWeight/><Quantity>5.00</Quantity><UnitOfMeasure>חב'</UnitOfMeasure><QtyInPackage>לא ידוע</QtyInPackage><UnitOfMeasurePrice>2.5000</UnitOfMeasurePrice><AllowDiscount>1</AllowDiscount><ItemStatus>1</ItemStatus><ItemPrice>12.50</ItemPrice></item><item><PriceUpdateDate>2016-05-02 08:05:45</PriceUpdateDate><ItemCode>7290000191546</ItemCode><ItemType>1</ItemType><ItemName>מב מארז שלישייה מגבו</ItemName><ManufacturerName>לילי</ManufacturerName><ManufactureCountry>ישראל</ManufactureCountry><ManufacturerItemDescription>מגבוני לילי צבעוני בניילו</ManufacturerItemDescription><SoldByWeight/><Quantity>0.00</Quantity><UnitOfMeasure>יח'</UnitOfMeasure><QtyInPackage>לא ידוע</QtyInPackage><UnitOfMeasurePrice>0.0000</UnitOfMeasurePrice><AllowDiscount>1</AllowDiscount><ItemStatus>1</ItemStatus><ItemPrice>8.90</ItemPrice></item><item><PriceUpdateDate>2016-05-30 22:03:25</PriceUpdateDate><ItemCode>7290000191560</ItemCode><ItemType>1</ItemType><ItemName>מב מגבת נייר ניקול ש</ItemName><ManufacturerName>ניקול</ManufacturerName><ManufactureCountry>ישראל</ManufactureCountry><ManufacturerItemDescription>מגבות נייר גליל כפול ניקו</ManufacturerItemDescription><SoldByWeight/><Quantity>0.00</Quantity><UnitOfMeasure>יח'</UnitOfMeasure><QtyInPackage>לא ידוע</QtyInPackage><UnitOfMeasurePrice>0.0000</UnitOfMeasurePrice><AllowDiscount>1</AllowDiscount><ItemStatus>1</ItemStatus><ItemPrice>9.90</ItemPrice></item><item><PriceUpdateDate>2015-11-13 10:30:03</PriceUpdateDate><ItemCode>7290000193014</ItemCode><ItemType>1</ItemType><ItemName>תחבושות לילי אינטרלו</ItemName><ManufacturerName>לילי</ManufacturerName><ManufactureCountry>ישראל</ManufactureCountry><ManufacturerItemDescription>תחבושות לילי אינטרלו</ManufacturerItemDescription><SoldByWeight/><Quantity>50.00</Quantity><UnitOfMeasure>בודד</UnitOfMeasure><QtyInPackage>לא ידוע</QtyInPackage><UnitOfMeasurePrice>0.2500</UnitOfMeasurePrice><AllowDiscount>1</AllowDiscount><ItemStatus>1</ItemStatus><ItemPrice>12.50</ItemPrice></item><item><PriceUpdateDate>2015-10-20 17:05:47</PriceUpdateDate><ItemCode>7290000193083</ItemCode><ItemType>1</ItemType><ItemName>תחבושות נובה לי 28 י</ItemName><ManufacturerName>לא ידוע</ManufacturerName><ManufactureCountry>ישראל</ManufactureCountry><ManufacturerItemDescription>תחבושות נובה לי בודד 28 י</ManufacturerItemDescription><SoldByWeight/><Quantity>28.00</Quantity><UnitOfMeasure>בודד</UnitOfMeasure><QtyInPackage>לא ידוע</QtyInPackage><UnitOfMeasurePrice>0.4714</UnitOfMeasurePrice><AllowDiscount>1</AllowDiscount><ItemStatus>1</ItemStatus><ItemPrice>13.20</ItemPrice></item><item><PriceUpdateDate>2014-11-03 06:36:52</PriceUpdateDate><ItemCode>7290000193175</ItemCode><ItemType>1</ItemType><ItemName>תחבושת לילי אינטימיי</ItemName><ManufacturerName>לילי</ManufacturerName><ManufactureCountry>ישראל</ManufactureCountry><ManufacturerItemDescription>תחבושת לילי אינטימיי</ManufacturerItemDescription><SoldByWeight/><Quantity>18.00</Quantity><UnitOfMeasure>בודד</UnitOfMeasure><QtyInPackage>לא ידוע</QtyInPackage><UnitOfMeasurePrice>0.5667</UnitOfMeasurePrice><AllowDiscount>1</AllowDiscount><ItemStatus>1</ItemStatus><ItemPrice>10.20</ItemPrice></item><item><PriceUpdateDate>2016-01-05 08:49:01</PriceUpdateDate><ItemCode>7290000193205</ItemCode><ItemType>1</ItemType><ItemName>תחבושות לילי 20 יחי</ItemName><ManufacturerName>לילי</ManufacturerName><ManufactureCountry>ישראל</ManufactureCountry><ManufacturerItemDescription>תחבושות לילי 20 יחי</ManufacturerItemDescription><SoldByWeight/><Quantity>20.00</Quantity><UnitOfMeasure>בודד</UnitOfMeasure><QtyInPackage>לא ידוע</QtyInPackage><UnitOfMeasurePrice>0.9850</UnitOfMeasurePrice><AllowDiscount>1</AllowDiscount><ItemStatus>1</ItemStatus><ItemPrice>19.70</ItemPrice></item><item><PriceUpdateDate>2016-01-05 08:49:01</PriceUpdateDate><ItemCode>7290000193656</ItemCode><ItemType>1</ItemType><ItemName>תחבושות לילי סופר +</ItemName><ManufacturerName>לילי</ManufacturerName><ManufactureCountry>ישראל</ManufactureCountry><ManufacturerItemDescription>תחבושות לילי סופר +</ManufacturerItemDescription><SoldByWeight/><Quantity>24.00</Quantity><UnitOfMeasure>בודד</UnitOfMeasure><QtyInPackage>לא ידוע</QtyInPackage><UnitOfMeasurePrice>0.8208</UnitOfMeasurePrice><AllowDiscount>1</AllowDiscount><ItemStatus>1</ItemStatus><ItemPrice>19.70</ItemPrice></item><item><PriceUpdateDate>2016-05-01 21:46:31</PriceUpdateDate><ItemCode>7290000195773</ItemCode><ItemType>1</ItemType><ItemName>מב מגבוני האגיס רביע</ItemName><ManufacturerName>האגיס</ManufacturerName><ManufactureCountry>ישראל</ManufactureCountry><ManufacturerItemDescription>מב מגבוני האגיס רביע</ManufacturerItemDescription><SoldByWeight/><Quantity>0.00</Quantity><UnitOfMeasure>יח'</UnitOfMeasure><QtyInPackage>לא ידוע</QtyInPackage><UnitOfMeasurePrice>0.0000</UnitOfMeasurePrice><AllowDiscount>1</AllowDiscount><ItemStatus>1</ItemStatus><ItemPrice>21.90</ItemPrice></item><item><PriceUpdateDate>2016-06-07 12:22:49</PriceUpdateDate><ItemCode>7290000196039</ItemCode><ItemType>1</ItemType><ItemName>מב זוג מפות שולחן חד</ItemName><ManufacturerName>ניקול</ManufacturerName><ManufactureCountry>ישראל</ManufactureCountry><ManufacturerItemDescription>מפות ניקול זוג</ManufacturerItemDescription><SoldByWeight/><Quantity>2.00</Quantity><UnitOfMeasure>יח'</UnitOfMeasure><QtyInPackage>לא ידוע</QtyInPackage><UnitOfMeasurePrice>5.4500</UnitOfMeasurePrice><AllowDiscount>1</AllowDiscount><ItemStatus>1</ItemStatus><ItemPrice>10.90</ItemPrice></item><item><PriceUpdateDate>2016-06-07 12:22:49</PriceUpdateDate><ItemCode>7290000196343</ItemCode><ItemType>1</ItemType><ItemName>מב מפת שולחן מהודרת</ItemName><ManufacturerName>ניקול</ManufacturerName><ManufactureCountry>ישראל</ManufactureCountry><ManufacturerItemDescription>מב מפת שולחן מהודרת</ManufacturerItemDescription><SoldByWeight/><Quantity>1.00</Quantity><UnitOfMeasure>יח'</UnitOfMeasure><QtyInPackage>לא ידוע</QtyInPackage><UnitOfMeasurePrice>10.9000</UnitOfMeasurePrice><AllowDiscount>1</AllowDiscount><ItemStatus>1</ItemStatus><ItemPrice>10.90</ItemPrice></item><item><PriceUpdateDate>2015-10-21 13:58:10</PriceUpdateDate><ItemCode>7290000196763</ItemCode><ItemType>1</ItemType><ItemName>שקית חזקה ניקול עם ר</ItemName><ManufacturerName>ניקול</ManufacturerName><ManufactureCountry>ישראל</ManufactureCountry><ManufacturerItemDescription>השקית החזקה ניקול 40 יח</ManufacturerItemDescription><SoldByWeight/><Quantity>40.00</Quantity><UnitOfMeasure>חב'</UnitOfMeasure><QtyInPackage>לא ידוע</QtyInPackage><UnitOfMeasurePrice>0.7750</UnitOfMeasurePrice><AllowDiscount>1</AllowDiscount><ItemStatus>1</ItemStatus><ItemPrice>31.00</ItemPrice></item><item><PriceUpdateDate>2015-11-16 11:40:29</PriceUpdateDate><ItemCode>7290000197012</ItemCode><ItemType>1</ItemType><ItemName>שקיות ריצ רץ ניקול</ItemName><ManufacturerName>ניקול</ManufacturerName><ManufactureCountry>ישראל</ManufactureCountry><ManufacturerItemDescription>שקית ריצרץX18 בקופסא 15 י</ManufacturerItemDescription><SoldByWeight/><Quantity>1.00</Quantity><UnitOfMeasure>יח'</UnitOfMeasure><QtyInPackage>לא ידוע</QtyInPackage><UnitOfMeasurePrice>16.7000</UnitOfMeasurePrice><AllowDiscount>1</AllowDiscount><ItemStatus>1</ItemStatus><ItemPrice>16.70</ItemPrice></item><item><PriceUpdateDate>2015-11-16 11:40:29</PriceUpdateDate><ItemCode>7290000197029</ItemCode><ItemType>1</ItemType><ItemName>שקיות ענק עם רוכסן נ</ItemName><ManufacturerName>ניקול</ManufacturerName><ManufactureCountry>ישראל</ManufactureCountry><ManufacturerItemDescription>שקית ריצרץX28 בקופסא12 יח</ManufacturerItemDescription><SoldByWeight/><Quantity>1.00</Quantity><UnitOfMeasure>יח'</UnitOfMeasure><QtyInPackage>לא ידוע</QtyInPackage><UnitOfMeasurePrice>15.6000</UnitOfMeasurePrice><AllowDiscount>1</AllowDiscount><ItemStatus>1</ItemStatus><ItemPrice>15.60</ItemPrice></item><item><PriceUpdateDate>2015-11-16 11:40:29</PriceUpdateDate><ItemCode>7290000197081</ItemCode><ItemType>1</ItemType><ItemName>ניילונית חסכוני 150</ItemName><ManufacturerName>ניקול</ManufacturerName><ManufactureCountry>ישראל</ManufactureCountry><ManufacturerItemDescription>ניילונית חסכוני 150</ManufacturerItemDescription><SoldByWeight/><Quantity>0.00</Quantity><UnitOfMeasure>יח'</UnitOfMeasure><QtyInPackage>לא ידוע</QtyInPackage><UnitOfMeasurePrice>0.0000</UnitOfMeasurePrice><AllowDiscount>1</AllowDiscount><ItemStatus>1</ItemStatus><ItemPrice>35.10</ItemPrice></item><item><PriceUpdateDate>2016-05-01 21:46:31</PriceUpdateDate><ItemCode>7290000197326</ItemCode><ItemType>1</ItemType><ItemName>זוג רדיד אלומיניום ק</ItemName><ManufacturerName>ניקול</ManufacturerName><ManufactureCountry>ישראל</ManufactureCountry><ManufacturerItemDescription>רדיד אלומיניום 7.5*30 זוג</ManufacturerItemDescription><SoldByWeight/><Quantity>2.00</Quantity><UnitOfMeasure>יח'</UnitOfMeasure><QtyInPackage>לא ידוע</QtyInPackage><UnitOfMeasurePrice>5.4500</UnitOfMeasurePrice><AllowDiscount>1</AllowDiscount><ItemStatus>1</ItemStatus><ItemPrice>10.90</ItemPrice></item><item><PriceUpdateDate>2016-05-30 22:03:25</PriceUpdateDate><ItemCode>7290000197425</ItemCode><ItemType>1</ItemType><ItemName>חיתולי האגיס פרידום</ItemName><ManufacturerName>האגיס</ManufacturerName><ManufactureCountry>לא ידוע</ManufactureCountry><ManufacturerItemDescription>חיתולי האגיס פרידום</ManufacturerItemDescription><SoldByWeight/><Quantity>54.00</Quantity><UnitOfMeasure>בודד</UnitOfMeasure><QtyInPackage>לא ידוע</QtyInPackage><UnitOfMeasurePrice>0.7944</UnitOfMeasurePrice><AllowDiscount>1</AllowDiscount><ItemStatus>1</ItemStatus><ItemPrice>42.90</ItemPrice></item><item><PriceUpdateDate>2016-03-16 15:40:39</PriceUpdateDate><ItemCode>7290000197432</ItemCode><ItemType>1</ItemType><ItemName>סנדויצון ניקול זוגות</ItemName><ManufacturerName>ניקול</ManufacturerName><ManufactureCountry>ישראל</ManufactureCountry><ManufacturerItemDescription>שקיות סנדביצון 150 יח זוג</ManufacturerItemDescription><SoldByWeight/><Quantity>300.00</Quantity><UnitOfMeasure>בודד</UnitOfMeasure><QtyInPackage>לא ידוע</QtyInPackage><UnitOfMeasurePrice>0.0463</UnitOfMeasurePrice><AllowDiscount>1</AllowDiscount><ItemStatus>1</ItemStatus><ItemPrice>13.90</ItemPrice></item><item><PriceUpdateDate>2016-05-30 22:03:25</PriceUpdateDate><ItemCode>7290000197463</ItemCode><ItemType>1</ItemType><ItemName>חיתולי האגיס פרידום</ItemName><ManufacturerName>האגיס</ManufacturerName><ManufactureCountry>לא ידוע</ManufactureCountry><ManufacturerItemDescription>חיתולי האגיס פרידום</ManufacturerItemDescription><SoldByWeight/><Quantity>42.00</Quantity><UnitOfMeasure>בודד</UnitOfMeasure><QtyInPackage>לא ידוע</QtyInPackage><UnitOfMeasurePrice>1.0214</UnitOfMeasurePrice><AllowDiscount>1</AllowDiscount><ItemStatus>1</ItemStatus><ItemPrice>42.90</ItemPrice></item><item><PriceUpdateDate>2016-05-30 22:03:25</PriceUpdateDate><ItemCode>7290000197548</ItemCode><ItemType>1</ItemType><ItemName>חיתולי האגיס פרידום</ItemName><ManufacturerName>האגיס</ManufacturerName><ManufactureCountry>לא ידוע</ManufactureCountry><ManufacturerItemDescription>חיתולי האגיס פרידום</ManufacturerItemDescription><SoldByWeight/><Quantity>38.00</Quantity><UnitOfMeasure>בודד</UnitOfMeasure><QtyInPackage>לא ידוע</QtyInPackage><UnitOfMeasurePrice>1.1289</UnitOfMeasurePrice><AllowDiscount>1</AllowDiscount><ItemStatus>1</ItemStatus><ItemPrice>42.90</ItemPrice></item><item><PriceUpdateDate>2016-05-01 21:46:31</PriceUpdateDate><ItemCode>7290000197654</ItemCode><ItemType>1</ItemType><ItemName>מב אשפתון ניקול 50 י</ItemName><ManufacturerName>ניקול</ManufacturerName><ManufactureCountry>ישראל</ManufactureCountry><ManufacturerItemDescription>אשפתון ענק 50 75*90 יחידו</ManufacturerItemDescription><SoldByWeight/><Quantity>50.00</Quantity><UnitOfMeasure>בודד</UnitOfMeasure><QtyInPackage>לא ידוע</QtyInPackage><UnitOfMeasurePrice>0.4380</UnitOfMeasurePrice><AllowDiscount>1</AllowDiscount><ItemStatus>1</ItemStatus><ItemPrice>21.90</ItemPrice></item><item><PriceUpdateDate>2016-05-30 22:03:26</PriceUpdateDate><ItemCode>7290000197678</ItemCode><ItemType>1</ItemType><ItemName>חיתולי האגיס פרידום</ItemName><ManufacturerName>האגיס</ManufacturerName><ManufactureCountry>לא ידוע</ManufactureCountry><ManufacturerItemDescription>חיתולי האגיס פרידום</ManufacturerItemDescription><SoldByWeight/><Quantity>34.00</Quantity><UnitOfMeasure>בודד</UnitOfMeasure><QtyInPackage>לא ידוע</QtyInPackage><UnitOfMeasurePrice>1.2618</UnitOfMeasurePrice><AllowDiscount>1</AllowDiscount><ItemStatus>1</ItemStatus><ItemPrice>42.90</ItemPrice></item><item><PriceUpdateDate>2016-06-07 12:22:49</PriceUpdateDate><ItemCode>7290000197753</ItemCode><ItemType>1</ItemType><ItemName>מב זוג ניילון נצמד נ</ItemName><ManufacturerName>ניקול</ManufacturerName><ManufactureCountry>ישראל</ManufactureCountry><ManufacturerItemDescription>ניילונית ניקול זוג</ManufacturerItemDescription><SoldByWeight/><Quantity>60.00</Quantity><UnitOfMeasure>מטר</UnitOfMeasure><QtyInPackage>לא ידוע</QtyInPackage><UnitOfMeasurePrice>0.1817</UnitOfMeasurePrice><AllowDiscount>1</AllowDiscount><ItemStatus>1</ItemStatus><ItemPrice>10.90</ItemPrice></item><item><PriceUpdateDate>2014-11-03 06:36:52</PriceUpdateDate><ItemCode>7290000197821</ItemCode><ItemType>1</ItemType><ItemName>נייר אפייה לתנור 38</ItemName><ManufacturerName>ניקול</ManufacturerName><ManufactureCountry>ישראל</ManufactureCountry><ManufacturerItemDescription>ניקול - נייר אפיה לתנור</ManufacturerItemDescription><SoldByWeight/><Quantity>0.00</Quantity><UnitOfMeasure>יח'</UnitOfMeasure><QtyInPackage>לא ידוע</QtyInPackage><UnitOfMeasurePrice>0.0000</UnitOfMeasurePrice><AllowDiscount>1</AllowDiscount><ItemStatus>1</ItemStatus><ItemPrice>12.20</ItemPrice></item><item><PriceUpdateDate>2016-02-02 06:50:50</PriceUpdateDate><ItemCode>7290000197876</ItemCode><ItemType>1</ItemType><ItemName>תבניות אפייה חד פעמי</ItemName><ManufacturerName>ניקול</ManufacturerName><ManufactureCountry>ישראל</ManufactureCountry><ManufacturerItemDescription>תבנית אלומיניום קטן 4 יח</ManufacturerItemDescription><SoldByWeight/><Quantity>4.00</Quantity><UnitOfMeasure>יח'</UnitOfMeasure><QtyInPackage>לא ידוע</QtyInPackage><UnitOfMeasurePrice>3.1250</UnitOfMeasurePrice><AllowDiscount>1</AllowDiscount><ItemStatus>1</ItemStatus><ItemPrice>12.50</ItemPrice></item><item><PriceUpdateDate>2016-02-02 06:50:50</PriceUpdateDate><ItemCode>7290000197883</ItemCode><ItemType>1</ItemType><ItemName>תבניות אפייה חד פעמי</ItemName><ManufacturerName>ניקול</ManufacturerName><ManufactureCountry>ישראל</ManufactureCountry><ManufacturerItemDescription>תבנית אלומיניום גדול 4 יח</ManufacturerItemDescription><SoldByWeight/><Quantity>0.00</Quantity><UnitOfMeasure>יח'</UnitOfMeasure><QtyInPackage>לא ידוע</QtyInPackage><UnitOfMeasurePrice>0.0000</UnitOfMeasurePrice><AllowDiscount>1</AllowDiscount><ItemStatus>1</ItemStatus><ItemPrice>12.20</ItemPrice></item><item><PriceUpdateDate>2016-02-02 06:50:50</PriceUpdateDate><ItemCode>7290000197951</ItemCode><ItemType>1</ItemType><ItemName>תבנית אפיה חד פעמי א</ItemName><ManufacturerName>ניקול</ManufacturerName><ManufactureCountry>ישראל</ManufactureCountry><ManufacturerItemDescription>תבנית אלומיניום ענק 2 יח</ManufacturerItemDescription><SoldByWeight/><Quantity>1.00</Quantity><UnitOfMeasure>יח'</UnitOfMeasure><QtyInPackage>לא ידוע</QtyInPackage><UnitOfMeasurePrice>13.5000</UnitOfMeasurePrice><AllowDiscount>1</AllowDiscount><ItemStatus>1</ItemStatus><ItemPrice>13.50</ItemPrice></item><item><PriceUpdateDate>2016-05-02 08:05:45</PriceUpdateDate><ItemCode>7290000199313</ItemCode><ItemType>1</ItemType><ItemName>מב תחבושות קוטקס לנע</ItemName><ManufacturerName>קוטקס</ManufacturerName><ManufactureCountry>ישראל</ManufactureCountry><ManufacturerItemDescription>קוטקס תחבושות לנערות 28</ManufacturerItemDescription><SoldByWeight/><Quantity>28.00</Quantity><UnitOfMeasure>בודד</UnitOfMeasure><QtyInPackage>לא ידוע</QtyInPackage><UnitOfMeasurePrice>0.6036</UnitOfMeasurePrice><AllowDiscount>1</AllowDiscount><ItemStatus>1</ItemStatus><ItemPrice>16.90</ItemPrice></item><item><PriceUpdateDate>2016-05-30 22:03:26</PriceUpdateDate><ItemCode>7290000201856</ItemCode><ItemType>1</ItemType><ItemName>טיטולים פרמיום שלב 4</ItemName><ManufacturerName>טיטולים פרמיום</ManufacturerName><ManufactureCountry>ישראל</ManufactureCountry><ManufacturerItemDescription>טיטולים פרמיום שלב 4</ManufacturerItemDescription><SoldByWeight/><Quantity>40.00</Quantity><UnitOfMeasure>בודד</UnitOfMeasure><QtyInPackage>לא ידוע</QtyInPackage><UnitOfMeasurePrice>0.8225</UnitOfMeasurePrice><AllowDiscount>1</AllowDiscount><ItemStatus>1</ItemStatus><ItemPrice>32.90</ItemPrice></item><item><PriceUpdateDate>2016-05-30 22:03:26</PriceUpdateDate><ItemCode>7290000201870</ItemCode><ItemType>1</ItemType><ItemName>טיטולים פרמיום שלב 6</ItemName><ManufacturerName>טיטולים פרמיום</ManufacturerName><ManufactureCountry>ישראל</ManufactureCountry><ManufacturerItemDescription>טיטולים פרמיום שלב 6</ManufacturerItemDescription><SoldByWeight/><Quantity>34.00</Quantity><UnitOfMeasure>בודד</UnitOfMeasure><QtyInPackage>לא ידוע</QtyInPackage><UnitOfMeasurePrice>0.9676</UnitOfMeasurePrice><AllowDiscount>1</AllowDiscount><ItemStatus>1</ItemStatus><ItemPrice>32.90</ItemPrice></item><item><PriceUpdateDate>2016-05-30 22:03:26</PriceUpdateDate><ItemCode>7290000204086</ItemCode><ItemType>1</ItemType><ItemName>כרית קירצוף ניקול של</ItemName><ManufacturerName>ניקול</ManufacturerName><ManufactureCountry>ישראל</ManufactureCountry><ManufacturerItemDescription>כרית קירצוף ניקול</ManufacturerItemDescription><SoldByWeight/><Quantity>0.00</Quantity><UnitOfMeasure>יח'</UnitOfMeasure><QtyInPackage>לא ידוע</QtyInPackage><UnitOfMeasurePrice>0.0000</UnitOfMeasurePrice><AllowDiscount>1</AllowDiscount><ItemStatus>1</ItemStatus><ItemPrice>12.90</ItemPrice></item><item><PriceUpdateDate>2015-11-16 11:40:29</PriceUpdateDate><ItemCode>7290000204147</ItemCode><ItemType>1</ItemType><ItemName>כריות יפניות 2 ב-1 נ</ItemName><ManufacturerName>ניקול</ManufacturerName><ManufactureCountry>ישראל</ManufactureCountry><ManufacturerItemDescription>כרית יפנית עבה ניקול</ManufacturerItemDescription><SoldByWeight/><Quantity>0.00</Quantity><UnitOfMeasure>יח'</UnitOfMeasure><QtyInPackage>לא ידוע</QtyInPackage><UnitOfMeasurePrice>0.0000</UnitOfMeasurePrice><AllowDiscount>1</AllowDiscount><ItemStatus>1</ItemStatus><ItemPrice>16.40</ItemPrice></item><item><PriceUpdateDate>2016-05-02 08:05:45</PriceUpdateDate><ItemCode>7290000204215</ItemCode><ItemType>1</ItemType><ItemName>כרית יפנית שישייה ני</ItemName><ManufacturerName>ניקול</ManufacturerName><ManufactureCountry>ישראל</ManufactureCountry><ManufacturerItemDescription>כרית יפנית 2+4 ניקול</ManufacturerItemDescription><SoldByWeight/><Quantity>0.00</Quantity><UnitOfMeasure>יח'</UnitOfMeasure><QtyInPackage>לא ידוע</QtyInPackage><UnitOfMeasurePrice>0.0000</UnitOfMeasurePrice><AllowDiscount>1</AllowDiscount><ItemStatus>1</ItemStatus><ItemPrice>10.90</ItemPrice></item><item><PriceUpdateDate>2016-05-02 08:05:45</PriceUpdateDate><ItemCode>7290000204253</ItemCode><ItemType>1</ItemType><ItemName>מטליות רב שימושי ניק</ItemName><ManufacturerName>ניקול</ManufacturerName><ManufactureCountry>ישראל</ManufactureCountry><ManufacturerItemDescription>מטלית ניקול</ManufacturerItemDescription><SoldByWeight/><Quantity>1.00</Quantity><UnitOfMeasure>יח'</UnitOfMeasure><QtyInPackage>לא ידוע</QtyInPackage><UnitOfMeasurePrice>10.9000</UnitOfMeasurePrice><AllowDiscount>1</AllowDiscount><ItemStatus>1</ItemStatus><ItemPrice>10.90</ItemPrice></item><item><PriceUpdateDate>2016-05-01 21:46:31</PriceUpdateDate><ItemCode>7290000204307</ItemCode><ItemType>1</ItemType><ItemName>מטליות רב שימושיות ב</ItemName><ManufacturerName>ניקול</ManufacturerName><ManufactureCountry>ישראל</ManufactureCountry><ManufacturerItemDescription>מטליות רב שימושיות ב</ManufacturerItemDescription><SoldByWeight/><Quantity>40.00</Quantity><UnitOfMeasure>חב'</UnitOfMeasure><QtyInPackage>לא ידוע</QtyInPackage><UnitOfMeasurePrice>0.5950</UnitOfMeasurePrice><AllowDiscount>1</AllowDiscount><ItemStatus>1</ItemStatus><ItemPrice>23.80</ItemPrice></item><item><PriceUpdateDate>2016-05-30 22:03:26</PriceUpdateDate><ItemCode>7290000204611</ItemCode><ItemType>1</ItemType><ItemName>ניקול ספוגית הקסם שי</ItemName><ManufacturerName>ניקול</ManufacturerName><ManufactureCountry>ישראל</ManufactureCountry><ManufacturerItemDescription>ספוגית הקסם</ManufacturerItemDescription><SoldByWeight/><Quantity>0.00</Quantity><UnitOfMeasure>יח'</UnitOfMeasure><QtyInPackage>לא ידוע</QtyInPackage><UnitOfMeasurePrice>0.0000</UnitOfMeasurePrice><AllowDiscount>1</AllowDiscount><ItemStatus>1</ItemStatus><ItemPrice>17.70</ItemPrice></item><item><PriceUpdateDate>2016-05-01 21:46:31</PriceUpdateDate><ItemCode>7290000205526</ItemCode><ItemType>1</ItemType><ItemName>מב נוזל לריצפה פיסגה</ItemName><ManufacturerName>פיסגה</ManufacturerName><ManufactureCountry>ישראל</ManufactureCountry><ManufacturerItemDescription>מב נוזל לריצפה פיסגה</ManufacturerItemDescription><SoldByWeight/><Quantity>2000.00</Quantity><UnitOfMeasure>מ"ל</UnitOfMeasure><QtyInPackage>לא ידוע</QtyInPackage><UnitOfMeasurePrice>0.0055</UnitOfMeasurePrice><AllowDiscount>1</AllowDiscount><ItemStatus>1</ItemStatus><ItemPrice>10.90</ItemPrice></item><item><PriceUpdateDate>2016-06-06 11:47:33</PriceUpdateDate><ItemCode>7290000207162</ItemCode><ItemType>1</ItemType><ItemName>רסק עגבניות יכין 100</ItemName><ManufacturerName>יכין</ManufacturerName><ManufactureCountry>ישראל</ManufactureCountry><ManufacturerItemDescription>רסק עגבניות יכין 100</ManufacturerItemDescription><SoldByWeight/><Quantity>100.00</Quantity><UnitOfMeasure>גרם     </UnitOfMeasure><QtyInPackage>לא ידוע</QtyInPackage><UnitOfMeasurePrice>0.0200</UnitOfMeasurePrice><AllowDiscount>0</AllowDiscount><ItemStatus>1</ItemStatus><ItemPrice>2.00</ItemPrice></item><item><PriceUpdateDate>2014-11-03 06:37:23</PriceUpdateDate><ItemCode>7290000207438</ItemCode><ItemType>1</ItemType><ItemName>קוביות עגבניות A2.5</ItemName><ManufacturerName>יכין</ManufacturerName><ManufactureCountry>ישראל</ManufactureCountry><ManufacturerItemDescription>קוביות עגבניות A2.5</ManufacturerItemDescription><SoldByWeight/><Quantity>800.00</Quantity><UnitOfMeasure>גרם     </UnitOfMeasure><QtyInPackage>לא ידוע</QtyInPackage><UnitOfMeasurePrice>0.0115</UnitOfMeasurePrice><AllowDiscount>1</AllowDiscount><ItemStatus>1</ItemStatus><ItemPrice>9.20</ItemPrice></item><item><PriceUpdateDate>2015-11-16 11:40:29</PriceUpdateDate><ItemCode>7290000208077</ItemCode><ItemType>1</ItemType><ItemName>אפונה רגילה גדול 560</ItemName><ManufacturerName>יכין</ManufacturerName><ManufactureCountry>ישראל</ManufactureCountry><ManufacturerItemDescription>אפונה גדולה560 גר .יכין</ManufacturerItemDescription><SoldByWeight/><Quantity>335.00</Quantity><UnitOfMeasure>גרם     </UnitOfMeasure><QtyInPackage>לא ידוע</QtyInPackage><UnitOfMeasurePrice>0.0251</UnitOfMeasurePrice><AllowDiscount>1</AllowDiscount><ItemStatus>1</ItemStatus><ItemPrice>8.40</ItemPrice></item><item><PriceUpdateDate>2015-11-16 11:40:30</PriceUpdateDate><ItemCode>7290000208114</ItemCode><ItemType>1</ItemType><ItemName>אפונה וגזר A2 550 גר</ItemName><ManufacturerName>לא ממותג</ManufacturerName><ManufactureCountry>ישראל</ManufactureCountry><ManufacturerItemDescription>אפונה וגזר 550 גרם יכין</ManufacturerItemDescription><SoldByWeight/><Quantity>330.00</Quantity><UnitOfMeasure>גרם     </UnitOfMeasure><QtyInPackage>לא ידוע</QtyInPackage><UnitOfMeasurePrice>0.0255</UnitOfMeasurePrice><AllowDiscount>0</AllowDiscount><ItemStatus>1</ItemStatus><ItemPrice>8.40</ItemPrice></item><item><PriceUpdateDate>2016-03-01 06:43:03</PriceUpdateDate><ItemCode>7290000208145</ItemCode><ItemType>1</ItemType><ItemName>תירס לייט יכין A2 60</ItemName><ManufacturerName>יכין</ManufacturerName><ManufactureCountry>ישראל</ManufactureCountry><ManufacturerItemDescription>תירס לייט 550  גרם</ManufacturerItemDescription><SoldByWeight/><Quantity>335.00</Quantity><UnitOfMeasure>גרם     </UnitOfMeasure><QtyInPackage>לא ידוע</QtyInPackage><UnitOfMeasurePrice>0.0272</UnitOfMeasurePrice><AllowDiscount>1</AllowDiscount><ItemStatus>1</ItemStatus><ItemPrice>9.10</ItemPrice></item><item><PriceUpdateDate>2015-11-16 11:40:30</PriceUpdateDate><ItemCode>7290000208213</ItemCode><ItemType>1</ItemType><ItemName>שעועית אפויה A2 560</ItemName><ManufacturerName>יכין</ManufacturerName><ManufactureCountry>ישראל</ManufactureCountry><ManufacturerItemDescription>שעועית אפויה A2 560</ManufacturerItemDescription><SoldByWeight/><Quantity>560.00</Quantity><UnitOfMeasure>גרם     </UnitOfMeasure><QtyInPackage>לא ידוע</QtyInPackage><UnitOfMeasurePrice>0.0157</UnitOfMeasurePrice><AllowDiscount>0</AllowDiscount><ItemStatus>1</ItemStatus><ItemPrice>8.80</ItemPrice></item><item><PriceUpdateDate>2015-11-16 11:40:30</PriceUpdateDate><ItemCode>7290000208220</ItemCode><ItemType>1</ItemType><ItemName>צ'ילי שעועית אפויה 3</ItemName><ManufacturerName>לא ידוע</ManufacturerName><ManufactureCountry>ישראל</ManufactureCountry><ManufacturerItemDescription>צ'ילי שעועית אפויה 3</ManufacturerItemDescription><SoldByWeight/><Quantity>335.00</Quantity><UnitOfMeasure>גרם     </UnitOfMeasure><QtyInPackage>לא ידוע</QtyInPackage><UnitOfMeasurePrice>0.0266</UnitOfMeasurePrice><AllowDiscount>1</AllowDiscount><ItemStatus>1</ItemStatus><ItemPrice>8.90</ItemPrice></item><item><PriceUpdateDate>2016-02-08 09:03:43</PriceUpdateDate><ItemCode>7290000208312</ItemCode><ItemType>1</ItemType><ItemName>תירס ווקום 12 אונס 2</ItemName><ManufacturerName>לא ממותג</ManufacturerName><ManufactureCountry>ישראל</ManufactureCountry><ManufacturerItemDescription>תירס גרעינים 340 גרם</ManufacturerItemDescription><SoldByWeight/><Quantity>285.00</Quantity><UnitOfMeasure>גרם     </UnitOfMeasure><QtyInPackage>לא ידוע</QtyInPackage><UnitOfMeasurePrice>0.0242</UnitOfMeasurePrice><AllowDiscount>0</AllowDiscount><ItemStatus>1</ItemStatus><ItemPrice>6.90</ItemPrice></item><item><PriceUpdateDate>2016-05-30 22:03:26</PriceUpdateDate><ItemCode>7290000208329</ItemCode><ItemType>1</ItemType><ItemName>תירס גרעינים A2 560</ItemName><ManufacturerName>יכין</ManufacturerName><ManufactureCountry>ישראל</ManufactureCountry><ManufacturerItemDescription>תירס גרעינים560 גר .יכין</ManufacturerItemDescription><SoldByWeight/><Quantity>335.00</Quantity><UnitOfMeasure>גרם     </UnitOfMeasure><QtyInPackage>לא ידוע</QtyInPackage><UnitOfMeasurePrice>0.0176</UnitOfMeasurePrice><AllowDiscount>1</AllowDiscount><ItemStatus>1</ItemStatus><ItemPrice>5.90</ItemPrice></item><item><PriceUpdateDate>2015-10-11 18:10:43</PriceUpdateDate><ItemCode>7290000208336</ItemCode><ItemType>1</ItemType><ItemName>רסק 22% יכין 260 גרם</ItemName><ManufacturerName>יכין</ManufacturerName><ManufactureCountry>ישראל</ManufactureCountry><ManufacturerItemDescription>רסק עגבניות 260 22% ג</ManufacturerItemDescription><SoldByWeight/><Quantity>260.00</Quantity><UnitOfMeasure>גרם     </UnitOfMeasure><QtyInPackage>לא ידוע</QtyInPackage><UnitOfMeasurePrice>0.0208</UnitOfMeasurePrice><AllowDiscount>1</AllowDiscount><ItemStatus>1</ItemStatus><ItemPrice>5.40</ItemPrice></item><item><PriceUpdateDate>2016-05-30 22:03:26</PriceUpdateDate><ItemCode>7290000208428</ItemCode><ItemType>1</ItemType><ItemName>חומוס גרעינים A2 560</ItemName><ManufacturerName>יכין</ManufacturerName><ManufactureCountry>ישראל</ManufactureCountry><ManufacturerItemDescription>חומוס560 גר .יכין</ManufacturerItemDescription><SoldByWeight/><Quantity>290.00</Quantity><UnitOfMeasure>גרם     </UnitOfMeasure><QtyInPackage>לא ידוע</QtyInPackage><UnitOfMeasurePrice>0.0203</UnitOfMeasurePrice><AllowDiscount>0</AllowDiscount><ItemStatus>1</ItemStatus><ItemPrice>5.90</ItemPrice></item><item><PriceUpdateDate>2014-11-03 06:37:23</PriceUpdateDate><ItemCode>7290000208459</ItemCode><ItemType>1</ItemType><ItemName>לקט ירקות עם תפו"א A</ItemName><ManufacturerName>יכין</ManufacturerName><ManufactureCountry>ישראל</ManufactureCountry><ManufacturerItemDescription>לקט ירקות עם תפו"א A</ManufacturerItemDescription><SoldByWeight/><Quantity>330.00</Quantity><UnitOfMeasure>גרם     </UnitOfMeasure><QtyInPackage>לא ידוע</QtyInPackage><UnitOfMeasurePrice>0.0294</UnitOfMeasurePrice><AllowDiscount>1</AllowDiscount><ItemStatus>1</ItemStatus><ItemPrice>9.70</ItemPrice></item><item><PriceUpdateDate>2016-03-01 06:43:03</PriceUpdateDate><ItemCode>7290000208534</ItemCode><ItemType>1</ItemType><ItemName>תירס קיד A2 600 גרם</ItemName><ManufacturerName>לא ממותג</ManufacturerName><ManufactureCountry>ישראל</ManufactureCountry><ManufacturerItemDescription>תירס קיד A2 600 גרם</ManufacturerItemDescription><SoldByWeight/><Quantity>335.00</Quantity><UnitOfMeasure>גרם     </UnitOfMeasure><QtyInPackage>לא ידוע</QtyInPackage><UnitOfMeasurePrice>0.0281</UnitOfMeasurePrice><AllowDiscount>1</AllowDiscount><ItemStatus>1</ItemStatus><ItemPrice>9.40</ItemPrice></item><item><PriceUpdateDate>2015-10-22 16:05:03</PriceUpdateDate><ItemCode>7290000208855</ItemCode><ItemType>1</ItemType><ItemName>רוטב פסטה יכין 260 ג</ItemName><ManufacturerName>לא ידוע</ManufacturerName><ManufactureCountry>ישראל</ManufactureCountry><ManufacturerItemDescription>רוטב פסטה יכין 260 ג</ManufacturerItemDescription><SoldByWeight/><Quantity>260.00</Quantity><UnitOfMeasure>גרם     </UnitOfMeasure><QtyInPackage>לא ידוע</QtyInPackage><UnitOfMeasurePrice>0.0258</UnitOfMeasurePrice><AllowDiscount>1</AllowDiscount><ItemStatus>1</ItemStatus><ItemPrice>6.70</ItemPrice></item><item><PriceUpdateDate>2015-11-16 11:40:30</PriceUpdateDate><ItemCode>7290000208893</ItemCode><ItemType>1</ItemType><ItemName>תירס לייט 12 אונס  י</ItemName><ManufacturerName>יכין</ManufacturerName><ManufactureCountry>ישראל</ManufactureCountry><ManufacturerItemDescription>תירס לייט 12 אונס  י</ManufacturerItemDescription><SoldByWeight/><Quantity>285.00</Quantity><UnitOfMeasure>גרם     </UnitOfMeasure><QtyInPackage>לא ידוע</QtyInPackage><UnitOfMeasurePrice>0.0295</UnitOfMeasurePrice><AllowDiscount>1</AllowDiscount><ItemStatus>1</ItemStatus><ItemPrice>8.40</ItemPrice></item><item><PriceUpdateDate>2015-10-11 18:10:43</PriceUpdateDate><ItemCode>7290000208930</ItemCode><ItemType>1</ItemType><ItemName>עגבניות מרוסקות שום</ItemName><ManufacturerName>יכין</ManufacturerName><ManufactureCountry>ישראל</ManufactureCountry><ManufacturerItemDescription>עגבניות מרוסקות שום</ManufacturerItemDescription><SoldByWeight/><Quantity>260.00</Quantity><UnitOfMeasure>גרם     </UnitOfMeasure><QtyInPackage>לא ידוע</QtyInPackage><UnitOfMeasurePrice>0.0254</UnitOfMeasurePrice><AllowDiscount>0</AllowDiscount><ItemStatus>1</ItemStatus><ItemPrice>6.60</ItemPrice></item><item><PriceUpdateDate>2015-10-11 18:10:43</PriceUpdateDate><ItemCode>7290000208947</ItemCode><ItemType>1</ItemType><ItemName>עגבניות מרוסקות יכין</ItemName><ManufacturerName>יכין</ManufacturerName><ManufactureCountry>ישראל</ManufactureCountry><ManufacturerItemDescription>עגבניות מרוסקות 260 גרם</ManufacturerItemDescription><SoldByWeight/><Quantity>260.00</Quantity><UnitOfMeasure>גרם     </UnitOfMeasure><QtyInPackage>לא ידוע</QtyInPackage><UnitOfMeasurePrice>0.0254</UnitOfMeasurePrice><AllowDiscount>0</AllowDiscount><ItemStatus>1</ItemStatus><ItemPrice>6.60</ItemPrice></item><item><PriceUpdateDate>2015-11-16 11:40:30</PriceUpdateDate><ItemCode>7290000209173</ItemCode><ItemType>1</ItemType><ItemName>חומץ סינטטי 1.5 ליטר</ItemName><ManufacturerName>יכין</ManufacturerName><ManufactureCountry>ישראל</ManufactureCountry><ManufacturerItemDescription>חומץ סינטטי 1.5 ליטר</ManufacturerItemDescription><SoldByWeight/><Quantity>1500.00</Quantity><UnitOfMeasure>מ"ל</UnitOfMeasure><QtyInPackage>לא ידוע</QtyInPackage><UnitOfMeasurePrice>0.0033</UnitOfMeasurePrice><AllowDiscount>1</AllowDiscount><ItemStatus>1</ItemStatus><ItemPrice>5.00</ItemPrice></item><item><PriceUpdateDate>2016-05-30 22:03:26</PriceUpdateDate><ItemCode>7290000209722</ItemCode><ItemType>1</ItemType><ItemName>רסק פריכוז 28% A2 58</ItemName><ManufacturerName>יכין</ManufacturerName><ManufactureCountry>ישראל</ManufactureCountry><ManufacturerItemDescription>רסק עגבניות פריכוז 580 יכ</ManufacturerItemDescription><SoldByWeight/><Quantity>580.00</Quantity><UnitOfMeasure>גרם     </UnitOfMeasure><QtyInPackage>לא ידוע</QtyInPackage><UnitOfMeasurePrice>0.0134</UnitOfMeasurePrice><AllowDiscount>1</AllowDiscount><ItemStatus>1</ItemStatus><ItemPrice>7.80</ItemPrice></item><item><PriceUpdateDate>2015-10-11 18:10:43</PriceUpdateDate><ItemCode>7290000209913</ItemCode><ItemType>1</ItemType><ItemName>עגבניות קוביות 260 ג</ItemName><ManufacturerName>לא ידוע</ManufacturerName><ManufactureCountry>ישראל</ManufactureCountry><ManufacturerItemDescription>עגבניות קוביות 260 ג</ManufacturerItemDescription><SoldByWeight/><Quantity>260.00</Quantity><UnitOfMeasure>גרם     </UnitOfMeasure><QtyInPackage>לא ידוע</QtyInPackage><UnitOfMeasurePrice>0.0254</UnitOfMeasurePrice><AllowDiscount>0</AllowDiscount><ItemStatus>1</ItemStatus><ItemPrice>6.60</ItemPrice></item><item><PriceUpdateDate>2015-10-11 18:10:43</PriceUpdateDate><ItemCode>7290000209944</ItemCode><ItemType>1</ItemType><ItemName>עגבניות לשקשוקה 260</ItemName><ManufacturerName>יכין</ManufacturerName><ManufactureCountry>ישראל</ManufactureCountry><ManufacturerItemDescription>עגבניות לשקשוקה 260</ManufacturerItemDescription><SoldByWeight/><Quantity>260.00</Quantity><UnitOfMeasure>גרם     </UnitOfMeasure><QtyInPackage>לא ידוע</QtyInPackage><UnitOfMeasurePrice>0.0254</UnitOfMeasurePrice><AllowDiscount>1</AllowDiscount><ItemStatus>1</ItemStatus><ItemPrice>6.60</ItemPrice></item><item><PriceUpdateDate>2014-11-03 06:37:23</PriceUpdateDate><ItemCode>7290000210469</ItemCode><ItemType>1</ItemType><ItemName>עגבניות שלמות 800 גר</ItemName><ManufacturerName>יכין</ManufacturerName><ManufactureCountry>ישראל</ManufactureCountry><ManufacturerItemDescription>עגבניות שלמות 800 גר</ManufacturerItemDescription><SoldByWeight/><Quantity>465.00</Quantity><UnitOfMeasure>גרם     </UnitOfMeasure><QtyInPackage>לא ידוע</QtyInPackage><UnitOfMeasurePrice>0.0206</UnitOfMeasurePrice><AllowDiscount>1</AllowDiscount><ItemStatus>1</ItemStatus><ItemPrice>9.60</ItemPrice></item><item><PriceUpdateDate>2016-03-01 06:49:01</PriceUpdateDate><ItemCode>7290000211169</ItemCode><ItemType>1</ItemType><ItemName>אורז תאילנדי 1 ק"ג</ItemName><ManufacturerName>סוגת</ManufacturerName><ManufactureCountry>ישראל</ManufactureCountry><ManufacturerItemDescription>אורז תאילנדי 1 קג</ManufacturerItemDescription><SoldByWeight/><Quantity>1000.00</Quantity><UnitOfMeasure>גרם     </UnitOfMeasure><QtyInPackage>לא ידוע</QtyInPackage><UnitOfMeasurePrice>0.0069</UnitOfMeasurePrice><AllowDiscount>1</AllowDiscount><ItemStatus>1</ItemStatus><ItemPrice>6.90</ItemPrice></item><item><PriceUpdateDate>2015-10-21 13:55:51</PriceUpdateDate><ItemCode>7290000211312</ItemCode><ItemType>1</ItemType><ItemName>אורז מלא 1 ק'ג</ItemName><ManufacturerName>סוגת</ManufacturerName><ManufactureCountry>ישראל</ManufactureCountry><ManufacturerItemDescription>אורז מלא אחד אחד1 קג</ManufacturerItemDescription><SoldByWeight/><Quantity>1000.00</Quantity><UnitOfMeasure>גרם     </UnitOfMeasure><QtyInPackage>לא ידוע</QtyInPackage><UnitOfMeasurePrice>0.0114</UnitOfMeasurePrice><AllowDiscount>1</AllowDiscount><ItemStatus>1</ItemStatus><ItemPrice>11.40</ItemPrice></item><item><PriceUpdateDate>2015-11-12 13:34:30</PriceUpdateDate><ItemCode>7290000211374</ItemCode><ItemType>1</ItemType><ItemName>קמח מלא סוגת  1 ק'ג</ItemName><ManufacturerName>סוגת</ManufacturerName><ManufactureCountry>ישראל</ManufactureCountry><ManufacturerItemDescription>קמח מלא 1 קג</ManufacturerItemDescription><SoldByWeight/><Quantity>1000.00</Quantity><UnitOfMeasure>גרם     </UnitOfMeasure><QtyInPackage>לא ידוע</QtyInPackage><UnitOfMeasurePrice>0.0094</UnitOfMeasurePrice><AllowDiscount>1</AllowDiscount><ItemStatus>1</ItemStatus><ItemPrice>9.40</ItemPrice></item><item><PriceUpdateDate>2016-03-16 15:40:39</PriceUpdateDate><ItemCode>7290000211442</ItemCode><ItemType>1</ItemType><ItemName>אורז פרסי קלאסי 1 קג</ItemName><ManufacturerName>וילי פוד</ManufacturerName><ManufactureCountry>ישראל</ManufactureCountry><ManufacturerItemDescription>אורז פרסי אחד אחד1 קג</ManufacturerItemDescription><SoldByWeight/><Quantity>1000.00</Quantity><UnitOfMeasure>גרם     </UnitOfMeasure><QtyInPackage>לא ידוע</QtyInPackage><UnitOfMeasurePrice>0.0088</UnitOfMeasurePrice><AllowDiscount>1</AllowDiscount><ItemStatus>1</ItemStatus><ItemPrice>8.80</ItemPrice></item><item><PriceUpdateDate>2016-03-16 15:40:39</PriceUpdateDate><ItemCode>7290000211503</ItemCode><ItemType>1</ItemType><ItemName>סוכר 1 ק"ג</ItemName><ManufacturerName>סוגת</ManufacturerName><ManufactureCountry>ישראל</ManufactureCountry><ManufacturerItemDescription>סוכר לבן ארוז בשקית 1 קג</ManufacturerItemDescription><SoldByWeight/><Quantity>1000.00</Quantity><UnitOfMeasure>גרם     </UnitOfMeasure><QtyInPackage>לא ידוע</QtyInPackage><UnitOfMeasurePrice>0.0039</UnitOfMeasurePrice><AllowDiscount>1</AllowDiscount><ItemStatus>1</ItemStatus><ItemPrice>3.90</ItemPrice></item><item><PriceUpdateDate>2015-10-21 13:55:51</PriceUpdateDate><ItemCode>7290000211985</ItemCode><ItemType>1</ItemType><ItemName>אורז סוגת עגול 1  ק"</ItemName><ManufacturerName>סוגת</ManufacturerName><ManufactureCountry>ישראל</ManufactureCountry><ManufacturerItemDescription>אורז עגול1 קג</ManufacturerItemDescription><SoldByWeight/><Quantity>1000.00</Quantity><UnitOfMeasure>גרם     </UnitOfMeasure><QtyInPackage>לא ידוע</QtyInPackage><UnitOfMeasurePrice>0.0119</UnitOfMeasurePrice><AllowDiscount>1</AllowDiscount><ItemStatus>1</ItemStatus><ItemPrice>11.90</ItemPrice></item><item><PriceUpdateDate>2016-06-06 11:52:42</PriceUpdateDate><ItemCode>7290000212173</ItemCode><ItemType>1</ItemType><ItemName>וופל שוקו 500 גרם מנ</ItemName><ManufacturerName>מנעמים</ManufacturerName><ManufactureCountry>ישראל</ManufactureCountry><ManufacturerItemDescription>ופל שוקו500 גר</ManufacturerItemDescription><SoldByWeight/><Quantity>500.00</Quantity><UnitOfMeasure>גרם     </UnitOfMeasure><QtyInPackage>לא ידוע</QtyInPackage><UnitOfMeasurePrice>0.0198</UnitOfMeasurePrice><AllowDiscount>1</AllowDiscount><ItemStatus>1</ItemStatus><ItemPrice>9.90</ItemPrice></item><item><PriceUpdateDate>2016-05-30 22:03:26</PriceUpdateDate><ItemCode>7290000212401</ItemCode><ItemType>1</ItemType><ItemName>מב וופל מצופית 400 ג</ItemName><ManufacturerName>מנעמים</ManufacturerName><ManufactureCountry>ישראל</ManufactureCountry><ManufacturerItemDescription>מצופית 400 גרם</ManufacturerItemDescription><SoldByWeight/><Quantity>400.00</Quantity><UnitOfMeasure>גרם     </UnitOfMeasure><QtyInPackage>לא ידוע</QtyInPackage><UnitOfMeasurePrice>0.0198</UnitOfMeasurePrice><AllowDiscount>1</AllowDiscount><ItemStatus>1</ItemStatus><ItemPrice>7.90</ItemPrice></item><item><PriceUpdateDate>2016-06-06 11:52:42</PriceUpdateDate><ItemCode>7290000212593</ItemCode><ItemType>1</ItemType><ItemName>גביעי גלידה 30 יח' מ</ItemName><ManufacturerName>מנעמים</ManufacturerName><ManufactureCountry>ישראל</ManufactureCountry><ManufacturerItemDescription>גביעי גלידה 30 יח</ManufacturerItemDescription><SoldByWeight/><Quantity>30.00</Quantity><UnitOfMeasure>יח'</UnitOfMeasure><QtyInPackage>לא ידוע</QtyInPackage><UnitOfMeasurePrice>0.2967</UnitOfMeasurePrice><AllowDiscount>1</AllowDiscount><ItemStatus>1</ItemStatus><ItemPrice>8.90</ItemPrice></item><item><PriceUpdateDate>2016-06-01 09:41:26</PriceUpdateDate><ItemCode>7290000214115</ItemCode><ItemType>1</ItemType><ItemName>מב מרק עוף צנצנת 400</ItemName><ManufacturerName>ויטה</ManufacturerName><ManufactureCountry>ישראל</ManufactureCountry><ManufacturerItemDescription>מרק עוף צנצנת 400 גרם</ManufacturerItemDescription><SoldByWeight/><Quantity>400.00</Quantity><UnitOfMeasure>גרם     </UnitOfMeasure><QtyInPackage>לא ידוע</QtyInPackage><UnitOfMeasurePrice>0.0273</UnitOfMeasurePrice><AllowDiscount>1</AllowDiscount><ItemStatus>1</ItemStatus><ItemPrice>10.90</ItemPrice></item><item><PriceUpdateDate>2016-05-01 21:46:31</PriceUpdateDate><ItemCode>7290000216119</ItemCode><ItemType>1</ItemType><ItemName>קניידלך 130 גרם</ItemName><ManufacturerName>ויטה</ManufacturerName><ManufactureCountry>ישראל</ManufactureCountry><ManufacturerItemDescription>קניידלך 130 גרם</ManufacturerItemDescription><SoldByWeight/><Quantity>130.00</Quantity><UnitOfMeasure>גרם     </UnitOfMeasure><QtyInPackage>לא ידוע</QtyInPackage><UnitOfMeasurePrice>0.0646</UnitOfMeasurePrice><AllowDiscount>1</AllowDiscount><ItemStatus>1</ItemStatus><ItemPrice>8.40</ItemPrice></item><item><PriceUpdateDate>2016-05-30 22:03:27</PriceUpdateDate><ItemCode>7290000238029</ItemCode><ItemType>1</ItemType><ItemName>בצק עלים מרודד 1 ק'ג</ItemName><ManufacturerName>מעדנות</ManufacturerName><ManufactureCountry>ישראל</ManufactureCountry><ManufacturerItemDescription>בצק עלים 1 קג</ManufacturerItemDescription><SoldByWeight/><Quantity>1000.00</Quantity><UnitOfMeasure>גרם     </UnitOfMeasure><QtyInPackage>לא ידוע</QtyInPackage><UnitOfMeasurePrice>0.0199</UnitOfMeasurePrice><AllowDiscount>1</AllowDiscount><ItemStatus>1</ItemStatus><ItemPrice>19.90</ItemPrice></item><item><PriceUpdateDate>2016-05-30 22:03:27</PriceUpdateDate><ItemCode>7290000238036</ItemCode><ItemType>1</ItemType><ItemName>מב מלווח מעדנות 700</ItemName><ManufacturerName>מעדנות</ManufacturerName><ManufactureCountry>ישראל</ManufactureCountry><ManufacturerItemDescription>מלווח 700 גר</ManufacturerItemDescription><SoldByWeight/><Quantity>700.00</Quantity><UnitOfMeasure>גרם     </UnitOfMeasure><QtyInPackage>לא ידוע</QtyInPackage><UnitOfMeasurePrice>0.0184</UnitOfMeasurePrice><AllowDiscount>1</AllowDiscount><ItemStatus>1</ItemStatus><ItemPrice>12.90</ItemPrice></item><item><PriceUpdateDate>2016-05-30 22:03:27</PriceUpdateDate><ItemCode>7290000238173</ItemCode><ItemType>1</ItemType><ItemName>בורקס גבינה 800 גרם</ItemName><ManufacturerName>מעדנות</ManufacturerName><ManufactureCountry>ישראל</ManufactureCountry><ManufacturerItemDescription>בורקס גבינה 800 גרם</ManufacturerItemDescription><SoldByWeight/><Quantity>800.00</Quantity><UnitOfMeasure>גרם     </UnitOfMeasure><QtyInPackage>לא ידוע</QtyInPackage><UnitOfMeasurePrice>0.0249</UnitOfMeasurePrice><AllowDiscount>1</AllowDiscount><ItemStatus>1</ItemStatus><ItemPrice>19.90</ItemPrice></item><item><PriceUpdateDate>2016-05-30 22:03:27</PriceUpdateDate><ItemCode>7290000238180</ItemCode><ItemType>1</ItemType><ItemName>מב בורקס תפו"א מעדנו</ItemName><ManufacturerName>מעדנות</ManufacturerName><ManufactureCountry>ישראל</ManufactureCountry><ManufacturerItemDescription>בורקס תפוא800 גר .יחידה</ManufacturerItemDescription><SoldByWeight/><Quantity>800.00</Quantity><UnitOfMeasure>גרם     </UnitOfMeasure><QtyInPackage>לא ידוע</QtyInPackage><UnitOfMeasurePrice>0.0199</UnitOfMeasurePrice><AllowDiscount>1</AllowDiscount><ItemStatus>1</ItemStatus><ItemPrice>15.90</ItemPrice></item><item><PriceUpdateDate>2016-05-30 22:03:27</PriceUpdateDate><ItemCode>7290000240558</ItemCode><ItemType>1</ItemType><ItemName>מב עלי בלינצ'ס חביתי</ItemName><ManufacturerName>מעדנות</ManufacturerName><ManufactureCountry>ישראל</ManufactureCountry><ManufacturerItemDescription>מב עלי בלינצ'ס חביתי</ManufacturerItemDescription><SoldByWeight/><Quantity>700.00</Quantity><UnitOfMeasure>גרם     </UnitOfMeasure><QtyInPackage>לא ידוע</QtyInPackage><UnitOfMeasurePrice>0.0284</UnitOfMeasurePrice><AllowDiscount>1</AllowDiscount><ItemStatus>1</ItemStatus><ItemPrice>19.90</ItemPrice></item><item><PriceUpdateDate>2015-12-07 07:02:34</PriceUpdateDate><ItemCode>7290000243115</ItemCode><ItemType>1</ItemType><ItemName>שמן סויה מגד 1 ליטר</ItemName><ManufacturerName>מגד</ManufacturerName><ManufactureCountry>ישראל</ManufactureCountry><ManufacturerItemDescription>שמן סויה מגד 1 ליטר</ManufacturerItemDescription><SoldByWeight/><Quantity>1000.00</Quantity><UnitOfMeasure>מ"ל</UnitOfMeasure><QtyInPackage>לא ידוע</QtyInPackage><UnitOfMeasurePrice>0.0089</UnitOfMeasurePrice><AllowDiscount>1</AllowDiscount><ItemStatus>1</ItemStatus><ItemPrice>8.90</ItemPrice></item><item><PriceUpdateDate>2016-05-01 21:46:31</PriceUpdateDate><ItemCode>7290000243566</ItemCode><ItemType>1</ItemType><ItemName>שמן קנולה בריאות "עץ</ItemName><ManufacturerName>עץ הזית</ManufacturerName><ManufactureCountry>ישראל</ManufactureCountry><ManufacturerItemDescription>שמן קנולה בריאות "עץ</ManufacturerItemDescription><SoldByWeight/><Quantity>750.00</Quantity><UnitOfMeasure>מ"ל</UnitOfMeasure><QtyInPackage>לא ידוע</QtyInPackage><UnitOfMeasurePrice>0.0185</UnitOfMeasurePrice><AllowDiscount>1</AllowDiscount><ItemStatus>1</ItemStatus><ItemPrice>13.90</ItemPrice></item><item><PriceUpdateDate>2016-05-02 08:05:45</PriceUpdateDate><ItemCode>7290000244761</ItemCode><ItemType>1</ItemType><ItemName>מב קרם ידיים ולווטה</ItemName><ManufacturerName>ולוטה</ManufacturerName><ManufactureCountry>ישראל</ManufactureCountry><ManufacturerItemDescription>קרם ולוטה 80 גר</ManufacturerItemDescription><SoldByWeight/><Quantity>100.00</Quantity><UnitOfMeasure>גרם     </UnitOfMeasure><QtyInPackage>לא ידוע</QtyInPackage><UnitOfMeasurePrice>0.0590</UnitOfMeasurePrice><AllowDiscount>1</AllowDiscount><ItemStatus>1</ItemStatus><ItemPrice>5.90</ItemPrice></item><item><PriceUpdateDate>2016-02-08 09:05:21</PriceUpdateDate><ItemCode>7290000245508</ItemCode><ItemType>1</ItemType><ItemName>אבקת כביסה סוד שושן</ItemName><ManufacturerName>סוד</ManufacturerName><ManufactureCountry>ישראל</ManufactureCountry><ManufacturerItemDescription>אבקת כביסה סוד שושן</ManufacturerItemDescription><SoldByWeight/><Quantity>1250.00</Quantity><UnitOfMeasure>גרם     </UnitOfMeasure><QtyInPackage>לא ידוע</QtyInPackage><UnitOfMeasurePrice>0.0119</UnitOfMeasurePrice><AllowDiscount>1</AllowDiscount><ItemStatus>1</ItemStatus><ItemPrice>14.90</ItemPrice></item><item><PriceUpdateDate>2016-02-08 09:05:21</PriceUpdateDate><ItemCode>7290000245515</ItemCode><ItemType>1</ItemType><ItemName>אבקת כביסה סוד לבנדר</ItemName><ManufacturerName>סוד</ManufacturerName><ManufactureCountry>ישראל</ManufactureCountry><ManufacturerItemDescription>אבקת כביסה סוד לבנדר</ManufacturerItemDescription><SoldByWeight/><Quantity>1250.00</Quantity><UnitOfMeasure>גרם     </UnitOfMeasure><QtyInPackage>לא ידוע</QtyInPackage><UnitOfMeasurePrice>0.0119</UnitOfMeasurePrice><AllowDiscount>1</AllowDiscount><ItemStatus>1</ItemStatus><ItemPrice>14.90</ItemPrice></item><item><PriceUpdateDate>2016-02-08 09:05:21</PriceUpdateDate><ItemCode>7290000245539</ItemCode><ItemType>1</ItemType><ItemName>אבקת כביסה סוד קולור</ItemName><ManufacturerName>סוד</ManufacturerName><ManufactureCountry>ישראל</ManufactureCountry><ManufacturerItemDescription>אבקת כביסה סוד קולור</ManufacturerItemDescription><SoldByWeight/><Quantity>1250.00</Quantity><UnitOfMeasure>גרם     </UnitOfMeasure><QtyInPackage>לא ידוע</QtyInPackage><UnitOfMeasurePrice>0.0119</UnitOfMeasurePrice><AllowDiscount>1</AllowDiscount><ItemStatus>1</ItemStatus><ItemPrice>14.90</ItemPrice></item><item><PriceUpdateDate>2016-05-01 21:46:31</PriceUpdateDate><ItemCode>7290000245775</ItemCode><ItemType>1</ItemType><ItemName>ג'ל כביסה פרסיל רגיל</ItemName><ManufacturerName>פרסיל</ManufacturerName><ManufactureCountry>ישראל</ManufactureCountry><ManufacturerItemDescription>פרסיל גל כביסה 3 ליטר</ManufacturerItemDescription><SoldByWeight/><Quantity>3000.00</Quantity><UnitOfMeasure>מ"ל</UnitOfMeasure><QtyInPackage>לא ידוע</QtyInPackage><UnitOfMeasurePrice>0.0110</UnitOfMeasurePrice><AllowDiscount>1</AllowDiscount><ItemStatus>1</ItemStatus><ItemPrice>32.90</ItemPrice></item><item><PriceUpdateDate>2016-02-08 09:05:21</PriceUpdateDate><ItemCode>7290000245782</ItemCode><ItemType>1</ItemType><ItemName>מרכך כביסה סוד ורוד</ItemName><ManufacturerName>סוד</ManufacturerName><ManufactureCountry>ישראל</ManufactureCountry><ManufacturerItemDescription>מרכך כביסה סוד ורוד</ManufacturerItemDescription><SoldByWeight/><Quantity>4000.00</Quantity><UnitOfMeasure>מ"ל</UnitOfMeasure><QtyInPackage>לא ידוע</QtyInPackage><UnitOfMeasurePrice>0.0050</UnitOfMeasurePrice><AllowDiscount>1</AllowDiscount><ItemStatus>1</ItemStatus><ItemPrice>19.90</ItemPrice></item><item><PriceUpdateDate>2016-02-08 09:05:21</PriceUpdateDate><ItemCode>7290000245799</ItemCode><ItemType>1</ItemType><ItemName>מרכך כביסה סוד כחול</ItemName><ManufacturerName>סוד</ManufacturerName><ManufactureCountry>ישראל</ManufactureCountry><ManufacturerItemDescription>מרכך כביסה סוד כחול</ManufacturerItemDescription><SoldByWeight/><Quantity>4000.00</Quantity><UnitOfMeasure>מ"ל</UnitOfMeasure><QtyInPackage>לא ידוע</QtyInPackage><UnitOfMeasurePrice>0.0050</UnitOfMeasurePrice><AllowDiscount>1</AllowDiscount><ItemStatus>1</ItemStatus><ItemPrice>19.90</ItemPrice></item><item><PriceUpdateDate>2016-05-30 22:03:27</PriceUpdateDate><ItemCode>7290000253220</ItemCode><ItemType>1</ItemType><ItemName>שוקו צ'יפס פרווה 300</ItemName><ManufacturerName>אופנהיימר</ManufacturerName><ManufactureCountry>ישראל</ManufactureCountry><ManufacturerItemDescription>שוקולד ציפס חום 300 גר</ManufacturerItemDescription><SoldByWeight/><Quantity>300.00</Quantity><UnitOfMeasure>גרם     </UnitOfMeasure><QtyInPackage>לא ידוע</QtyInPackage><UnitOfMeasurePrice>0.0377</UnitOfMeasurePrice><AllowDiscount>1</AllowDiscount><ItemStatus>1</ItemStatus><ItemPrice>11.30</ItemPrice></item><item><PriceUpdateDate>2016-05-30 22:03:27</PriceUpdateDate><ItemCode>7290000253251</ItemCode><ItemType>1</ItemType><ItemName>שוקו צ'יפס לבן 300 ג</ItemName><ManufacturerName>אופנהיימר</ManufacturerName><ManufactureCountry>ישראל</ManufactureCountry><ManufacturerItemDescription>שוקו צ'יפס לבן 300 ג</ManufacturerItemDescription><SoldByWeight/><Quantity>300.00</Quantity><UnitOfMeasure>גרם     </UnitOfMeasure><QtyInPackage>לא ידוע</QtyInPackage><UnitOfMeasurePrice>0.0377</UnitOfMeasurePrice><AllowDiscount>1</AllowDiscount><ItemStatus>1</ItemStatus><ItemPrice>11.30</ItemPrice></item><item><PriceUpdateDate>2015-10-20 16:50:26</PriceUpdateDate><ItemCode>7290000254807</ItemCode><ItemType>1</ItemType><ItemName>צ'יטוס גבינה 100 גרם</ItemName><ManufacturerName>צ'יטוס</ManufacturerName><ManufactureCountry>ישראל</ManufactureCountry><ManufacturerItemDescription>צ'יטוס גבינה 100 גרם</ManufacturerItemDescription><SoldByWeight/><Quantity>100.00</Quantity><UnitOfMeasure>גרם     </UnitOfMeasure><QtyInPackage>לא ידוע</QtyInPackage><UnitOfMeasurePrice>0.0710</UnitOfMeasurePrice><AllowDiscount>1</AllowDiscount><ItemStatus>1</ItemStatus><ItemPrice>7.10</ItemPrice></item><item><PriceUpdateDate>2016-02-16 15:55:40</PriceUpdateDate><ItemCode>7290000255897</ItemCode><ItemType>1</ItemType><ItemName>שוקולד פרה חלב עם פצ</ItemName><ManufacturerName>פרה</ManufacturerName><ManufactureCountry>ישראל</ManufactureCountry><ManufacturerItemDescription>שוקולד חלב פרה+פצפוצי אור</ManufacturerItemDescription><SoldByWeight/><Quantity>100.00</Quantity><UnitOfMeasure>גרם     </UnitOfMeasure><QtyInPackage>לא ידוע</QtyInPackage><UnitOfMeasurePrice>0.0690</UnitOfMeasurePrice><AllowDiscount>0</AllowDiscount><ItemStatus>1</ItemStatus><ItemPrice>6.90</ItemPrice></item><item><PriceUpdateDate>2015-11-12 17:55:31</PriceUpdateDate><ItemCode>7290000256085</ItemCode><ItemType>1</ItemType><ItemName>גלילי ופל רול עדין 1</ItemName><ManufacturerName>עדין</ManufacturerName><ManufactureCountry>ישראל</ManufactureCountry><ManufacturerItemDescription>גליל רול עדין 100 גר</ManufacturerItemDescription><SoldByWeight/><Quantity>100.00</Quantity><UnitOfMeasure>גרם     </UnitOfMeasure><QtyInPackage>לא ידוע</QtyInPackage><UnitOfMeasurePrice>0.0500</UnitOfMeasurePrice><AllowDiscount>0</AllowDiscount><ItemStatus>1</ItemStatus><ItemPrice>5.00</ItemPrice></item><item><PriceUpdateDate>2016-05-30 22:03:27</PriceUpdateDate><ItemCode>7290000260839</ItemCode><ItemType>1</ItemType><ItemName>ספרינג 1.5 ליטר תפוז</ItemName><ManufacturerName>ספרינג</ManufacturerName><ManufactureCountry>ישראל</ManufactureCountry><ManufacturerItemDescription>ספרינג תפוזים 1.5 ל</ManufacturerItemDescription><SoldByWeight/><Quantity>1500.00</Quantity><UnitOfMeasure>מ"ל</UnitOfMeasure><QtyInPackage>לא ידוע</QtyInPackage><UnitOfMeasurePrice>0.0039</UnitOfMeasurePrice><AllowDiscount>1</AllowDiscount><ItemStatus>1</ItemStatus><ItemPrice>5.90</ItemPrice></item><item><PriceUpdateDate>2016-05-30 22:03:27</PriceUpdateDate><ItemCode>7290000260853</ItemCode><ItemType>1</ItemType><ItemName>ספרינג 1.5 ליטר טעם</ItemName><ManufacturerName>ספרינג</ManufacturerName><ManufactureCountry>ישראל</ManufactureCountry><ManufacturerItemDescription>ספרינג מנגו 1.5 ל</ManufacturerItemDescription><SoldByWeight/><Quantity>1500.00</Quantity><UnitOfMeasure>מ"ל</UnitOfMeasure><QtyInPackage>לא ידוע</QtyInPackage><UnitOfMeasurePrice>0.0039</UnitOfMeasurePrice><AllowDiscount>1</AllowDiscount><ItemStatus>1</ItemStatus><ItemPrice>5.90</ItemPrice></item><item><PriceUpdateDate>2016-05-30 22:03:27</PriceUpdateDate><ItemCode>7290000260860</ItemCode><ItemType>1</ItemType><ItemName>ספרינג 1.5 ליטר טעם</ItemName><ManufacturerName>ספרינג</ManufacturerName><ManufactureCountry>ישראל</ManufactureCountry><ManufacturerItemDescription>ספרינג אפרסק 1.5 ל</ManufacturerItemDescription><SoldByWeight/><Quantity>1500.00</Quantity><UnitOfMeasure>מ"ל</UnitOfMeasure><QtyInPackage>לא ידוע</QtyInPackage><UnitOfMeasurePrice>0.0039</UnitOfMeasurePrice><AllowDiscount>1</AllowDiscount><ItemStatus>1</ItemStatus><ItemPrice>5.90</ItemPrice></item><item><PriceUpdateDate>2016-01-05 08:49:03</PriceUpdateDate><ItemCode>7290000262031</ItemCode><ItemType>1</ItemType><ItemName>מב נייר טואלט מולט 3</ItemName><ManufacturerName>מולט</ManufacturerName><ManufactureCountry>ישראל</ManufactureCountry><ManufacturerItemDescription>נ.ט.מולט לבבות 32 יחידות</ManufacturerItemDescription><SoldByWeight/><Quantity>0.00</Quantity><UnitOfMeasure>יח'</UnitOfMeasure><QtyInPackage>לא ידוע</QtyInPackage><UnitOfMeasurePrice>0.0000</UnitOfMeasurePrice><AllowDiscount>1</AllowDiscount><ItemStatus>1</ItemStatus><ItemPrice>29.90</ItemPrice></item><item><PriceUpdateDate>2016-01-05 08:49:03</PriceUpdateDate><ItemCode>7290000262499</ItemCode><ItemType>1</ItemType><ItemName>מב מארז מגבוני נשטפי</ItemName><ManufacturerName>לילי</ManufacturerName><ManufactureCountry>ישראל</ManufactureCountry><ManufacturerItemDescription>מב מארז מגבוני נשטפי</ManufacturerItemDescription><SoldByWeight/><Quantity>120.00</Quantity><UnitOfMeasure>בודד</UnitOfMeasure><QtyInPackage>לא ידוע</QtyInPackage><UnitOfMeasurePrice>0.1492</UnitOfMeasurePrice><AllowDiscount>1</AllowDiscount><ItemStatus>1</ItemStatus><ItemPrice>17.90</ItemPrice></item><item><PriceUpdateDate>2016-05-30 22:03:28</PriceUpdateDate><ItemCode>7290000263250</ItemCode><ItemType>1</ItemType><ItemName>מב מגבונים לחים טיטו</ItemName><ManufacturerName>טיטולים פרמיום</ManufacturerName><ManufactureCountry>ישראל</ManufactureCountry><ManufacturerItemDescription>מב מגבונים לחים טיטו</ManufacturerItemDescription><SoldByWeight/><Quantity>4.00</Quantity><UnitOfMeasure>יח'</UnitOfMeasure><QtyInPackage>לא ידוע</QtyInPackage><UnitOfMeasurePrice>3.4750</UnitOfMeasurePrice><AllowDiscount>1</AllowDiscount><ItemStatus>1</ItemStatus><ItemPrice>13.90</ItemPrice></item><item><PriceUpdateDate>2015-11-11 08:29:02</PriceUpdateDate><ItemCode>7290000263359</ItemCode><ItemType>1</ItemType><ItemName>חיתולי האגיס ליטל בי</ItemName><ManufacturerName>האגיס</ManufacturerName><ManufactureCountry>ישראל</ManufactureCountry><ManufacturerItemDescription>ח.האגיס מידה 40 1 יחידות</ManufacturerItemDescription><SoldByWeight/><Quantity>40.00</Quantity><UnitOfMeasure>בודד</UnitOfMeasure><QtyInPackage>לא ידוע</QtyInPackage><UnitOfMeasurePrice>0.9925</UnitOfMeasurePrice><AllowDiscount>1</AllowDiscount><ItemStatus>1</ItemStatus><ItemPrice>39.70</ItemPrice></item><item><PriceUpdateDate>2016-05-30 22:03:28</PriceUpdateDate><ItemCode>7290000272696</ItemCode><ItemType>1</ItemType><ItemName>מיץ לימון טבעי עסיס</ItemName><ManufacturerName>עסיס</ManufacturerName><ManufactureCountry>ישראל</ManufactureCountry><ManufacturerItemDescription>מיץ לימון טבעי עסיס</ManufacturerItemDescription><SoldByWeight/><Quantity>1000.00</Quantity><UnitOfMeasure>מ"ל</UnitOfMeasure><QtyInPackage>לא ידוע</QtyInPackage><UnitOfMeasurePrice>0.0094</UnitOfMeasurePrice><AllowDiscount>1</AllowDiscount><ItemStatus>1</ItemStatus><ItemPrice>9.40</ItemPrice></item><item><PriceUpdateDate>2016-03-16 15:40:39</PriceUpdateDate><ItemCode>7290000272726</ItemCode><ItemType>1</ItemType><ItemName>חומץ עסיס 1 ליטר</ItemName><ManufacturerName>עסיס</ManufacturerName><ManufactureCountry>ישראל</ManufactureCountry><ManufacturerItemDescription>חומץ עסיס 1 ליטר</ManufacturerItemDescription><SoldByWeight/><Quantity>1000.00</Quantity><UnitOfMeasure>מ"ל</UnitOfMeasure><QtyInPackage>לא ידוע</QtyInPackage><UnitOfMeasurePrice>0.0069</UnitOfMeasurePrice><AllowDiscount>1</AllowDiscount><ItemStatus>1</ItemStatus><ItemPrice>6.90</ItemPrice></item><item><PriceUpdateDate>2016-05-03 11:47:50</PriceUpdateDate><ItemCode>7290000281252</ItemCode><ItemType>1</ItemType><ItemName>ס.פרלמנט ארוך בודד</ItemName><ManufacturerName>פארלמנט</ManufacturerName><ManufactureCountry>ישראל</ManufactureCountry><ManufacturerItemDescription>ס.פרלמנט ארוך בודד</ManufacturerItemDescription><SoldByWeight/><Quantity>0.00</Quantity><UnitOfMeasure>יח'</UnitOfMeasure><QtyInPackage>לא ידוע</QtyInPackage><UnitOfMeasurePrice>0.0000</UnitOfMeasurePrice><AllowDiscount>1</AllowDiscount><ItemStatus>1</ItemStatus><ItemPrice>38.00</ItemPrice></item><item><PriceUpdateDate>2016-05-03 11:47:50</PriceUpdateDate><ItemCode>7290000281492</ItemCode><ItemType>1</ItemType><ItemName>ס.פרלמנט קצר בודד</ItemName><ManufacturerName>פארלמנט</ManufacturerName><ManufactureCountry>ישראל</ManufactureCountry><ManufacturerItemDescription>ס.פרלמנט קצר בודד</ManufacturerItemDescription><SoldByWeight/><Quantity>0.00</Quantity><UnitOfMeasure>יח'</UnitOfMeasure><QtyInPackage>לא ידוע</QtyInPackage><UnitOfMeasurePrice>0.0000</UnitOfMeasurePrice><AllowDiscount>1</AllowDiscount><ItemStatus>1</ItemStatus><ItemPrice>38.00</ItemPrice></item><item><PriceUpdateDate>2016-05-03 11:47:50</PriceUpdateDate><ItemCode>7290000283352</ItemCode><ItemType>1</ItemType><ItemName>ס.מרלבורו רד קצר בוק</ItemName><ManufacturerName>מרלבורו</ManufacturerName><ManufactureCountry>ישראל</ManufactureCountry><ManufacturerItemDescription>ס.מרלבורו רד קצר בוק</ManufacturerItemDescription><SoldByWeight/><Quantity>0.00</Quantity><UnitOfMeasure>יח'</UnitOfMeasure><QtyInPackage>לא ידוע</QtyInPackage><UnitOfMeasurePrice>0.0000</UnitOfMeasurePrice><AllowDiscount>1</AllowDiscount><ItemStatus>1</ItemStatus><ItemPrice>35.00</ItemPrice></item><item><PriceUpdateDate>2015-09-30 23:37:44</PriceUpdateDate><ItemCode>7290000284316</ItemCode><ItemType>1</ItemType><ItemName>קוקה קולה 1.5 ליטר</ItemName><ManufacturerName>קוקה קולה</ManufacturerName><ManufactureCountry>ישראל</ManufactureCountry><ManufacturerItemDescription>קוקה קולה 1.5 ליטר</ManufacturerItemDescription><SoldByWeight/><Quantity>1500.00</Quantity><UnitOfMeasure>מ"ל</UnitOfMeasure><QtyInPackage>לא ידוע</QtyInPackage><UnitOfMeasurePrice>0.0043</UnitOfMeasurePrice><AllowDiscount>1</AllowDiscount><ItemStatus>1</ItemStatus><ItemPrice>6.40</ItemPrice></item><item><PriceUpdateDate>2015-11-12 17:30:01</PriceUpdateDate><ItemCode>7290000284347</ItemCode><ItemType>1</ItemType><ItemName>קינלי סודה 1.5 ליטר</ItemName><ManufacturerName>קינלי</ManufacturerName><ManufactureCountry>ישראל</ManufactureCountry><ManufacturerItemDescription>סודה קינלי 1.5 ליטר</ManufacturerItemDescription><SoldByWeight/><Quantity>1500.00</Quantity><UnitOfMeasure>מ"ל</UnitOfMeasure><QtyInPackage>לא ידוע</QtyInPackage><UnitOfMeasurePrice>0.0030</UnitOfMeasurePrice><AllowDiscount>1</AllowDiscount><ItemStatus>1</ItemStatus><ItemPrice>4.50</ItemPrice></item><item><PriceUpdateDate>2016-05-30 22:03:28</PriceUpdateDate><ItemCode>7290000284361</ItemCode><ItemType>1</ItemType><ItemName>קוקה קולה דיאט 1.5 ל</ItemName><ManufacturerName>דיאט קוקה קולה</ManufacturerName><ManufactureCountry>ישראל</ManufactureCountry><ManufacturerItemDescription>קולה דיאט 1.5 ל</ManufacturerItemDescription><SoldByWeight/><Quantity>1500.00</Quantity><UnitOfMeasure>מ"ל</UnitOfMeasure><QtyInPackage>לא ידוע</QtyInPackage><UnitOfMeasurePrice>0.0043</UnitOfMeasurePrice><AllowDiscount>1</AllowDiscount><ItemStatus>1</ItemStatus><ItemPrice>6.40</ItemPrice></item><item><PriceUpdateDate>2016-03-16 15:40:39</PriceUpdateDate><ItemCode>7290000284743</ItemCode><ItemType>1</ItemType><ItemName>קוקה קולה נטול קופאי</ItemName><ManufacturerName>דיאט קולה נטול קופאי</ManufacturerName><ManufactureCountry>ישראל</ManufactureCountry><ManufacturerItemDescription>קולה דיאט נטול קפאין 1.5</ManufacturerItemDescription><SoldByWeight/><Quantity>1500.00</Quantity><UnitOfMeasure>מ"ל</UnitOfMeasure><QtyInPackage>לא ידוע</QtyInPackage><UnitOfMeasurePrice>0.0046</UnitOfMeasurePrice><AllowDiscount>1</AllowDiscount><ItemStatus>1</ItemStatus><ItemPrice>6.90</ItemPrice></item><item><PriceUpdateDate>2016-05-03 11:47:50</PriceUpdateDate><ItemCode>7290000285272</ItemCode><ItemType>1</ItemType><ItemName>ס.אל אם בלו קצר בודד</ItemName><ManufacturerName>אל אם</ManufacturerName><ManufactureCountry>ישראל</ManufactureCountry><ManufacturerItemDescription>ס.אל אם בלו קצר בודד</ManufacturerItemDescription><SoldByWeight/><Quantity>0.00</Quantity><UnitOfMeasure>יח'</UnitOfMeasure><QtyInPackage>לא ידוע</QtyInPackage><UnitOfMeasurePrice>0.0000</UnitOfMeasurePrice><AllowDiscount>1</AllowDiscount><ItemStatus>1</ItemStatus><ItemPrice>32.00</ItemPrice></item><item><PriceUpdateDate>2016-05-03 11:47:50</PriceUpdateDate><ItemCode>7290000285452</ItemCode><ItemType>1</ItemType><ItemName>ס.אל אם רד קצר בודד</ItemName><ManufacturerName>אל אם</ManufacturerName><ManufactureCountry>ישראל</ManufactureCountry><ManufacturerItemDescription>ס.אל אם רד קצר בודד</ManufacturerItemDescription><SoldByWeight/><Quantity>0.00</Quantity><UnitOfMeasure>יח'</UnitOfMeasure><QtyInPackage>לא ידוע</QtyInPackage><UnitOfMeasurePrice>0.0000</UnitOfMeasurePrice><AllowDiscount>1</AllowDiscount><ItemStatus>1</ItemStatus><ItemPrice>32.00</ItemPrice></item><item><PriceUpdateDate>2015-11-12 16:52:58</PriceUpdateDate><ItemCode>7290000285849</ItemCode><ItemType>1</ItemType><ItemName>שוופס סודה 5. 1 ליטר</ItemName><ManufacturerName>שוופס</ManufacturerName><ManufactureCountry>ישראל</ManufactureCountry><ManufacturerItemDescription>סודה שוופס 1.5 ל</ManufacturerItemDescription><SoldByWeight/><Quantity>1500.00</Quantity><UnitOfMeasure>מ"ל</UnitOfMeasure><QtyInPackage>לא ידוע</QtyInPackage><UnitOfMeasurePrice>0.0032</UnitOfMeasurePrice><AllowDiscount>1</AllowDiscount><ItemStatus>1</ItemStatus><ItemPrice>4.80</ItemPrice></item><item><PriceUpdateDate>2016-05-01 21:46:32</PriceUpdateDate><ItemCode>7290000286228</ItemCode><ItemType>1</ItemType><ItemName>מב סנו סושי כריות יפ</ItemName><ManufacturerName>סנו סושי</ManufacturerName><ManufactureCountry>ישראל</ManufactureCountry><ManufacturerItemDescription>מב סנו סושי כריות יפ</ManufacturerItemDescription><SoldByWeight/><Quantity>0.00</Quantity><UnitOfMeasure>יח'</UnitOfMeasure><QtyInPackage>לא ידוע</QtyInPackage><UnitOfMeasurePrice>0.0000</UnitOfMeasurePrice><AllowDiscount>1</AllowDiscount><ItemStatus>1</ItemStatus><ItemPrice>10.90</ItemPrice></item><item><PriceUpdateDate>2016-05-01 21:46:32</PriceUpdateDate><ItemCode>7290000286297</ItemCode><ItemType>1</ItemType><ItemName>סנו מסיר אבן 700 מ"ל</ItemName><ManufacturerName>סנו</ManufacturerName><ManufactureCountry>ישראל</ManufactureCountry><ManufacturerItemDescription>מסיר אבן מקומקום/פרקולטור</ManufacturerItemDescription><SoldByWeight/><Quantity>700.00</Quantity><UnitOfMeasure>מ"ל</UnitOfMeasure><QtyInPackage>לא ידוע</QtyInPackage><UnitOfMeasurePrice>0.0184</UnitOfMeasurePrice><AllowDiscount>1</AllowDiscount><ItemStatus>1</ItemStatus><ItemPrice>12.90</ItemPrice></item><item><PriceUpdateDate>2016-05-01 21:46:32</PriceUpdateDate><ItemCode>7290000286563</ItemCode><ItemType>1</ItemType><ItemName>סנו X קרם 750 מ''ל</ItemName><ManufacturerName>לא ידוע</ManufacturerName><ManufactureCountry>ישראל</ManufactureCountry><ManufacturerItemDescription>סנו X קרם 750 מ''ל</ManufacturerItemDescription><SoldByWeight/><Quantity>750.00</Quantity><UnitOfMeasure>מ"ל</UnitOfMeasure><QtyInPackage>לא ידוע</QtyInPackage><UnitOfMeasurePrice>0.0257</UnitOfMeasurePrice><AllowDiscount>1</AllowDiscount><ItemStatus>1</ItemStatus><ItemPrice>19.30</ItemPrice></item><item><PriceUpdateDate>2014-11-03 06:37:39</PriceUpdateDate><ItemCode>7290000286891</ItemCode><ItemType>1</ItemType><ItemName>סנו מגן קריסטל 1 ליט</ItemName><ManufacturerName>לא ידוע</ManufacturerName><ManufactureCountry>ישראל</ManufactureCountry><ManufacturerItemDescription>סנו מגן קריסטל 1 ליט</ManufacturerItemDescription><SoldByWeight/><Quantity>1000.00</Quantity><UnitOfMeasure>מ"ל</UnitOfMeasure><QtyInPackage>לא ידוע</QtyInPackage><UnitOfMeasurePrice>0.0284</UnitOfMeasurePrice><AllowDiscount>1</AllowDiscount><ItemStatus>1</ItemStatus><ItemPrice>28.40</ItemPrice></item><item><PriceUpdateDate>2016-05-01 21:46:32</PriceUpdateDate><ItemCode>7290000286921</ItemCode><ItemType>1</ItemType><ItemName>מסיר כתמים סנו רסס ו</ItemName><ManufacturerName>לא ממותג</ManufacturerName><ManufactureCountry>ישראל</ManufactureCountry><ManufacturerItemDescription>מסיר כתמים סנו רסס ו</ManufacturerItemDescription><SoldByWeight/><Quantity>600.00</Quantity><UnitOfMeasure>מ"ל</UnitOfMeasure><QtyInPackage>לא ידוע</QtyInPackage><UnitOfMeasurePrice>0.0282</UnitOfMeasurePrice><AllowDiscount>1</AllowDiscount><ItemStatus>1</ItemStatus><ItemPrice>16.90</ItemPrice></item><item><PriceUpdateDate>2015-05-03 20:51:31</PriceUpdateDate><ItemCode>7290000286945</ItemCode><ItemType>1</ItemType><ItemName>סנו רהיט נוזלי+אקדח</ItemName><ManufacturerName>סנו רהיט</ManufacturerName><ManufactureCountry>ישראל</ManufactureCountry><ManufacturerItemDescription>סנו רהיט נוזלי+אקדח</ManufacturerItemDescription><SoldByWeight/><Quantity>500.00</Quantity><UnitOfMeasure>מ"ל</UnitOfMeasure><QtyInPackage>לא ידוע</QtyInPackage><UnitOfMeasurePrice>0.0648</UnitOfMeasurePrice><AllowDiscount>1</AllowDiscount><ItemStatus>1</ItemStatus><ItemPrice>32.40</ItemPrice></item><item><PriceUpdateDate>2016-06-01 06:50:30</PriceUpdateDate><ItemCode>7290000287195</ItemCode><ItemType>1</ItemType><ItemName>מב סנו רהיט 230 גרם</ItemName><ManufacturerName>סנו רהיט</ManufacturerName><ManufactureCountry>ישראל</ManufactureCountry><ManufacturerItemDescription>לרהיטים סנורהיט ספריי 305</ManufacturerItemDescription><SoldByWeight/><Quantity>230.00</Quantity><UnitOfMeasure>גרם     </UnitOfMeasure><QtyInPackage>לא ידוע</QtyInPackage><UnitOfMeasurePrice>0.0691</UnitOfMeasurePrice><AllowDiscount>1</AllowDiscount><ItemStatus>1</ItemStatus><ItemPrice>15.90</ItemPrice></item><item><PriceUpdateDate>2016-05-03 11:47:50</PriceUpdateDate><ItemCode>7290000287462</ItemCode><ItemType>1</ItemType><ItemName>ס.פרלמנט ארוך בלו בו</ItemName><ManufacturerName>פארלמנט</ManufacturerName><ManufactureCountry>ישראל</ManufactureCountry><ManufacturerItemDescription>ס.פרלמנט ארוך בלו בו</ManufacturerItemDescription><SoldByWeight/><Quantity>0.00</Quantity><UnitOfMeasure>יח'</UnitOfMeasure><QtyInPackage>לא ידוע</QtyInPackage><UnitOfMeasurePrice>0.0000</UnitOfMeasurePrice><AllowDiscount>1</AllowDiscount><ItemStatus>1</ItemStatus><ItemPrice>38.00</ItemPrice></item><item><PriceUpdateDate>2016-05-02 08:08:20</PriceUpdateDate><ItemCode>7290000287492</ItemCode><ItemType>1</ItemType><ItemName>מב סנו סנובון נוזלי</ItemName><ManufacturerName>סנובון</ManufacturerName><ManufactureCountry>ישראל</ManufactureCountry><ManufacturerItemDescription>סנובון נוזלי לימון 750 מל</ManufacturerItemDescription><SoldByWeight/><Quantity>750.00</Quantity><UnitOfMeasure>מ"ל</UnitOfMeasure><QtyInPackage>לא ידוע</QtyInPackage><UnitOfMeasurePrice>0.0159</UnitOfMeasurePrice><AllowDiscount>1</AllowDiscount><ItemStatus>1</ItemStatus><ItemPrice>11.90</ItemPrice></item><item><PriceUpdateDate>2016-06-01 06:50:30</PriceUpdateDate><ItemCode>7290000287621</ItemCode><ItemType>1</ItemType><ItemName>מב סנו אנטי קאלק מנק</ItemName><ManufacturerName>סנו</ManufacturerName><ManufactureCountry>ישראל</ManufactureCountry><ManufacturerItemDescription>מנקה אסלות אנטי קאלק 750</ManufacturerItemDescription><SoldByWeight/><Quantity>750.00</Quantity><UnitOfMeasure>מ"ל</UnitOfMeasure><QtyInPackage>לא ידוע</QtyInPackage><UnitOfMeasurePrice>0.0145</UnitOfMeasurePrice><AllowDiscount>1</AllowDiscount><ItemStatus>1</ItemStatus><ItemPrice>10.90</ItemPrice></item><item><PriceUpdateDate>2016-05-03 11:47:50</PriceUpdateDate><ItemCode>7290000287632</ItemCode><ItemType>1</ItemType><ItemName>ס.פרלמנט קצר בלו בוד</ItemName><ManufacturerName>פארלמנט</ManufacturerName><ManufactureCountry>ישראל</ManufactureCountry><ManufacturerItemDescription>ס.פרלמנט קצר בלו בוד</ManufacturerItemDescription><SoldByWeight/><Quantity>0.00</Quantity><UnitOfMeasure>יח'</UnitOfMeasure><QtyInPackage>לא ידוע</QtyInPackage><UnitOfMeasurePrice>0.0000</UnitOfMeasurePrice><AllowDiscount>1</AllowDiscount><ItemStatus>1</ItemStatus><ItemPrice>38.00</ItemPrice></item><item><PriceUpdateDate>2015-10-21 14:52:48</PriceUpdateDate><ItemCode>7290000288017</ItemCode><ItemType>1</ItemType><ItemName>סנו ז'אוול אקונומיקה</ItemName><ManufacturerName>ז'אוול</ManufacturerName><ManufactureCountry>ישראל</ManufactureCountry><ManufacturerItemDescription>אקונומיקה JAVEL ל.לימון</ManufacturerItemDescription><SoldByWeight/><Quantity>1000.00</Quantity><UnitOfMeasure>מ"ל</UnitOfMeasure><QtyInPackage>לא ידוע</QtyInPackage><UnitOfMeasurePrice>0.0094</UnitOfMeasurePrice><AllowDiscount>1</AllowDiscount><ItemStatus>1</ItemStatus><ItemPrice>9.40</ItemPrice></item><item><PriceUpdateDate>2016-05-30 22:03:28</PriceUpdateDate><ItemCode>7290000288024</ItemCode><ItemType>1</ItemType><ItemName>סנו ז'אוול אקונומיקה</ItemName><ManufacturerName>ז'אוול</ManufacturerName><ManufactureCountry>ישראל</ManufactureCountry><ManufacturerItemDescription>אקונומיקה JAVEL ל .לימון</ManufacturerItemDescription><SoldByWeight/><Quantity>4000.00</Quantity><UnitOfMeasure>מ"ל</UnitOfMeasure><QtyInPackage>לא ידוע</QtyInPackage><UnitOfMeasurePrice>0.0040</UnitOfMeasurePrice><AllowDiscount>0</AllowDiscount><ItemStatus>1</ItemStatus><ItemPrice>15.90</ItemPrice></item><item><PriceUpdateDate>2016-05-01 21:46:32</PriceUpdateDate><ItemCode>7290000288048</ItemCode><ItemType>1</ItemType><ItemName>סנו ז'אוול קצף ניקוי</ItemName><ManufacturerName>ז'אוול</ManufacturerName><ManufactureCountry>ישראל</ManufactureCountry><ManufacturerItemDescription>סנו ז'אוול קצף ניקוי</ManufacturerItemDescription><SoldByWeight/><Quantity>1000.00</Quantity><UnitOfMeasure>מ"ל</UnitOfMeasure><QtyInPackage>לא ידוע</QtyInPackage><UnitOfMeasurePrice>0.0199</UnitOfMeasurePrice><AllowDiscount>1</AllowDiscount><ItemStatus>1</ItemStatus><ItemPrice>19.90</ItemPrice></item><item><PriceUpdateDate>2016-02-24 07:10:46</PriceUpdateDate><ItemCode>7290000288109</ItemCode><ItemType>1</ItemType><ItemName>מב אבקת כביסה מקסימה</ItemName><ManufacturerName>סנו מקסימה</ManufacturerName><ManufactureCountry>ישראל</ManufactureCountry><ManufacturerItemDescription>אבק.כביסה קומפקט מקסימה</ManufacturerItemDescription><SoldByWeight/><Quantity>1250.00</Quantity><UnitOfMeasure>גרם     </UnitOfMeasure><QtyInPackage>לא ידוע</QtyInPackage><UnitOfMeasurePrice>0.0119</UnitOfMeasurePrice><AllowDiscount>1</AllowDiscount><ItemStatus>1</ItemStatus><ItemPrice>14.90</ItemPrice></item><item><PriceUpdateDate>2016-05-03 11:47:50</PriceUpdateDate><ItemCode>7290000288192</ItemCode><ItemType>1</ItemType><ItemName>ס.מרלבורו גולד ארוך</ItemName><ManufacturerName>מרלבורו</ManufacturerName><ManufactureCountry>ישראל</ManufactureCountry><ManufacturerItemDescription>ס.מרלבורו גולד ארוך</ManufacturerItemDescription><SoldByWeight/><Quantity>0.00</Quantity><UnitOfMeasure>יח'</UnitOfMeasure><QtyInPackage>לא ידוע</QtyInPackage><UnitOfMeasurePrice>0.0000</UnitOfMeasurePrice><AllowDiscount>1</AllowDiscount><ItemStatus>1</ItemStatus><ItemPrice>35.00</ItemPrice></item><item><PriceUpdateDate>2015-03-09 08:27:30</PriceUpdateDate><ItemCode>7290000288291</ItemCode><ItemType>1</ItemType><ItemName>טבליות מילוי למכשיר</ItemName><ManufacturerName>סנומט</ManufacturerName><ManufactureCountry>ישראל</ManufactureCountry><ManufacturerItemDescription>סנומט טבליות 30 מילוי</ManufacturerItemDescription><SoldByWeight/><Quantity>14.00</Quantity><UnitOfMeasure>מ"ל</UnitOfMeasure><QtyInPackage>לא ידוע</QtyInPackage><UnitOfMeasurePrice>0.9214</UnitOfMeasurePrice><AllowDiscount>1</AllowDiscount><ItemStatus>1</ItemStatus><ItemPrice>12.90</ItemPrice></item><item><PriceUpdateDate>2016-05-30 22:03:28</PriceUpdateDate><ItemCode>7290000288352</ItemCode><ItemType>1</ItemType><ItemName>סנו K300 קוטל חרקים</ItemName><ManufacturerName>K-300</ManufacturerName><ManufactureCountry>ישראל</ManufactureCountry><ManufacturerItemDescription>משמיד חרקים K300 סמק</ManufacturerItemDescription><SoldByWeight/><Quantity>630.00</Quantity><UnitOfMeasure>מ"ל</UnitOfMeasure><QtyInPackage>לא ידוע</QtyInPackage><UnitOfMeasurePrice>0.0330</UnitOfMeasurePrice><AllowDiscount>1</AllowDiscount><ItemStatus>1</ItemStatus><ItemPrice>20.80</ItemPrice></item><item><PriceUpdateDate>2016-02-02 06:50:52</PriceUpdateDate><ItemCode>7290000288642</ItemCode><ItemType>1</ItemType><ItemName>מב מרכך כביסה מקסימה</ItemName><ManufacturerName>סנו מקסימה</ManufacturerName><ManufactureCountry>ישראל</ManufactureCountry><ManufacturerItemDescription>מב מרכך כביסה מקסימה</ManufacturerItemDescription><SoldByWeight/><Quantity>4000.00</Quantity><UnitOfMeasure>מ"ל</UnitOfMeasure><QtyInPackage>לא ידוע</QtyInPackage><UnitOfMeasurePrice>0.0055</UnitOfMeasurePrice><AllowDiscount>1</AllowDiscount><ItemStatus>1</ItemStatus><ItemPrice>21.90</ItemPrice></item><item><PriceUpdateDate>2016-05-03 11:47:50</PriceUpdateDate><ItemCode>7290000288692</ItemCode><ItemType>1</ItemType><ItemName>ס.מרלבורו גולד קצר ב</ItemName><ManufacturerName>מרלבורו</ManufacturerName><ManufactureCountry>ישראל</ManufactureCountry><ManufacturerItemDescription>ס.מרלבורו גולד קצר ב</ManufacturerItemDescription><SoldByWeight/><Quantity>0.00</Quantity><UnitOfMeasure>יח'</UnitOfMeasure><QtyInPackage>לא ידוע</QtyInPackage><UnitOfMeasurePrice>0.0000</UnitOfMeasurePrice><AllowDiscount>1</AllowDiscount><ItemStatus>1</ItemStatus><ItemPrice>35.00</ItemPrice></item><item><PriceUpdateDate>2016-05-01 21:46:32</PriceUpdateDate><ItemCode>7290000289069</ItemCode><ItemType>1</ItemType><ItemName>סנו ז'אוול קצף ניקוי</ItemName><ManufacturerName>ז'אוול</ManufacturerName><ManufactureCountry>ישראל</ManufactureCountry><ManufacturerItemDescription>לניקוי כללי סנו JAVELמתז1</ManufacturerItemDescription><SoldByWeight/><Quantity>1000.00</Quantity><UnitOfMeasure>מ"ל</UnitOfMeasure><QtyInPackage>לא ידוע</QtyInPackage><UnitOfMeasurePrice>0.0199</UnitOfMeasurePrice><AllowDiscount>1</AllowDiscount><ItemStatus>1</ItemStatus><ItemPrice>19.90</ItemPrice></item><item><PriceUpdateDate>2016-06-01 06:50:30</PriceUpdateDate><ItemCode>7290000289380</ItemCode><ItemType>1</ItemType><ItemName>מב סנו ז'אוול C.W ג'</ItemName><ManufacturerName>סנו</ManufacturerName><ManufactureCountry>ישראל</ManufactureCountry><ManufacturerItemDescription>מב סנו ז'אוול C.W ג'</ManufacturerItemDescription><SoldByWeight/><Quantity>750.00</Quantity><UnitOfMeasure>מ"ל</UnitOfMeasure><QtyInPackage>לא ידוע</QtyInPackage><UnitOfMeasurePrice>0.0145</UnitOfMeasurePrice><AllowDiscount>1</AllowDiscount><ItemStatus>1</ItemStatus><ItemPrice>10.90</ItemPrice></item><item><PriceUpdateDate>2016-05-01 21:46:33</PriceUpdateDate><ItemCode>7290000289496</ItemCode><ItemType>1</ItemType><ItemName>סנו ז'אוול 750 מ" לס</ItemName><ManufacturerName>ז'אוול</ManufacturerName><ManufactureCountry>ישראל</ManufactureCountry><ManufacturerItemDescription>סנו ז'אוול 750 מ" לס</ManufacturerItemDescription><SoldByWeight/><Quantity>750.00</Quantity><UnitOfMeasure>מ"ל</UnitOfMeasure><QtyInPackage>לא ידוע</QtyInPackage><UnitOfMeasurePrice>0.0172</UnitOfMeasurePrice><AllowDiscount>1</AllowDiscount><ItemStatus>1</ItemStatus><ItemPrice>12.90</ItemPrice></item><item><PriceUpdateDate>2016-06-01 06:50:30</PriceUpdateDate><ItemCode>7290000289748</ItemCode><ItemType>1</ItemType><ItemName>מב מסיר שומנים פורטה</ItemName><ManufacturerName>סנו</ManufacturerName><ManufactureCountry>ישראל</ManufactureCountry><ManufacturerItemDescription>מסיר שומנים פורטה פלוס750</ManufacturerItemDescription><SoldByWeight/><Quantity>750.00</Quantity><UnitOfMeasure>מ"ל</UnitOfMeasure><QtyInPackage>לא ידוע</QtyInPackage><UnitOfMeasurePrice>0.0225</UnitOfMeasurePrice><AllowDiscount>1</AllowDiscount><ItemStatus>1</ItemStatus><ItemPrice>16.90</ItemPrice></item><item><PriceUpdateDate>2016-05-01 21:46:33</PriceUpdateDate><ItemCode>7290000291857</ItemCode><ItemType>1</ItemType><ItemName>סנו פוליויקס וקס גול</ItemName><ManufacturerName>פוליויקס</ManufacturerName><ManufactureCountry>ישראל</ManufactureCountry><ManufacturerItemDescription>סנו פוליויקס וקס גול</ManufacturerItemDescription><SoldByWeight/><Quantity>2000.00</Quantity><UnitOfMeasure>מ"ל</UnitOfMeasure><QtyInPackage>לא ידוע</QtyInPackage><UnitOfMeasurePrice>0.0124</UnitOfMeasurePrice><AllowDiscount>0</AllowDiscount><ItemStatus>1</ItemStatus><ItemPrice>24.90</ItemPrice></item><item><PriceUpdateDate>2015-10-21 14:52:48</PriceUpdateDate><ItemCode>7290000291963</ItemCode><ItemType>1</ItemType><ItemName>סנו ז'אוול אקונומיקה</ItemName><ManufacturerName>ז'אוול</ManufacturerName><ManufactureCountry>ישראל</ManufactureCountry><ManufacturerItemDescription>אקונומיקה JAVEL ל .סמיכה</ManufacturerItemDescription><SoldByWeight/><Quantity>1000.00</Quantity><UnitOfMeasure>מ"ל</UnitOfMeasure><QtyInPackage>לא ידוע</QtyInPackage><UnitOfMeasurePrice>0.0094</UnitOfMeasurePrice><AllowDiscount>1</AllowDiscount><ItemStatus>1</ItemStatus><ItemPrice>9.40</ItemPrice></item><item><PriceUpdateDate>2015-11-12 14:56:52</PriceUpdateDate><ItemCode>7290000292137</ItemCode><ItemType>1</ItemType><ItemName>סנו לניקוי וטיפול במ</ItemName><ManufacturerName>סנו רהיט</ManufacturerName><ManufactureCountry>ישראל</ManufactureCountry><ManufacturerItemDescription>סנו לניקוי וטיפול במ</ManufacturerItemDescription><SoldByWeight/><Quantity>500.00</Quantity><UnitOfMeasure>מ"ל</UnitOfMeasure><QtyInPackage>לא ידוע</QtyInPackage><UnitOfMeasurePrice>0.0728</UnitOfMeasurePrice><AllowDiscount>1</AllowDiscount><ItemStatus>1</ItemStatus><ItemPrice>36.40</ItemPrice></item><item><PriceUpdateDate>2016-05-01 21:46:33</PriceUpdateDate><ItemCode>7290000292311</ItemCode><ItemType>1</ItemType><ItemName>סנו פוליויקס וקס סחל</ItemName><ManufacturerName>פוליויקס</ManufacturerName><ManufactureCountry>ישראל</ManufactureCountry><ManufacturerItemDescription>לרצפה פוליויקס 2 ל.סחלבים</ManufacturerItemDescription><SoldByWeight/><Quantity>2000.00</Quantity><UnitOfMeasure>מ"ל</UnitOfMeasure><QtyInPackage>לא ידוע</QtyInPackage><UnitOfMeasurePrice>0.0124</UnitOfMeasurePrice><AllowDiscount>0</AllowDiscount><ItemStatus>1</ItemStatus><ItemPrice>24.90</ItemPrice></item><item><PriceUpdateDate>2016-03-01 06:49:02</PriceUpdateDate><ItemCode>7290000292564</ItemCode><ItemType>1</ItemType><ItemName>מב סנו ק 2000 ללא רי</ItemName><ManufacturerName>סנו</ManufacturerName><ManufactureCountry>ישראל</ManufactureCountry><ManufacturerItemDescription>משמיד חרקים K2000 ללא ריח</ManufacturerItemDescription><SoldByWeight/><Quantity>750.00</Quantity><UnitOfMeasure>מ"ל</UnitOfMeasure><QtyInPackage>לא ידוע</QtyInPackage><UnitOfMeasurePrice>0.0399</UnitOfMeasurePrice><AllowDiscount>1</AllowDiscount><ItemStatus>1</ItemStatus><ItemPrice>29.90</ItemPrice></item><item><PriceUpdateDate>2016-05-30 22:03:29</PriceUpdateDate><ItemCode>7290000292687</ItemCode><ItemType>1</ItemType><ItemName>סנובון שלישיה כחול 5</ItemName><ManufacturerName>סנובון</ManufacturerName><ManufactureCountry>ישראל</ManufactureCountry><ManufacturerItemDescription>סנובון לאסלה כחול</ManufacturerItemDescription><SoldByWeight/><Quantity>55.00</Quantity><UnitOfMeasure>גרם     </UnitOfMeasure><QtyInPackage>לא ידוע</QtyInPackage><UnitOfMeasurePrice>0.3000</UnitOfMeasurePrice><AllowDiscount>1</AllowDiscount><ItemStatus>1</ItemStatus><ItemPrice>16.50</ItemPrice></item><item><PriceUpdateDate>2016-02-02 06:50:52</PriceUpdateDate><ItemCode>7290000293073</ItemCode><ItemType>1</ItemType><ItemName>מב מרכך כביסה מקסימה</ItemName><ManufacturerName>סנו מקסימה</ManufacturerName><ManufactureCountry>ישראל</ManufactureCountry><ManufacturerItemDescription>מרכך כביסה מקסימה ביו 4</ManufacturerItemDescription><SoldByWeight/><Quantity>4000.00</Quantity><UnitOfMeasure>מ"ל</UnitOfMeasure><QtyInPackage>לא ידוע</QtyInPackage><UnitOfMeasurePrice>0.0055</UnitOfMeasurePrice><AllowDiscount>1</AllowDiscount><ItemStatus>1</ItemStatus><ItemPrice>21.90</ItemPrice></item><item><PriceUpdateDate>2014-11-03 06:37:40</PriceUpdateDate><ItemCode>7290000293516</ItemCode><ItemType>1</ItemType><ItemName>סנו סופג לחות ומונע</ItemName><ManufacturerName>לא ידוע</ManufacturerName><ManufactureCountry>ישראל</ManufactureCountry><ManufacturerItemDescription>סנו סופג לחות ומונע</ManufacturerItemDescription><SoldByWeight/><Quantity>340.00</Quantity><UnitOfMeasure>גרם     </UnitOfMeasure><QtyInPackage>לא ידוע</QtyInPackage><UnitOfMeasurePrice>0.0806</UnitOfMeasurePrice><AllowDiscount>1</AllowDiscount><ItemStatus>1</ItemStatus><ItemPrice>27.40</ItemPrice></item><item><PriceUpdateDate>2014-11-03 06:37:40</PriceUpdateDate><ItemCode>7290000293530</ItemCode><ItemType>1</ItemType><ItemName>סנו מילוי לסופג לחות</ItemName><ManufacturerName>סנו</ManufacturerName><ManufactureCountry>ישראל</ManufactureCountry><ManufacturerItemDescription>סנו מילוי לסופג לחות</ManufacturerItemDescription><SoldByWeight/><Quantity>340.00</Quantity><UnitOfMeasure>גרם     </UnitOfMeasure><QtyInPackage>לא ידוע</QtyInPackage><UnitOfMeasurePrice>0.0421</UnitOfMeasurePrice><AllowDiscount>1</AllowDiscount><ItemStatus>1</ItemStatus><ItemPrice>14.30</ItemPrice></item><item><PriceUpdateDate>2016-05-01 21:46:33</PriceUpdateDate><ItemCode>7290000293943</ItemCode><ItemType>1</ItemType><ItemName>סנו אנטי קלאק מרסס 1</ItemName><ManufacturerName>אנטי קאלק</ManufacturerName><ManufactureCountry>ישראל</ManufactureCountry><ManufacturerItemDescription>מסיר אבנית אנטיקאלק מתז1</ManufacturerItemDescription><SoldByWeight/><Quantity>1000.00</Quantity><UnitOfMeasure>מ"ל</UnitOfMeasure><QtyInPackage>לא ידוע</QtyInPackage><UnitOfMeasurePrice>0.0219</UnitOfMeasurePrice><AllowDiscount>1</AllowDiscount><ItemStatus>1</ItemStatus><ItemPrice>21.90</ItemPrice></item><item><PriceUpdateDate>2014-11-03 06:37:40</PriceUpdateDate><ItemCode>7290000294391</ItemCode><ItemType>1</ItemType><ItemName>סנו ג'ט יכול הכל 4 ל</ItemName><ManufacturerName>סנו גט</ManufacturerName><ManufactureCountry>ישראל</ManufactureCountry><ManufacturerItemDescription>סנו ג'ט יכול הכל 4 ל</ManufacturerItemDescription><SoldByWeight/><Quantity>4000.00</Quantity><UnitOfMeasure>מ"ל</UnitOfMeasure><QtyInPackage>לא ידוע</QtyInPackage><UnitOfMeasurePrice>0.0061</UnitOfMeasurePrice><AllowDiscount>1</AllowDiscount><ItemStatus>1</ItemStatus><ItemPrice>24.30</ItemPrice></item><item><PriceUpdateDate>2016-05-30 22:03:29</PriceUpdateDate><ItemCode>7290000294780</ItemCode><ItemType>1</ItemType><ItemName>סנו ז'אוול אקונומיקה</ItemName><ManufacturerName>ז'אוול</ManufacturerName><ManufactureCountry>ישראל</ManufactureCountry><ManufacturerItemDescription>אקונומיקה JAVEL ל .סמיכה</ManufacturerItemDescription><SoldByWeight/><Quantity>4000.00</Quantity><UnitOfMeasure>מ"ל</UnitOfMeasure><QtyInPackage>לא ידוע</QtyInPackage><UnitOfMeasurePrice>0.0040</UnitOfMeasurePrice><AllowDiscount>0</AllowDiscount><ItemStatus>1</ItemStatus><ItemPrice>15.90</ItemPrice></item><item><PriceUpdateDate>2016-05-01 21:46:33</PriceUpdateDate><ItemCode>7290000295121</ItemCode><ItemType>1</ItemType><ItemName>מב מטלית ריצפה זיג ז</ItemName><ManufacturerName>לא ידוע</ManufacturerName><ManufactureCountry>ישראל</ManufactureCountry><ManufacturerItemDescription>מטלית רצפה זיג זג</ManufacturerItemDescription><SoldByWeight/><Quantity>0.00</Quantity><UnitOfMeasure>יח'</UnitOfMeasure><QtyInPackage>לא ידוע</QtyInPackage><UnitOfMeasurePrice>0.0000</UnitOfMeasurePrice><AllowDiscount>1</AllowDiscount><ItemStatus>1</ItemStatus><ItemPrice>10.90</ItemPrice></item><item><PriceUpdateDate>2016-05-01 21:46:33</PriceUpdateDate><ItemCode>7290000295299</ItemCode><ItemType>1</ItemType><ItemName>מב כריות יפניות סנו</ItemName><ManufacturerName>סנו סושי</ManufacturerName><ManufactureCountry>ישראל</ManufactureCountry><ManufacturerItemDescription>כרית הפלא סנו סושי</ManufacturerItemDescription><SoldByWeight/><Quantity>0.00</Quantity><UnitOfMeasure>יח'</UnitOfMeasure><QtyInPackage>לא ידוע</QtyInPackage><UnitOfMeasurePrice>0.0000</UnitOfMeasurePrice><AllowDiscount>1</AllowDiscount><ItemStatus>1</ItemStatus><ItemPrice>10.90</ItemPrice></item><item><PriceUpdateDate>2014-11-03 06:37:40</PriceUpdateDate><ItemCode>7290000295312</ItemCode><ItemType>1</ItemType><ItemName>סנו רהיט פוליטול לרה</ItemName><ManufacturerName>סנו רהיט</ManufacturerName><ManufactureCountry>ישראל</ManufactureCountry><ManufacturerItemDescription>סנו רהיט פוליטול לרה</ManufacturerItemDescription><SoldByWeight/><Quantity>240.00</Quantity><UnitOfMeasure>מ"ל</UnitOfMeasure><QtyInPackage>לא ידוע</QtyInPackage><UnitOfMeasurePrice>0.0804</UnitOfMeasurePrice><AllowDiscount>1</AllowDiscount><ItemStatus>1</ItemStatus><ItemPrice>19.30</ItemPrice></item><item><PriceUpdateDate>2016-02-24 07:10:46</PriceUpdateDate><ItemCode>7290000295336</ItemCode><ItemType>1</ItemType><ItemName>מב אבקת כביסה מקסימה</ItemName><ManufacturerName>סנו מקסימה</ManufacturerName><ManufactureCountry>ישראל</ManufactureCountry><ManufacturerItemDescription>מב אבקת כביסה מקסימה</ManufacturerItemDescription><SoldByWeight/><Quantity>1250.00</Quantity><UnitOfMeasure>גרם     </UnitOfMeasure><QtyInPackage>לא ידוע</QtyInPackage><UnitOfMeasurePrice>0.0119</UnitOfMeasurePrice><AllowDiscount>1</AllowDiscount><ItemStatus>1</ItemStatus><ItemPrice>14.90</ItemPrice></item><item><PriceUpdateDate>2016-02-24 07:10:46</PriceUpdateDate><ItemCode>7290000295343</ItemCode><ItemType>1</ItemType><ItemName>מב אבקת כביסה מקסימה</ItemName><ManufacturerName>סנו מקסימה</ManufacturerName><ManufactureCountry>ישראל</ManufactureCountry><ManufacturerItemDescription>מב אבקת כביסה מקסימה</ManufacturerItemDescription><SoldByWeight/><Quantity>1250.00</Quantity><UnitOfMeasure>גרם     </UnitOfMeasure><QtyInPackage>לא ידוע</QtyInPackage><UnitOfMeasurePrice>0.0119</UnitOfMeasurePrice><AllowDiscount>1</AllowDiscount><ItemStatus>1</ItemStatus><ItemPrice>14.90</ItemPrice></item><item><PriceUpdateDate>2016-05-01 21:46:33</PriceUpdateDate><ItemCode>7290000295367</ItemCode><ItemType>1</ItemType><ItemName>מב אבקת כביסה מקסימה</ItemName><ManufacturerName>סנו מקסימה</ManufacturerName><ManufactureCountry>ישראל</ManufactureCountry><ManufacturerItemDescription>מב אבקת כביסה מקסימה</ManufacturerItemDescription><SoldByWeight/><Quantity>2500.00</Quantity><UnitOfMeasure>גרם     </UnitOfMeasure><QtyInPackage>לא ידוע</QtyInPackage><UnitOfMeasurePrice>0.0104</UnitOfMeasurePrice><AllowDiscount>0</AllowDiscount><ItemStatus>1</ItemStatus><ItemPrice>25.90</ItemPrice></item><item><PriceUpdateDate>2016-05-30 22:03:29</PriceUpdateDate><ItemCode>7290000295503</ItemCode><ItemType>1</ItemType><ItemName>שקיות אוכל נשלפות זו</ItemName><ManufacturerName>סנו סושי</ManufacturerName><ManufactureCountry>ישראל</ManufactureCountry><ManufacturerItemDescription>שקיות אוכל נשלפות זו</ManufacturerItemDescription><SoldByWeight/><Quantity>0.00</Quantity><UnitOfMeasure>יח'</UnitOfMeasure><QtyInPackage>לא ידוע</QtyInPackage><UnitOfMeasurePrice>0.0000</UnitOfMeasurePrice><AllowDiscount>1</AllowDiscount><ItemStatus>1</ItemStatus><ItemPrice>15.60</ItemPrice></item><item><PriceUpdateDate>2015-11-12 14:55:52</PriceUpdateDate><ItemCode>7290000295541</ItemCode><ItemType>1</ItemType><ItemName>סנו רב מגבת ג'מבו</ItemName><ManufacturerName>רב מגבת</ManufacturerName><ManufactureCountry>ישראל</ManufactureCountry><ManufacturerItemDescription>סנו רב מגבת ג'מבו</ManufacturerItemDescription><SoldByWeight/><Quantity>1.00</Quantity><UnitOfMeasure>יח'</UnitOfMeasure><QtyInPackage>לא ידוע</QtyInPackage><UnitOfMeasurePrice>23.8000</UnitOfMeasurePrice><AllowDiscount>1</AllowDiscount><ItemStatus>1</ItemStatus><ItemPrice>23.80</ItemPrice></item><item><PriceUpdateDate>2015-11-12 14:56:18</PriceUpdateDate><ItemCode>7290000295565</ItemCode><ItemType>1</ItemType><ItemName>רדיד אלומיניום זוג 7</ItemName><ManufacturerName>סנו סושי</ManufacturerName><ManufactureCountry>ישראל</ManufactureCountry><ManufacturerItemDescription>רדיד אלומיניום זוג 7</ManufacturerItemDescription><SoldByWeight/><Quantity>1.00</Quantity><UnitOfMeasure>יח'</UnitOfMeasure><QtyInPackage>לא ידוע</QtyInPackage><UnitOfMeasurePrice>20.7000</UnitOfMeasurePrice><AllowDiscount>1</AllowDiscount><ItemStatus>1</ItemStatus><ItemPrice>20.70</ItemPrice></item><item><PriceUpdateDate>2016-05-30 22:03:29</PriceUpdateDate><ItemCode>7290000295572</ItemCode><ItemType>1</ItemType><ItemName>סנו 00 לניקוי אסלות</ItemName><ManufacturerName>סנו 00</ManufacturerName><ManufactureCountry>ישראל</ManufactureCountry><ManufacturerItemDescription>מנקה אסלות 750 00 סמק זוג</ManufacturerItemDescription><SoldByWeight/><Quantity>750.00</Quantity><UnitOfMeasure>מ"ל</UnitOfMeasure><QtyInPackage>לא ידוע</QtyInPackage><UnitOfMeasurePrice>0.0265</UnitOfMeasurePrice><AllowDiscount>1</AllowDiscount><ItemStatus>1</ItemStatus><ItemPrice>19.90</ItemPrice></item><item><PriceUpdateDate>2014-11-03 06:37:40</PriceUpdateDate><ItemCode>7290000295589</ItemCode><ItemType>1</ItemType><ItemName>טלק בייבי כיף 200 גר</ItemName><ManufacturerName>כיף</ManufacturerName><ManufactureCountry>ישראל</ManufactureCountry><ManufacturerItemDescription>טלק בייבי כיף 200 גר</ManufacturerItemDescription><SoldByWeight/><Quantity>200.00</Quantity><UnitOfMeasure>מ"ל</UnitOfMeasure><QtyInPackage>לא ידוע</QtyInPackage><UnitOfMeasurePrice>0.0840</UnitOfMeasurePrice><AllowDiscount>1</AllowDiscount><ItemStatus>1</ItemStatus><ItemPrice>16.80</ItemPrice></item><item><PriceUpdateDate>2014-11-03 06:37:40</PriceUpdateDate><ItemCode>7290000295749</ItemCode><ItemType>1</ItemType><ItemName>ספוג סאקי מסג'</ItemName><ManufacturerName>לא ידוע</ManufacturerName><ManufactureCountry>ישראל</ManufactureCountry><ManufacturerItemDescription>ספוג כיף סאקי מסאז</ManufacturerItemDescription><SoldByWeight/><Quantity>0.00</Quantity><UnitOfMeasure>יח'</UnitOfMeasure><QtyInPackage>לא ידוע</QtyInPackage><UnitOfMeasurePrice>0.0000</UnitOfMeasurePrice><AllowDiscount>1</AllowDiscount><ItemStatus>1</ItemStatus><ItemPrice>12.20</ItemPrice></item><item><PriceUpdateDate>2015-11-12 17:42:13</PriceUpdateDate><ItemCode>7290000300115</ItemCode><ItemType>1</ItemType><ItemName>שניצל צמחי משפחתי 1</ItemName><ManufacturerName>טבעול</ManufacturerName><ManufactureCountry>ישראל</ManufactureCountry><ManufacturerItemDescription>שניצל צמחי 1 קג</ManufacturerItemDescription><SoldByWeight/><Quantity>1000.00</Quantity><UnitOfMeasure>גרם     </UnitOfMeasure><QtyInPackage>לא ידוע</QtyInPackage><UnitOfMeasurePrice>0.0464</UnitOfMeasurePrice><AllowDiscount>1</AllowDiscount><ItemStatus>1</ItemStatus><ItemPrice>46.40</ItemPrice></item><item><PriceUpdateDate>2016-05-30 22:03:29</PriceUpdateDate><ItemCode>7290000300139</ItemCode><ItemType>1</ItemType><ItemName>המבורגר טבעול 750 גר</ItemName><ManufacturerName>טבעול</ManufacturerName><ManufactureCountry>ישראל</ManufactureCountry><ManufacturerItemDescription>המבורגר צמחי 750 ג</ManufacturerItemDescription><SoldByWeight/><Quantity>750.00</Quantity><UnitOfMeasure>גרם     </UnitOfMeasure><QtyInPackage>לא ידוע</QtyInPackage><UnitOfMeasurePrice>0.0551</UnitOfMeasurePrice><AllowDiscount>1</AllowDiscount><ItemStatus>1</ItemStatus><ItemPrice>41.30</ItemPrice></item><item><PriceUpdateDate>2015-11-12 17:42:13</PriceUpdateDate><ItemCode>7290000300337</ItemCode><ItemType>1</ItemType><ItemName>נקניקיה וינר מן הצומ</ItemName><ManufacturerName>טבעול</ManufacturerName><ManufactureCountry>ישראל</ManufactureCountry><ManufacturerItemDescription>נקניקיה וינר מן הצומ</ManufacturerItemDescription><SoldByWeight/><Quantity>750.00</Quantity><UnitOfMeasure>גרם     </UnitOfMeasure><QtyInPackage>לא ידוע</QtyInPackage><UnitOfMeasurePrice>0.0508</UnitOfMeasurePrice><AllowDiscount>1</AllowDiscount><ItemStatus>1</ItemStatus><ItemPrice>38.10</ItemPrice></item><item><PriceUpdateDate>2016-02-02 06:50:53</PriceUpdateDate><ItemCode>7290000300689</ItemCode><ItemType>1</ItemType><ItemName>שניצל ברוקולי 750 גר</ItemName><ManufacturerName>טבעול</ManufacturerName><ManufactureCountry>ישראל</ManufactureCountry><ManufacturerItemDescription>שניצל ברוקולי 750 ג</ManufacturerItemDescription><SoldByWeight/><Quantity>750.00</Quantity><UnitOfMeasure>גרם     </UnitOfMeasure><QtyInPackage>לא ידוע</QtyInPackage><UnitOfMeasurePrice>0.0481</UnitOfMeasurePrice><AllowDiscount>1</AllowDiscount><ItemStatus>1</ItemStatus><ItemPrice>36.10</ItemPrice></item><item><PriceUpdateDate>2016-03-29 13:00:28</PriceUpdateDate><ItemCode>7290000300900</ItemCode><ItemType>1</ItemType><ItemName>שניצל תירס 750 גרם</ItemName><ManufacturerName>טבעול</ManufacturerName><ManufactureCountry>ישראל</ManufactureCountry><ManufacturerItemDescription>שניצל תירס 750 גרם טבעול</ManufacturerItemDescription><SoldByWeight/><Quantity>750.00</Quantity><UnitOfMeasure>גרם     </UnitOfMeasure><QtyInPackage>לא ידוע</QtyInPackage><UnitOfMeasurePrice>0.0372</UnitOfMeasurePrice><AllowDiscount>1</AllowDiscount><ItemStatus>1</ItemStatus><ItemPrice>27.90</ItemPrice></item><item><PriceUpdateDate>2016-02-08 08:07:35</PriceUpdateDate><ItemCode>7290000300924</ItemCode><ItemType>1</ItemType><ItemName>שניצל תרד 750 גרם</ItemName><ManufacturerName>טבעול</ManufacturerName><ManufactureCountry>ישראל</ManufactureCountry><ManufacturerItemDescription>שניצל תרד 750 ג</ManufacturerItemDescription><SoldByWeight/><Quantity>750.00</Quantity><UnitOfMeasure>גרם     </UnitOfMeasure><QtyInPackage>לא ידוע</QtyInPackage><UnitOfMeasurePrice>0.0465</UnitOfMeasurePrice><AllowDiscount>1</AllowDiscount><ItemStatus>1</ItemStatus><ItemPrice>34.90</ItemPrice></item><item><PriceUpdateDate>2015-11-12 17:42:13</PriceUpdateDate><ItemCode>7290000301655</ItemCode><ItemType>1</ItemType><ItemName>חטיפי תירס 600 גרם</ItemName><ManufacturerName>טבעול</ManufacturerName><ManufactureCountry>ישראל</ManufactureCountry><ManufacturerItemDescription>חטיפי תירס 600 גר</ManufacturerItemDescription><SoldByWeight/><Quantity>600.00</Quantity><UnitOfMeasure>גרם     </UnitOfMeasure><QtyInPackage>לא ידוע</QtyInPackage><UnitOfMeasurePrice>0.0490</UnitOfMeasurePrice><AllowDiscount>1</AllowDiscount><ItemStatus>1</ItemStatus><ItemPrice>29.40</ItemPrice></item><item><PriceUpdateDate>2015-11-12 17:42:13</PriceUpdateDate><ItemCode>7290000301778</ItemCode><ItemType>1</ItemType><ItemName>כרובית בציפוי פריך 5</ItemName><ManufacturerName>טבעול</ManufacturerName><ManufactureCountry>ישראל</ManufactureCountry><ManufacturerItemDescription>כרובית בציפוי פריך 500 גר</ManufacturerItemDescription><SoldByWeight/><Quantity>500.00</Quantity><UnitOfMeasure>גרם     </UnitOfMeasure><QtyInPackage>לא ידוע</QtyInPackage><UnitOfMeasurePrice>0.0682</UnitOfMeasurePrice><AllowDiscount>1</AllowDiscount><ItemStatus>1</ItemStatus><ItemPrice>34.10</ItemPrice></item><item><PriceUpdateDate>2015-10-22 16:08:32</PriceUpdateDate><ItemCode>7290000303598</ItemCode><ItemType>1</ItemType><ItemName>שעועית במיץ עגבניות</ItemName><ManufacturerName>לא ידוע</ManufacturerName><ManufactureCountry>ישראל</ManufactureCountry><ManufacturerItemDescription>שעועית לבנה אפויה ברוטב 5</ManufacturerItemDescription><SoldByWeight/><Quantity>355.00</Quantity><UnitOfMeasure>גרם     </UnitOfMeasure><QtyInPackage>לא ידוע</QtyInPackage><UnitOfMeasurePrice>0.0231</UnitOfMeasurePrice><AllowDiscount>1</AllowDiscount><ItemStatus>1</ItemStatus><ItemPrice>8.20</ItemPrice></item><item><PriceUpdateDate>2016-05-30 22:03:29</PriceUpdateDate><ItemCode>7290000303604</ItemCode><ItemType>1</ItemType><ItemName>מב חומוס גרגירים 340</ItemName><ManufacturerName>פרי הגליל</ManufacturerName><ManufactureCountry>ישראל</ManufactureCountry><ManufacturerItemDescription>חומוס גרגרים שלם</ManufacturerItemDescription><SoldByWeight/><Quantity>340.00</Quantity><UnitOfMeasure>גרם     </UnitOfMeasure><QtyInPackage>לא ידוע</QtyInPackage><UnitOfMeasurePrice>0.0174</UnitOfMeasurePrice><AllowDiscount>1</AllowDiscount><ItemStatus>1</ItemStatus><ItemPrice>5.90</ItemPrice></item><item><PriceUpdateDate>2014-11-03 06:37:55</PriceUpdateDate><ItemCode>7290000304526</ItemCode><ItemType>1</ItemType><ItemName>ממרח סלמון 100 גרם</ItemName><ManufacturerName>יונה</ManufacturerName><ManufactureCountry>ישראל</ManufactureCountry><ManufacturerItemDescription>ממרח סלמון מעודן 100 גר</ManufacturerItemDescription><SoldByWeight/><Quantity>100.00</Quantity><UnitOfMeasure>גרם     </UnitOfMeasure><QtyInPackage>לא ידוע</QtyInPackage><UnitOfMeasurePrice>0.0900</UnitOfMeasurePrice><AllowDiscount>1</AllowDiscount><ItemStatus>1</ItemStatus><ItemPrice>9.00</ItemPrice></item><item><PriceUpdateDate>2016-01-19 09:24:15</PriceUpdateDate><ItemCode>7290000304663</ItemCode><ItemType>1</ItemType><ItemName>סלט טונה נון100 גרם</ItemName><ManufacturerName>נון</ManufacturerName><ManufactureCountry>ישראל</ManufactureCountry><ManufacturerItemDescription>סלט טונה180 גר      .נון</ManufacturerItemDescription><SoldByWeight/><Quantity>160.00</Quantity><UnitOfMeasure>גרם     </UnitOfMeasure><QtyInPackage>לא ידוע</QtyInPackage><UnitOfMeasurePrice>0.0469</UnitOfMeasurePrice><AllowDiscount>1</AllowDiscount><ItemStatus>1</ItemStatus><ItemPrice>7.50</ItemPrice></item><item><PriceUpdateDate>2014-11-03 06:37:55</PriceUpdateDate><ItemCode>7290000305035</ItemCode><ItemType>1</ItemType><ItemName>סרדין סטאר מרוקאי ופ</ItemName><ManufacturerName>יונה</ManufacturerName><ManufactureCountry>ישראל</ManufactureCountry><ManufacturerItemDescription>סרדין מרוקאי    י 120גרם</ManufacturerItemDescription><SoldByWeight/><Quantity>120.00</Quantity><UnitOfMeasure>גרם     </UnitOfMeasure><QtyInPackage>לא ידוע</QtyInPackage><UnitOfMeasurePrice>0.0583</UnitOfMeasurePrice><AllowDiscount>1</AllowDiscount><ItemStatus>1</ItemStatus><ItemPrice>7.00</ItemPrice></item><item><PriceUpdateDate>2014-11-03 06:37:55</PriceUpdateDate><ItemCode>7290000305349</ItemCode><ItemType>1</ItemType><ItemName>טונה מעושנת פסטרמה 1</ItemName><ManufacturerName>יונה</ManufacturerName><ManufactureCountry>ישראל</ManufactureCountry><ManufacturerItemDescription>טונה מעושנת פסטרמה 1</ManufacturerItemDescription><SoldByWeight/><Quantity>110.00</Quantity><UnitOfMeasure>גרם     </UnitOfMeasure><QtyInPackage>לא ידוע</QtyInPackage><UnitOfMeasurePrice>0.1545</UnitOfMeasurePrice><AllowDiscount>1</AllowDiscount><ItemStatus>1</ItemStatus><ItemPrice>17.00</ItemPrice></item><item><PriceUpdateDate>2016-05-30 22:03:29</PriceUpdateDate><ItemCode>7290000307015</ItemCode><ItemType>1</ItemType><ItemName>מב אפונה גדולה 560 ג</ItemName><ManufacturerName>פרי הגליל</ManufacturerName><ManufactureCountry>ישראל</ManufactureCountry><ManufacturerItemDescription>אפונה בינונית 550 גרם</ManufacturerItemDescription><SoldByWeight/><Quantity>335.00</Quantity><UnitOfMeasure>גרם     </UnitOfMeasure><QtyInPackage>לא ידוע</QtyInPackage><UnitOfMeasurePrice>0.0176</UnitOfMeasurePrice><AllowDiscount>1</AllowDiscount><ItemStatus>1</ItemStatus><ItemPrice>5.90</ItemPrice></item><item><PriceUpdateDate>2015-10-22 16:08:32</PriceUpdateDate><ItemCode>7290000307046</ItemCode><ItemType>1</ItemType><ItemName>אפונה וגזר 600 גרם</ItemName><ManufacturerName>לא ידוע</ManufacturerName><ManufactureCountry>ישראל</ManufactureCountry><ManufacturerItemDescription>אפונה וגזר550 גר</ManufacturerItemDescription><SoldByWeight/><Quantity>330.00</Quantity><UnitOfMeasure>גרם     </UnitOfMeasure><QtyInPackage>לא ידוע</QtyInPackage><UnitOfMeasurePrice>0.0221</UnitOfMeasurePrice><AllowDiscount>1</AllowDiscount><ItemStatus>1</ItemStatus><ItemPrice>7.30</ItemPrice></item><item><PriceUpdateDate>2016-05-30 22:03:29</PriceUpdateDate><ItemCode>7290000307237</ItemCode><ItemType>1</ItemType><ItemName>מב תירס גרעינים פרי</ItemName><ManufacturerName>לא ידוע</ManufacturerName><ManufactureCountry>ישראל</ManufactureCountry><ManufacturerItemDescription>תירס גרעינים 550 גר.פריגל</ManufacturerItemDescription><SoldByWeight/><Quantity>335.00</Quantity><UnitOfMeasure>גרם     </UnitOfMeasure><QtyInPackage>לא ידוע</QtyInPackage><UnitOfMeasurePrice>0.0176</UnitOfMeasurePrice><AllowDiscount>1</AllowDiscount><ItemStatus>1</ItemStatus><ItemPrice>5.90</ItemPrice></item><item><PriceUpdateDate>2015-11-12 18:18:35</PriceUpdateDate><ItemCode>7290000313160</ItemCode><ItemType>1</ItemType><ItemName>עוגיות זהבה שוקו 250</ItemName><ManufacturerName>אסם</ManufacturerName><ManufactureCountry>ישראל</ManufactureCountry><ManufacturerItemDescription>ביסקוויט זהבה ושלשת הדובי</ManufacturerItemDescription><SoldByWeight/><Quantity>250.00</Quantity><UnitOfMeasure>גרם     </UnitOfMeasure><QtyInPackage>לא ידוע</QtyInPackage><UnitOfMeasurePrice>0.0364</UnitOfMeasurePrice><AllowDiscount>1</AllowDiscount><ItemStatus>1</ItemStatus><ItemPrice>9.10</ItemPrice></item><item><PriceUpdateDate>2015-11-12 18:18:35</PriceUpdateDate><ItemCode>7290000313184</ItemCode><ItemType>1</ItemType><ItemName>עוגיות גן חיות וניל</ItemName><ManufacturerName>אסם</ManufacturerName><ManufactureCountry>ישראל</ManufactureCountry><ManufacturerItemDescription>עוגיות גן חיות וניל</ManufacturerItemDescription><SoldByWeight/><Quantity>250.00</Quantity><UnitOfMeasure>גרם     </UnitOfMeasure><QtyInPackage>לא ידוע</QtyInPackage><UnitOfMeasurePrice>0.0364</UnitOfMeasurePrice><AllowDiscount>1</AllowDiscount><ItemStatus>1</ItemStatus><ItemPrice>9.10</ItemPrice></item><item><PriceUpdateDate>2015-11-12 18:18:35</PriceUpdateDate><ItemCode>7290000313283</ItemCode><ItemType>1</ItemType><ItemName>אטריות נודלס שטוחות</ItemName><ManufacturerName>אסם</ManufacturerName><ManufactureCountry>איטליה</ManufactureCountry><ManufacturerItemDescription>נודלס אטריות ביצים 300 גר</ManufacturerItemDescription><SoldByWeight/><Quantity>300.00</Quantity><UnitOfMeasure>גרם     </UnitOfMeasure><QtyInPackage>לא ידוע</QtyInPackage><UnitOfMeasurePrice>0.0410</UnitOfMeasurePrice><AllowDiscount>1</AllowDiscount><ItemStatus>1</ItemStatus><ItemPrice>12.30</ItemPrice></item><item><PriceUpdateDate>2015-11-12 18:18:35</PriceUpdateDate><ItemCode>7290000313290</ItemCode><ItemType>1</ItemType><ItemName>אטריות נודלס מסולסלו</ItemName><ManufacturerName>אסם נודלס</ManufacturerName><ManufactureCountry>ישראל</ManufactureCountry><ManufacturerItemDescription>אטריות נודלס    לסל200גר</ManufacturerItemDescription><SoldByWeight/><Quantity>200.00</Quantity><UnitOfMeasure>גרם     </UnitOfMeasure><QtyInPackage>לא ידוע</QtyInPackage><UnitOfMeasurePrice>0.0615</UnitOfMeasurePrice><AllowDiscount>1</AllowDiscount><ItemStatus>1</ItemStatus><ItemPrice>12.30</ItemPrice></item><item><PriceUpdateDate>2016-02-08 09:02:00</PriceUpdateDate><ItemCode>7290000315157</ItemCode><ItemType>1</ItemType><ItemName>הלמנס-מיונז אמיתי לח</ItemName><ManufacturerName>הלמנס</ManufacturerName><ManufactureCountry>ישראל</ManufactureCountry><ManufacturerItemDescription>הלמנס-מיונז אמיתי לח</ManufacturerItemDescription><SoldByWeight/><Quantity>385.00</Quantity><UnitOfMeasure>גרם     </UnitOfMeasure><QtyInPackage>לא ידוע</QtyInPackage><UnitOfMeasurePrice>0.0413</UnitOfMeasurePrice><AllowDiscount>1</AllowDiscount><ItemStatus>1</ItemStatus><ItemPrice>15.90</ItemPrice></item><item><PriceUpdateDate>2016-06-17 09:13:34</PriceUpdateDate><ItemCode>7290000316222</ItemCode><ItemType>1</ItemType><ItemName>סיף ספריי לניקוי רב</ItemName><ManufacturerName>סיף-פנטסטיק</ManufacturerName><ManufactureCountry>ישראל</ManufactureCountry><ManufacturerItemDescription>סיף ספריי לניקוי רב</ManufacturerItemDescription><SoldByWeight/><Quantity>500.00</Quantity><UnitOfMeasure>מ"ל</UnitOfMeasure><QtyInPackage>לא ידוע</QtyInPackage><UnitOfMeasurePrice>0.0258</UnitOfMeasurePrice><AllowDiscount>1</AllowDiscount><ItemStatus>1</ItemStatus><ItemPrice>12.90</ItemPrice></item><item><PriceUpdateDate>2016-05-30 22:03:29</PriceUpdateDate><ItemCode>7290000316444</ItemCode><ItemType>1</ItemType><ItemName>ברנפלקס ללא סוכר 500</ItemName><ManufacturerName>ברנפלקס - תלמה</ManufacturerName><ManufactureCountry>ישראל</ManufactureCountry><ManufacturerItemDescription>ברנפלקס ללא סוכר בדצ 500</ManufacturerItemDescription><SoldByWeight/><Quantity>500.00</Quantity><UnitOfMeasure>גרם     </UnitOfMeasure><QtyInPackage>לא ידוע</QtyInPackage><UnitOfMeasurePrice>0.0398</UnitOfMeasurePrice><AllowDiscount>1</AllowDiscount><ItemStatus>1</ItemStatus><ItemPrice>19.90</ItemPrice></item><item><PriceUpdateDate>2016-05-30 22:03:29</PriceUpdateDate><ItemCode>7290000316833</ItemCode><ItemType>1</ItemType><ItemName>נשנושי ברנפלקס 375 ג</ItemName><ManufacturerName>ברנפלקס - תלמה</ManufacturerName><ManufactureCountry>ישראל</ManufactureCountry><ManufacturerItemDescription>ברנפלקס נשנושים 375 גרם</ManufacturerItemDescription><SoldByWeight/><Quantity>375.00</Quantity><UnitOfMeasure>גרם     </UnitOfMeasure><QtyInPackage>לא ידוע</QtyInPackage><UnitOfMeasurePrice>0.0531</UnitOfMeasurePrice><AllowDiscount>1</AllowDiscount><ItemStatus>1</ItemStatus><ItemPrice>19.90</ItemPrice></item><item><PriceUpdateDate>2016-03-29 06:36:19</PriceUpdateDate><ItemCode>7290000318080</ItemCode><ItemType>1</ItemType><ItemName>מב פסטרמה של פעם יחי</ItemName><ManufacturerName>יחיעם</ManufacturerName><ManufactureCountry>ישראל</ManufactureCountry><ManufacturerItemDescription>מב פסטרמה של פעם יחי</ManufacturerItemDescription><SoldByWeight/><Quantity>300.00</Quantity><UnitOfMeasure>גרם     </UnitOfMeasure><QtyInPackage>לא ידוע</QtyInPackage><UnitOfMeasurePrice>0.0830</UnitOfMeasurePrice><AllowDiscount>1</AllowDiscount><ItemStatus>1</ItemStatus><ItemPrice>24.90</ItemPrice></item><item><PriceUpdateDate>2015-10-20 16:22:39</PriceUpdateDate><ItemCode>7290000318103</ItemCode><ItemType>3</ItemType><ItemName>פסטרמה ברביקיו במשקל</ItemName><ManufacturerName>יחיעם</ManufacturerName><ManufactureCountry>ישראל</ManufactureCountry><ManufacturerItemDescription>פסטרמה ברביקיו במשקל</ManufacturerItemDescription><SoldByWeight/><Quantity>1.00</Quantity><UnitOfMeasure>ק"ג</UnitOfMeasure><QtyInPackage>לא ידוע</QtyInPackage><UnitOfMeasurePrice>79.0000</UnitOfMeasurePrice><AllowDiscount>1</AllowDiscount><ItemStatus>1</ItemStatus><ItemPrice>79.00</ItemPrice></item><item><PriceUpdateDate>2016-05-30 22:03:29</PriceUpdateDate><ItemCode>7290000318127</ItemCode><ItemType>1</ItemType><ItemName>נקניקיות ביס 380 גרם</ItemName><ManufacturerName>יחיעם</ManufacturerName><ManufactureCountry>ישראל</ManufactureCountry><ManufacturerItemDescription>נקניקיות ביס 380 גר</ManufacturerItemDescription><SoldByWeight/><Quantity>380.00</Quantity><UnitOfMeasure>גרם     </UnitOfMeasure><QtyInPackage>לא ידוע</QtyInPackage><UnitOfMeasurePrice>0.0339</UnitOfMeasurePrice><AllowDiscount>1</AllowDiscount><ItemStatus>1</ItemStatus><ItemPrice>12.90</ItemPrice></item><item><PriceUpdateDate>2015-12-15 10:09:41</PriceUpdateDate><ItemCode>7290000318400</ItemCode><ItemType>1</ItemType><ItemName>פסטרמה ברביקיו יום י</ItemName><ManufacturerName>יחיעם</ManufacturerName><ManufactureCountry>ישראל</ManufactureCountry><ManufacturerItemDescription>פסטרמה ברביקיו יום יום 80</ManufacturerItemDescription><SoldByWeight/><Quantity>80.00</Quantity><UnitOfMeasure>גרם     </UnitOfMeasure><QtyInPackage>לא ידוע</QtyInPackage><UnitOfMeasurePrice>0.0988</UnitOfMeasurePrice><AllowDiscount>1</AllowDiscount><ItemStatus>1</ItemStatus><ItemPrice>7.90</ItemPrice></item><item><PriceUpdateDate>2016-03-01 06:49:03</PriceUpdateDate><ItemCode>7290000318479</ItemCode><ItemType>1</ItemType><ItemName>מב נקניק פרושוטו יחי</ItemName><ManufacturerName>יחיעם</ManufacturerName><ManufactureCountry>ישראל</ManufactureCountry><ManufacturerItemDescription>פרושוטו עגל ברזאולה 100 ג</ManufacturerItemDescription><SoldByWeight/><Quantity>100.00</Quantity><UnitOfMeasure>גרם     </UnitOfMeasure><QtyInPackage>לא ידוע</QtyInPackage><UnitOfMeasurePrice>0.2290</UnitOfMeasurePrice><AllowDiscount>1</AllowDiscount><ItemStatus>1</ItemStatus><ItemPrice>22.90</ItemPrice></item><item><PriceUpdateDate>2016-06-01 06:51:33</PriceUpdateDate><ItemCode>7290000318677</ItemCode><ItemType>1</ItemType><ItemName>מב נקניק סלמי סרוולט</ItemName><ManufacturerName>יחיעם</ManufacturerName><ManufactureCountry>ישראל</ManufactureCountry><ManufacturerItemDescription>סלמי סרוולד 150 גרם</ManufacturerItemDescription><SoldByWeight/><Quantity>150.00</Quantity><UnitOfMeasure>גרם     </UnitOfMeasure><QtyInPackage>לא ידוע</QtyInPackage><UnitOfMeasurePrice>0.1327</UnitOfMeasurePrice><AllowDiscount>1</AllowDiscount><ItemStatus>1</ItemStatus><ItemPrice>19.90</ItemPrice></item><item><PriceUpdateDate>2015-11-12 17:19:32</PriceUpdateDate><ItemCode>7290000318806</ItemCode><ItemType>3</ItemType><ItemName>סלמי סרוולד במשקל</ItemName><ManufacturerName>יחיעם</ManufacturerName><ManufactureCountry>ישראל</ManufactureCountry><ManufacturerItemDescription>סלמי סרוולד במשקל</ManufacturerItemDescription><SoldByWeight/><Quantity>1.00</Quantity><UnitOfMeasure>ק"ג</UnitOfMeasure><QtyInPackage>לא ידוע</QtyInPackage><UnitOfMeasurePrice>150.0000</UnitOfMeasurePrice><AllowDiscount>1</AllowDiscount><ItemStatus>1</ItemStatus><ItemPrice>150.00</ItemPrice></item><item><PriceUpdateDate>2016-01-06 08:14:22</PriceUpdateDate><ItemCode>7290000318868</ItemCode><ItemType>3</ItemType><ItemName>סלמי פפרוני</ItemName><ManufacturerName>יחיעם</ManufacturerName><ManufactureCountry>ישראל</ManufactureCountry><ManufacturerItemDescription>סלמי פפרוני</ManufacturerItemDescription><SoldByWeight/><Quantity>1.00</Quantity><UnitOfMeasure>ק"ג</UnitOfMeasure><QtyInPackage>לא ידוע</QtyInPackage><UnitOfMeasurePrice>69.9000</UnitOfMeasurePrice><AllowDiscount>1</AllowDiscount><ItemStatus>1</ItemStatus><ItemPrice>69.90</ItemPrice></item><item><PriceUpdateDate>2015-11-12 17:19:32</PriceUpdateDate><ItemCode>7290000318882</ItemCode><ItemType>3</ItemType><ItemName>מעושן איטלקי במשקל</ItemName><ManufacturerName>יחיעם</ManufacturerName><ManufactureCountry>ישראל</ManufactureCountry><ManufacturerItemDescription>מעושן איטלקי במשקל</ManufacturerItemDescription><SoldByWeight/><Quantity>1.00</Quantity><UnitOfMeasure>ק"ג</UnitOfMeasure><QtyInPackage>לא ידוע</QtyInPackage><UnitOfMeasurePrice>60.0000</UnitOfMeasurePrice><AllowDiscount>1</AllowDiscount><ItemStatus>1</ItemStatus><ItemPrice>60.00</ItemPrice></item><item><PriceUpdateDate>2016-03-29 06:36:19</PriceUpdateDate><ItemCode>7290000318905</ItemCode><ItemType>1</ItemType><ItemName>מב נקניק סלמי קוניאק</ItemName><ManufacturerName>יחיעם</ManufacturerName><ManufactureCountry>ישראל</ManufactureCountry><ManufacturerItemDescription>מב נקניק סלמי קוניאק</ManufacturerItemDescription><SoldByWeight/><Quantity>300.00</Quantity><UnitOfMeasure>גרם     </UnitOfMeasure><QtyInPackage>לא ידוע</QtyInPackage><UnitOfMeasurePrice>0.0830</UnitOfMeasurePrice><AllowDiscount>1</AllowDiscount><ItemStatus>1</ItemStatus><ItemPrice>24.90</ItemPrice></item><item><PriceUpdateDate>2015-11-12 17:19:32</PriceUpdateDate><ItemCode>7290000318929</ItemCode><ItemType>3</ItemType><ItemName>סלמי צרפתי במשקל</ItemName><ManufacturerName>יחיעם</ManufacturerName><ManufactureCountry>ישראל</ManufactureCountry><ManufacturerItemDescription>סלמי צרפתי במשקל</ManufacturerItemDescription><SoldByWeight/><Quantity>1.00</Quantity><UnitOfMeasure>ק"ג</UnitOfMeasure><QtyInPackage>לא ידוע</QtyInPackage><UnitOfMeasurePrice>150.0000</UnitOfMeasurePrice><AllowDiscount>1</AllowDiscount><ItemStatus>1</ItemStatus><ItemPrice>150.00</ItemPrice></item><item><PriceUpdateDate>2016-05-30 22:03:30</PriceUpdateDate><ItemCode>7290000318943</ItemCode><ItemType>1</ItemType><ItemName>נקניק פסטרמה של פעם</ItemName><ManufacturerName>יחיעם</ManufacturerName><ManufactureCountry>ישראל</ManufactureCountry><ManufacturerItemDescription>פסטרמה של פעם 200 גרם</ManufacturerItemDescription><SoldByWeight/><Quantity>200.00</Quantity><UnitOfMeasure>גרם     </UnitOfMeasure><QtyInPackage>לא ידוע</QtyInPackage><UnitOfMeasurePrice>0.1240</UnitOfMeasurePrice><AllowDiscount>1</AllowDiscount><ItemStatus>1</ItemStatus><ItemPrice>24.80</ItemPrice></item><item><PriceUpdateDate>2015-11-12 17:19:32</PriceUpdateDate><ItemCode>7290000319377</ItemCode><ItemType>1</ItemType><ItemName>נקניקיות לגריל 450 ג</ItemName><ManufacturerName>יחיעם</ManufacturerName><ManufactureCountry>ישראל</ManufactureCountry><ManufacturerItemDescription>נקניקיות עגל 450 גר</ManufacturerItemDescription><SoldByWeight/><Quantity>450.00</Quantity><UnitOfMeasure>גרם     </UnitOfMeasure><QtyInPackage>לא ידוע</QtyInPackage><UnitOfMeasurePrice>0.0507</UnitOfMeasurePrice><AllowDiscount>1</AllowDiscount><ItemStatus>1</ItemStatus><ItemPrice>22.80</ItemPrice></item><item><PriceUpdateDate>2016-01-05 08:49:05</PriceUpdateDate><ItemCode>7290000319384</ItemCode><ItemType>1</ItemType><ItemName>נקניק סלמי גלעד 500</ItemName><ManufacturerName>יחיעם</ManufacturerName><ManufactureCountry>ישראל</ManufactureCountry><ManufacturerItemDescription>נקניק סלמי גלעד 500</ManufacturerItemDescription><SoldByWeight/><Quantity>500.00</Quantity><UnitOfMeasure>גרם     </UnitOfMeasure><QtyInPackage>לא ידוע</QtyInPackage><UnitOfMeasurePrice>0.0496</UnitOfMeasurePrice><AllowDiscount>1</AllowDiscount><ItemStatus>1</ItemStatus><ItemPrice>24.80</ItemPrice></item><item><PriceUpdateDate>2016-05-30 22:03:30</PriceUpdateDate><ItemCode>7290000319520</ItemCode><ItemType>1</ItemType><ItemName>נקניק סלמי צרפתי 100</ItemName><ManufacturerName>יחיעם</ManufacturerName><ManufactureCountry>ישראל</ManufactureCountry><ManufacturerItemDescription>סלמי צרפתי 100 גרם</ManufacturerItemDescription><SoldByWeight/><Quantity>100.00</Quantity><UnitOfMeasure>גרם     </UnitOfMeasure><QtyInPackage>לא ידוע</QtyInPackage><UnitOfMeasurePrice>0.2360</UnitOfMeasurePrice><AllowDiscount>1</AllowDiscount><ItemStatus>1</ItemStatus><ItemPrice>23.60</ItemPrice></item><item><PriceUpdateDate>2015-10-20 16:22:39</PriceUpdateDate><ItemCode>7290000319728</ItemCode><ItemType>3</ItemType><ItemName>נקניק מעושן איטלקי מ</ItemName><ManufacturerName>יחיעם</ManufacturerName><ManufactureCountry>ישראל</ManufactureCountry><ManufacturerItemDescription>נקניק מעושן איטלקי מ</ManufacturerItemDescription><SoldByWeight/><Quantity>1.00</Quantity><UnitOfMeasure>ק"ג</UnitOfMeasure><QtyInPackage>לא ידוע</QtyInPackage><UnitOfMeasurePrice>86.6000</UnitOfMeasurePrice><AllowDiscount>1</AllowDiscount><ItemStatus>1</ItemStatus><ItemPrice>86.60</ItemPrice></item><item><PriceUpdateDate>2016-05-30 22:03:30</PriceUpdateDate><ItemCode>7290000319803</ItemCode><ItemType>1</ItemType><ItemName>מב קבנוס קלאסי 125 ג</ItemName><ManufacturerName>יחיעם</ManufacturerName><ManufactureCountry>לא ידוע</ManufactureCountry><ManufacturerItemDescription>מב קבנוס קלאסי 125 ג</ManufacturerItemDescription><SoldByWeight/><Quantity>125.00</Quantity><UnitOfMeasure>גרם     </UnitOfMeasure><QtyInPackage>לא ידוע</QtyInPackage><UnitOfMeasurePrice>0.0872</UnitOfMeasurePrice><AllowDiscount>1</AllowDiscount><ItemStatus>1</ItemStatus><ItemPrice>10.90</ItemPrice></item><item><PriceUpdateDate>2016-05-30 22:03:30</PriceUpdateDate><ItemCode>7290000319834</ItemCode><ItemType>1</ItemType><ItemName>מב קבנוס פפרוני 125</ItemName><ManufacturerName>יחיעם</ManufacturerName><ManufactureCountry>לא ידוע</ManufactureCountry><ManufacturerItemDescription>מב קבנוס פפרוני 125</ManufacturerItemDescription><SoldByWeight/><Quantity>125.00</Quantity><UnitOfMeasure>גרם     </UnitOfMeasure><QtyInPackage>לא ידוע</QtyInPackage><UnitOfMeasurePrice>0.0872</UnitOfMeasurePrice><AllowDiscount>1</AllowDiscount><ItemStatus>1</ItemStatus><ItemPrice>10.90</ItemPrice></item><item><PriceUpdateDate>2016-03-29 06:36:19</PriceUpdateDate><ItemCode>7290000319926</ItemCode><ItemType>1</ItemType><ItemName>מב נקניק חזה עוף על</ItemName><ManufacturerName>יחיעם</ManufacturerName><ManufactureCountry>ישראל</ManufactureCountry><ManufacturerItemDescription>מב נקניק חזה עוף על</ManufacturerItemDescription><SoldByWeight/><Quantity>300.00</Quantity><UnitOfMeasure>גרם     </UnitOfMeasure><QtyInPackage>לא ידוע</QtyInPackage><UnitOfMeasurePrice>0.0830</UnitOfMeasurePrice><AllowDiscount>1</AllowDiscount><ItemStatus>1</ItemStatus><ItemPrice>24.90</ItemPrice></item><item><PriceUpdateDate>2016-03-01 06:49:03</PriceUpdateDate><ItemCode>7290000327440</ItemCode><ItemType>1</ItemType><ItemName>משקה ג'אמפ מנגו 1.5</ItemName><ManufacturerName>גאמפ</ManufacturerName><ManufactureCountry>ישראל</ManufactureCountry><ManufacturerItemDescription>משקה ג'אמפ מנגו 1.5</ManufacturerItemDescription><SoldByWeight/><Quantity>1500.00</Quantity><UnitOfMeasure>מ"ל</UnitOfMeasure><QtyInPackage>לא ידוע</QtyInPackage><UnitOfMeasurePrice>0.0046</UnitOfMeasurePrice><AllowDiscount>1</AllowDiscount><ItemStatus>1</ItemStatus><ItemPrice>6.90</ItemPrice></item><item><PriceUpdateDate>2015-10-11 18:10:43</PriceUpdateDate><ItemCode>7290000327624</ItemCode><ItemType>1</ItemType><ItemName>סודה טמפו 1.5 ליטר</ItemName><ManufacturerName>טמפו</ManufacturerName><ManufactureCountry>ישראל</ManufactureCountry><ManufacturerItemDescription>סודה 1.5 ל</ManufacturerItemDescription><SoldByWeight/><Quantity>1500.00</Quantity><UnitOfMeasure>מ"ל</UnitOfMeasure><QtyInPackage>לא ידוע</QtyInPackage><UnitOfMeasurePrice>0.0035</UnitOfMeasurePrice><AllowDiscount>1</AllowDiscount><ItemStatus>1</ItemStatus><ItemPrice>5.20</ItemPrice></item><item><PriceUpdateDate>2015-11-12 14:55:26</PriceUpdateDate><ItemCode>7290000327693</ItemCode><ItemType>1</ItemType><ItemName>סודה בטעם פירות יער</ItemName><ManufacturerName>טמפו</ManufacturerName><ManufactureCountry>ישראל</ManufactureCountry><ManufacturerItemDescription>סודה בטעם פירות יער 1.5 ל</ManufacturerItemDescription><SoldByWeight/><Quantity>1500.00</Quantity><UnitOfMeasure>מ"ל</UnitOfMeasure><QtyInPackage>לא ידוע</QtyInPackage><UnitOfMeasurePrice>0.0035</UnitOfMeasurePrice><AllowDiscount>1</AllowDiscount><ItemStatus>1</ItemStatus><ItemPrice>5.20</ItemPrice></item><item><PriceUpdateDate>2015-11-12 14:55:26</PriceUpdateDate><ItemCode>7290000327716</ItemCode><ItemType>1</ItemType><ItemName>סודה בטעם אננס 1.5 ל</ItemName><ManufacturerName>טמפו</ManufacturerName><ManufactureCountry>ישראל</ManufactureCountry><ManufacturerItemDescription>סודה בטעם אננס 1.5 ליטר</ManufacturerItemDescription><SoldByWeight/><Quantity>1500.00</Quantity><UnitOfMeasure>מ"ל</UnitOfMeasure><QtyInPackage>לא ידוע</QtyInPackage><UnitOfMeasurePrice>0.0035</UnitOfMeasurePrice><AllowDiscount>1</AllowDiscount><ItemStatus>1</ItemStatus><ItemPrice>5.20</ItemPrice></item><item><PriceUpdateDate>2015-11-12 14:55:26</PriceUpdateDate><ItemCode>7290000327778</ItemCode><ItemType>1</ItemType><ItemName>סודה בטעם אבטיח 1.5</ItemName><ManufacturerName>טמפו</ManufacturerName><ManufactureCountry>ישראל</ManufactureCountry><ManufacturerItemDescription>סודה בטעם אבטיח 1.5 ליטר</ManufacturerItemDescription><SoldByWeight/><Quantity>1500.00</Quantity><UnitOfMeasure>מ"ל</UnitOfMeasure><QtyInPackage>לא ידוע</QtyInPackage><UnitOfMeasurePrice>0.0035</UnitOfMeasurePrice><AllowDiscount>1</AllowDiscount><ItemStatus>1</ItemStatus><ItemPrice>5.20</ItemPrice></item><item><PriceUpdateDate>2016-05-30 22:03:30</PriceUpdateDate><ItemCode>7290000334165</ItemCode><ItemType>1</ItemType><ItemName>תפוגן מובחר 700 גרם</ItemName><ManufacturerName>תפוגן</ManufacturerName><ManufactureCountry>ישראל</ManufactureCountry><ManufacturerItemDescription>תפוגן מובחר 700 גרם</ManufacturerItemDescription><SoldByWeight/><Quantity>700.00</Quantity><UnitOfMeasure>גרם     </UnitOfMeasure><QtyInPackage>לא ידוע</QtyInPackage><UnitOfMeasurePrice>0.0199</UnitOfMeasurePrice><AllowDiscount>0</AllowDiscount><ItemStatus>1</ItemStatus><ItemPrice>13.90</ItemPrice></item><item><PriceUpdateDate>2014-11-03 06:37:28</PriceUpdateDate><ItemCode>7290000334387</ItemCode><ItemType>1</ItemType><ItemName>תפוגן כשל"פ בדץ 2 ק"</ItemName><ManufacturerName>תפוגן</ManufacturerName><ManufactureCountry>ישראל</ManufactureCountry><ManufacturerItemDescription>תפוגן כשל"פ בדץ 2 ק"</ManufacturerItemDescription><SoldByWeight/><Quantity>2000.00</Quantity><UnitOfMeasure>גרם     </UnitOfMeasure><QtyInPackage>לא ידוע</QtyInPackage><UnitOfMeasurePrice>0.0177</UnitOfMeasurePrice><AllowDiscount>1</AllowDiscount><ItemStatus>1</ItemStatus><ItemPrice>35.40</ItemPrice></item><item><PriceUpdateDate>2016-03-29 13:00:28</PriceUpdateDate><ItemCode>7290000334684</ItemCode><ItemType>1</ItemType><ItemName>טבעות בצל 700 גרם</ItemName><ManufacturerName>תפוגן</ManufacturerName><ManufactureCountry>ישראל</ManufactureCountry><ManufacturerItemDescription>טבעות בצל 700  גר</ManufacturerItemDescription><SoldByWeight/><Quantity>700.00</Quantity><UnitOfMeasure>גרם     </UnitOfMeasure><QtyInPackage>לא ידוע</QtyInPackage><UnitOfMeasurePrice>0.0296</UnitOfMeasurePrice><AllowDiscount>1</AllowDiscount><ItemStatus>1</ItemStatus><ItemPrice>20.70</ItemPrice></item><item><PriceUpdateDate>2016-03-01 06:43:06</PriceUpdateDate><ItemCode>7290000334745</ItemCode><ItemType>1</ItemType><ItemName>אמריקאן ציפס 1.5 ק"ג</ItemName><ManufacturerName>תפוגן</ManufacturerName><ManufactureCountry>ישראל</ManufactureCountry><ManufacturerItemDescription>אמריקאן ציפס 1.5 ק"ג</ManufacturerItemDescription><SoldByWeight/><Quantity>1500.00</Quantity><UnitOfMeasure>גרם     </UnitOfMeasure><QtyInPackage>לא ידוע</QtyInPackage><UnitOfMeasurePrice>0.0209</UnitOfMeasurePrice><AllowDiscount>1</AllowDiscount><ItemStatus>1</ItemStatus><ItemPrice>31.40</ItemPrice></item><item><PriceUpdateDate>2015-11-12 14:55:26</PriceUpdateDate><ItemCode>7290000336053</ItemCode><ItemType>1</ItemType><ItemName>תרכיז סיידר טבעי 330</ItemName><ManufacturerName>סיידר</ManufacturerName><ManufactureCountry>ישראל</ManufactureCountry><ManufacturerItemDescription>סיידר תרכיז 330 בקבוק</ManufacturerItemDescription><SoldByWeight/><Quantity>330.00</Quantity><UnitOfMeasure>מ"ל</UnitOfMeasure><QtyInPackage>לא ידוע</QtyInPackage><UnitOfMeasurePrice>0.0388</UnitOfMeasurePrice><AllowDiscount>1</AllowDiscount><ItemStatus>1</ItemStatus><ItemPrice>12.80</ItemPrice></item><item><PriceUpdateDate>2015-11-12 15:05:01</PriceUpdateDate><ItemCode>7290000339191</ItemCode><ItemType>1</ItemType><ItemName>אבקת הלבנה רן מיכל 3</ItemName><ManufacturerName>לא ידוע</ManufacturerName><ManufactureCountry>ישראל</ManufactureCountry><ManufacturerItemDescription>אבקת הלבנה רן מיכל 3</ManufacturerItemDescription><SoldByWeight/><Quantity>350.00</Quantity><UnitOfMeasure>גרם     </UnitOfMeasure><QtyInPackage>לא ידוע</QtyInPackage><UnitOfMeasurePrice>0.0651</UnitOfMeasurePrice><AllowDiscount>1</AllowDiscount><ItemStatus>1</ItemStatus><ItemPrice>22.80</ItemPrice></item><item><PriceUpdateDate>2016-05-30 22:03:31</PriceUpdateDate><ItemCode>7290000339566</ItemCode><ItemType>1</ItemType><ItemName>מרכך כביסה בדין ורוד</ItemName><ManufacturerName>בדין</ManufacturerName><ManufactureCountry>ישראל</ManufactureCountry><ManufacturerItemDescription>מרכך כביסה בדין ורוד</ManufacturerItemDescription><SoldByWeight/><Quantity>4000.00</Quantity><UnitOfMeasure>מ"ל</UnitOfMeasure><QtyInPackage>לא ידוע</QtyInPackage><UnitOfMeasurePrice>0.0050</UnitOfMeasurePrice><AllowDiscount>1</AllowDiscount><ItemStatus>1</ItemStatus><ItemPrice>19.90</ItemPrice></item><item><PriceUpdateDate>2015-11-12 15:05:01</PriceUpdateDate><ItemCode>7290000341071</ItemCode><ItemType>1</ItemType><ItemName>מרכך כביסה בדין בייב</ItemName><ManufacturerName>בדין</ManufacturerName><ManufactureCountry>ישראל</ManufactureCountry><ManufacturerItemDescription>מרכך כביסה בדין בייב</ManufacturerItemDescription><SoldByWeight/><Quantity>2000.00</Quantity><UnitOfMeasure>מ"ל</UnitOfMeasure><QtyInPackage>לא ידוע</QtyInPackage><UnitOfMeasurePrice>0.0113</UnitOfMeasurePrice><AllowDiscount>1</AllowDiscount><ItemStatus>1</ItemStatus><ItemPrice>22.60</ItemPrice></item><item><PriceUpdateDate>2016-05-30 22:03:31</PriceUpdateDate><ItemCode>7290000342832</ItemCode><ItemType>1</ItemType><ItemName>מרכך כביסה בדין צהוב</ItemName><ManufacturerName>בדין</ManufacturerName><ManufactureCountry>ישראל</ManufactureCountry><ManufacturerItemDescription>מרכך כביסה בדין צהוב</ManufacturerItemDescription><SoldByWeight/><Quantity>4000.00</Quantity><UnitOfMeasure>מ"ל</UnitOfMeasure><QtyInPackage>לא ידוע</QtyInPackage><UnitOfMeasurePrice>0.0050</UnitOfMeasurePrice><AllowDiscount>1</AllowDiscount><ItemStatus>1</ItemStatus><ItemPrice>19.90</ItemPrice></item><item><PriceUpdateDate>2015-11-16 11:40:30</PriceUpdateDate><ItemCode>7290000345055</ItemCode><ItemType>1</ItemType><ItemName>/100א.גריי</ItemName><ManufacturerName>ויסוצקי</ManufacturerName><ManufactureCountry>ישראל</ManufactureCountry><ManufacturerItemDescription>תה ארלגריי100 גר .קופסא</ManufacturerItemDescription><SoldByWeight/><Quantity>100.00</Quantity><UnitOfMeasure>גרם     </UnitOfMeasure><QtyInPackage>לא ידוע</QtyInPackage><UnitOfMeasurePrice>0.1560</UnitOfMeasurePrice><AllowDiscount>1</AllowDiscount><ItemStatus>1</ItemStatus><ItemPrice>15.60</ItemPrice></item><item><PriceUpdateDate>2014-11-03 06:37:21</PriceUpdateDate><ItemCode>7290000345208</ItemCode><ItemType>1</ItemType><ItemName>-25/1תה בריבוע</ItemName><ManufacturerName>ויסוצקי</ManufacturerName><ManufactureCountry>ישראל</ManufactureCountry><ManufacturerItemDescription>תה קלאסיק1/25 גר</ManufacturerItemDescription><SoldByWeight/><Quantity>14.00</Quantity><UnitOfMeasure>גרם     </UnitOfMeasure><QtyInPackage>לא ידוע</QtyInPackage><UnitOfMeasurePrice>0.5143</UnitOfMeasurePrice><AllowDiscount>1</AllowDiscount><ItemStatus>1</ItemStatus><ItemPrice>7.20</ItemPrice></item><item><PriceUpdateDate>2015-11-16 11:40:30</PriceUpdateDate><ItemCode>7290000345260</ItemCode><ItemType>1</ItemType><ItemName>תה קלאסי 25/1.5 גרם</ItemName><ManufacturerName>ויסוצקי</ManufacturerName><ManufactureCountry>ישראל</ManufactureCountry><ManufacturerItemDescription>תה קלאסיק 1.5 גרם 25 שקיו</ManufacturerItemDescription><SoldByWeight/><Quantity>14.00</Quantity><UnitOfMeasure>גרם     </UnitOfMeasure><QtyInPackage>לא ידוע</QtyInPackage><UnitOfMeasurePrice>0.5857</UnitOfMeasurePrice><AllowDiscount>1</AllowDiscount><ItemStatus>1</ItemStatus><ItemPrice>8.20</ItemPrice></item><item><PriceUpdateDate>2016-03-16 15:40:39</PriceUpdateDate><ItemCode>7290000345284</ItemCode><ItemType>1</ItemType><ItemName>תה קלאסי מעטפה 100*1</ItemName><ManufacturerName>ויסוצקי</ManufacturerName><ManufactureCountry>ישראל</ManufactureCountry><ManufacturerItemDescription>תה קלאסיק 1.5/100 ירוק</ManufacturerItemDescription><SoldByWeight/><Quantity>150.00</Quantity><UnitOfMeasure>גרם     </UnitOfMeasure><QtyInPackage>לא ידוע</QtyInPackage><UnitOfMeasurePrice>0.1193</UnitOfMeasurePrice><AllowDiscount>1</AllowDiscount><ItemStatus>1</ItemStatus><ItemPrice>17.90</ItemPrice></item><item><PriceUpdateDate>2016-05-30 22:03:31</PriceUpdateDate><ItemCode>7290000345291</ItemCode><ItemType>1</ItemType><ItemName>מב ארל גריי  25 יח</ItemName><ManufacturerName>ויסוצקי</ManufacturerName><ManufactureCountry>ישראל</ManufactureCountry><ManufacturerItemDescription>תה ארלגריי שקיות1.5/25  ג</ManufacturerItemDescription><SoldByWeight/><Quantity>38.00</Quantity><UnitOfMeasure>גרם     </UnitOfMeasure><QtyInPackage>לא ידוע</QtyInPackage><UnitOfMeasurePrice>0.3658</UnitOfMeasurePrice><AllowDiscount>1</AllowDiscount><ItemStatus>1</ItemStatus><ItemPrice>13.90</ItemPrice></item><item><PriceUpdateDate>2016-04-14 11:16:09</PriceUpdateDate><ItemCode>7290000345307</ItemCode><ItemType>1</ItemType><ItemName>תה ארל גריי 1.5 גרם</ItemName><ManufacturerName>ויסוצקי</ManufacturerName><ManufactureCountry>ישראל</ManufactureCountry><ManufacturerItemDescription>תה ארל גריי בשקיקים 1.5/5</ManufacturerItemDescription><SoldByWeight/><Quantity>14.00</Quantity><UnitOfMeasure>גרם     </UnitOfMeasure><QtyInPackage>לא ידוע</QtyInPackage><UnitOfMeasurePrice>2.1357</UnitOfMeasurePrice><AllowDiscount>1</AllowDiscount><ItemStatus>1</ItemStatus><ItemPrice>29.90</ItemPrice></item><item><PriceUpdateDate>2015-11-16 11:40:30</PriceUpdateDate><ItemCode>7290000345536</ItemCode><ItemType>1</ItemType><ItemName>תה נענע 25 יח</ItemName><ManufacturerName>ויסוצקי</ManufacturerName><ManufactureCountry>ישראל</ManufactureCountry><ManufacturerItemDescription>תה+נענע ויסוצקי1.5/25 גר</ManufacturerItemDescription><SoldByWeight/><Quantity>38.00</Quantity><UnitOfMeasure>גרם     </UnitOfMeasure><QtyInPackage>לא ידוע</QtyInPackage><UnitOfMeasurePrice>0.5395</UnitOfMeasurePrice><AllowDiscount>1</AllowDiscount><ItemStatus>1</ItemStatus><ItemPrice>20.50</ItemPrice></item><item><PriceUpdateDate>2015-11-16 11:40:30</PriceUpdateDate><ItemCode>7290000346021</ItemCode><ItemType>1</ItemType><ItemName>תה קמומיל 50 שקיות</ItemName><ManufacturerName>גן הקסום</ManufacturerName><ManufactureCountry>ישראל</ManufactureCountry><ManufacturerItemDescription>תה קמומיל 50 שקיות</ManufacturerItemDescription><SoldByWeight/><Quantity>14.00</Quantity><UnitOfMeasure>גרם     </UnitOfMeasure><QtyInPackage>לא ידוע</QtyInPackage><UnitOfMeasurePrice>2.5571</UnitOfMeasurePrice><AllowDiscount>1</AllowDiscount><ItemStatus>1</ItemStatus><ItemPrice>35.80</ItemPrice></item><item><PriceUpdateDate>2016-06-14 15:39:27</PriceUpdateDate><ItemCode>7290000346120</ItemCode><ItemType>1</ItemType><ItemName>קסם הקינמון-'הגן הקס</ItemName><ManufacturerName>גן הקסום</ManufacturerName><ManufactureCountry>ישראל</ManufactureCountry><ManufacturerItemDescription>חליטת צמחים קינמון25 שק</ManufacturerItemDescription><SoldByWeight/><Quantity>14.00</Quantity><UnitOfMeasure>גרם     </UnitOfMeasure><QtyInPackage>לא ידוע</QtyInPackage><UnitOfMeasurePrice>1.4214</UnitOfMeasurePrice><AllowDiscount>1</AllowDiscount><ItemStatus>1</ItemStatus><ItemPrice>19.90</ItemPrice></item><item><PriceUpdateDate>2016-06-14 15:39:27</PriceUpdateDate><ItemCode>7290000346205</ItemCode><ItemType>1</ItemType><ItemName>חליטת קמומיל הגן הקס</ItemName><ManufacturerName>גן הקסום</ManufacturerName><ManufactureCountry>ישראל</ManufactureCountry><ManufacturerItemDescription>חליטה הגןהקסום קמומיל25 ש</ManufacturerItemDescription><SoldByWeight/><Quantity>38.00</Quantity><UnitOfMeasure>גרם     </UnitOfMeasure><QtyInPackage>לא ידוע</QtyInPackage><UnitOfMeasurePrice>0.5237</UnitOfMeasurePrice><AllowDiscount>1</AllowDiscount><ItemStatus>1</ItemStatus><ItemPrice>19.90</ItemPrice></item><item><PriceUpdateDate>2016-05-01 21:46:34</PriceUpdateDate><ItemCode>7290000347738</ItemCode><ItemType>1</ItemType><ItemName>תה ירוק נענע 25 יח'</ItemName><ManufacturerName>ויסוצקי</ManufacturerName><ManufactureCountry>ישראל</ManufactureCountry><ManufacturerItemDescription>תה ירוק נענע</ManufacturerItemDescription><SoldByWeight/><Quantity>38.00</Quantity><UnitOfMeasure>גרם     </UnitOfMeasure><QtyInPackage>לא ידוע</QtyInPackage><UnitOfMeasurePrice>0.6553</UnitOfMeasurePrice><AllowDiscount>1</AllowDiscount><ItemStatus>1</ItemStatus><ItemPrice>24.90</ItemPrice></item><item><PriceUpdateDate>2016-05-01 21:46:34</PriceUpdateDate><ItemCode>7290000347752</ItemCode><ItemType>1</ItemType><ItemName>תה ירוק לימונית ולוא</ItemName><ManufacturerName>ויסוצקי</ManufacturerName><ManufactureCountry>ישראל</ManufactureCountry><ManufacturerItemDescription>תה ירוק לימונית ולואיזה</ManufacturerItemDescription><SoldByWeight/><Quantity>38.00</Quantity><UnitOfMeasure>גרם     </UnitOfMeasure><QtyInPackage>לא ידוע</QtyInPackage><UnitOfMeasurePrice>0.6553</UnitOfMeasurePrice><AllowDiscount>1</AllowDiscount><ItemStatus>1</ItemStatus><ItemPrice>24.90</ItemPrice></item><item><PriceUpdateDate>2014-11-03 06:37:26</PriceUpdateDate><ItemCode>7290000351827</ItemCode><ItemType>1</ItemType><ItemName>מלח ים מטחנה 70 גרם</ItemName><ManufacturerName>טעם וריח</ManufacturerName><ManufactureCountry>ישראל</ManufactureCountry><ManufacturerItemDescription>מלח ים 70 גר מטחנהה</ManufacturerItemDescription><SoldByWeight/><Quantity>14.00</Quantity><UnitOfMeasure>גרם     </UnitOfMeasure><QtyInPackage>לא ידוע</QtyInPackage><UnitOfMeasurePrice>0.7286</UnitOfMeasurePrice><AllowDiscount>1</AllowDiscount><ItemStatus>1</ItemStatus><ItemPrice>10.20</ItemPrice></item><item><PriceUpdateDate>2014-12-10 08:04:13</PriceUpdateDate><ItemCode>7290000351919</ItemCode><ItemType>1</ItemType><ItemName>פלפל שחור מטחנה 35 ג</ItemName><ManufacturerName>טעם וריח</ManufacturerName><ManufactureCountry>ישראל</ManufactureCountry><ManufacturerItemDescription>פלפל שחור 35 גר מטחנה</ManufacturerItemDescription><SoldByWeight/><Quantity>14.00</Quantity><UnitOfMeasure>גרם     </UnitOfMeasure><QtyInPackage>לא ידוע</QtyInPackage><UnitOfMeasurePrice>1.1786</UnitOfMeasurePrice><AllowDiscount>1</AllowDiscount><ItemStatus>1</ItemStatus><ItemPrice>16.50</ItemPrice></item><item><PriceUpdateDate>2015-06-30 06:47:28</PriceUpdateDate><ItemCode>7290000355276</ItemCode><ItemType>1</ItemType><ItemName>מב קטשופ טל וטרי 750</ItemName><ManufacturerName>ויטה</ManufacturerName><ManufactureCountry>ישראל</ManufactureCountry><ManufacturerItemDescription>מב קטשופ טל וטרי 750</ManufacturerItemDescription><SoldByWeight/><Quantity>750.00</Quantity><UnitOfMeasure>גרם     </UnitOfMeasure><QtyInPackage>לא ידוע</QtyInPackage><UnitOfMeasurePrice>0.0119</UnitOfMeasurePrice><AllowDiscount>1</AllowDiscount><ItemStatus>1</ItemStatus><ItemPrice>8.90</ItemPrice></item><item><PriceUpdateDate>2016-05-30 22:03:31</PriceUpdateDate><ItemCode>7290000355719</ItemCode><ItemType>1</ItemType><ItemName>מב טל עגבניות מקולפו</ItemName><ManufacturerName>טל (מילוז</ManufacturerName><ManufactureCountry>ישראל</ManufactureCountry><ManufacturerItemDescription>מב טל עגבניות מקולפו</ManufacturerItemDescription><SoldByWeight/><Quantity>0.00</Quantity><UnitOfMeasure>יח'</UnitOfMeasure><QtyInPackage>לא ידוע</QtyInPackage><UnitOfMeasurePrice>0.0000</UnitOfMeasurePrice><AllowDiscount>1</AllowDiscount><ItemStatus>1</ItemStatus><ItemPrice>6.90</ItemPrice></item><item><PriceUpdateDate>2016-05-30 22:03:31</PriceUpdateDate><ItemCode>7290000355733</ItemCode><ItemType>1</ItemType><ItemName>מב עגבניות מקולפות 5</ItemName><ManufacturerName>לא ממותג</ManufacturerName><ManufactureCountry>ישראל</ManufactureCountry><ManufacturerItemDescription>מב עגבניות מקולפות 5</ManufacturerItemDescription><SoldByWeight/><Quantity>0.00</Quantity><UnitOfMeasure>יח'</UnitOfMeasure><QtyInPackage>לא ידוע</QtyInPackage><UnitOfMeasurePrice>0.0000</UnitOfMeasurePrice><AllowDiscount>1</AllowDiscount><ItemStatus>1</ItemStatus><ItemPrice>6.90</ItemPrice></item><item><PriceUpdateDate>2016-05-30 22:03:31</PriceUpdateDate><ItemCode>7290000355757</ItemCode><ItemType>1</ItemType><ItemName>עגבניות מרוסקות טל 8</ItemName><ManufacturerName>לא ידוע</ManufacturerName><ManufactureCountry>ישראל</ManufactureCountry><ManufacturerItemDescription>עגבניות מרוסקות טל 800 גר</ManufacturerItemDescription><SoldByWeight/><Quantity>800.00</Quantity><UnitOfMeasure>גרם     </UnitOfMeasure><QtyInPackage>לא ידוע</QtyInPackage><UnitOfMeasurePrice>0.0099</UnitOfMeasurePrice><AllowDiscount>1</AllowDiscount><ItemStatus>1</ItemStatus><ItemPrice>7.90</ItemPrice></item><item><PriceUpdateDate>2014-11-03 06:38:19</PriceUpdateDate><ItemCode>7290000355863</ItemCode><ItemType>1</ItemType><ItemName>מיץ עגבניות טל 1 ליט</ItemName><ManufacturerName>ויטה</ManufacturerName><ManufactureCountry>ישראל</ManufactureCountry><ManufacturerItemDescription>מיץ עגבניות טל 1 ליט</ManufacturerItemDescription><SoldByWeight/><Quantity>1000.00</Quantity><UnitOfMeasure>מ"ל</UnitOfMeasure><QtyInPackage>לא ידוע</QtyInPackage><UnitOfMeasurePrice>0.0102</UnitOfMeasurePrice><AllowDiscount>1</AllowDiscount><ItemStatus>1</ItemStatus><ItemPrice>10.20</ItemPrice></item><item><PriceUpdateDate>2015-10-22 16:08:32</PriceUpdateDate><ItemCode>7290000356631</ItemCode><ItemType>1</ItemType><ItemName>עגבניות מרוסקות זוג</ItemName><ManufacturerName>לא ידוע</ManufacturerName><ManufactureCountry>ישראל</ManufactureCountry><ManufacturerItemDescription>עגבניות מרוסקות זוג</ManufacturerItemDescription><SoldByWeight/><Quantity>600.00</Quantity><UnitOfMeasure>גרם     </UnitOfMeasure><QtyInPackage>לא ידוע</QtyInPackage><UnitOfMeasurePrice>0.0173</UnitOfMeasurePrice><AllowDiscount>1</AllowDiscount><ItemStatus>1</ItemStatus><ItemPrice>10.40</ItemPrice></item><item><PriceUpdateDate>2015-10-22 16:08:32</PriceUpdateDate><ItemCode>7290000356662</ItemCode><ItemType>1</ItemType><ItemName>עגבניות מרוסקות/מגור</ItemName><ManufacturerName>לא ידוע</ManufacturerName><ManufactureCountry>ישראל</ManufactureCountry><ManufacturerItemDescription>עגבניות מרוסקות/מגור</ManufacturerItemDescription><SoldByWeight/><Quantity>600.00</Quantity><UnitOfMeasure>גרם     </UnitOfMeasure><QtyInPackage>לא ידוע</QtyInPackage><UnitOfMeasurePrice>0.0190</UnitOfMeasurePrice><AllowDiscount>1</AllowDiscount><ItemStatus>1</ItemStatus><ItemPrice>11.40</ItemPrice></item><item><PriceUpdateDate>2015-11-12 17:22:51</PriceUpdateDate><ItemCode>7290000356730</ItemCode><ItemType>1</ItemType><ItemName>רסק עגבניות זוג טל 3</ItemName><ManufacturerName>לא ידוע</ManufacturerName><ManufactureCountry>ישראל</ManufactureCountry><ManufacturerItemDescription>רסק עגבניות זוג טל 3</ManufacturerItemDescription><SoldByWeight/><Quantity>660.00</Quantity><UnitOfMeasure>גרם     </UnitOfMeasure><QtyInPackage>לא ידוע</QtyInPackage><UnitOfMeasurePrice>0.0182</UnitOfMeasurePrice><AllowDiscount>1</AllowDiscount><ItemStatus>1</ItemStatus><ItemPrice>12.00</ItemPrice></item><item><PriceUpdateDate>2015-10-22 16:08:32</PriceUpdateDate><ItemCode>7290000356952</ItemCode><ItemType>1</ItemType><ItemName>עגבניות מגורדות זוג</ItemName><ManufacturerName>טל (מילוז</ManufacturerName><ManufactureCountry>ישראל</ManufactureCountry><ManufacturerItemDescription>עגבניות מגורדות זוג</ManufacturerItemDescription><SoldByWeight/><Quantity>600.00</Quantity><UnitOfMeasure>גרם     </UnitOfMeasure><QtyInPackage>לא ידוע</QtyInPackage><UnitOfMeasurePrice>0.0190</UnitOfMeasurePrice><AllowDiscount>1</AllowDiscount><ItemStatus>1</ItemStatus><ItemPrice>11.40</ItemPrice></item><item><PriceUpdateDate>2016-03-01 06:54:45</PriceUpdateDate><ItemCode>7290000357386</ItemCode><ItemType>3</ItemType><ItemName>פילה דג מרלוזה בשקית</ItemName><ManufacturerName>דלידג</ManufacturerName><ManufactureCountry>ישראל</ManufactureCountry><ManufacturerItemDescription>פילה דג מרלוזה בשקית</ManufacturerItemDescription><SoldByWeight/><Quantity>1.00</Quantity><UnitOfMeasure>ק"ג</UnitOfMeasure><QtyInPackage>לא ידוע</QtyInPackage><UnitOfMeasurePrice>34.9000</UnitOfMeasurePrice><AllowDiscount>1</AllowDiscount><ItemStatus>1</ItemStatus><ItemPrice>34.90</ItemPrice></item><item><PriceUpdateDate>2015-11-12 14:32:39</PriceUpdateDate><ItemCode>7290000363011</ItemCode><ItemType>3</ItemType><ItemName>סלמי קוניאק מובחר</ItemName><ManufacturerName>טירת צבי</ManufacturerName><ManufactureCountry>ישראל</ManufactureCountry><ManufacturerItemDescription>סלמי קוניאק מובחר</ManufacturerItemDescription><SoldByWeight/><Quantity>1.00</Quantity><UnitOfMeasure>ק"ג</UnitOfMeasure><QtyInPackage>לא ידוע</QtyInPackage><UnitOfMeasurePrice>82.5000</UnitOfMeasurePrice><AllowDiscount>1</AllowDiscount><ItemStatus>1</ItemStatus><ItemPrice>82.50</ItemPrice></item><item><PriceUpdateDate>2015-10-20 17:17:34</PriceUpdateDate><ItemCode>7290000363462</ItemCode><ItemType>3</ItemType><ItemName>סלמי מעושן איטלקי</ItemName><ManufacturerName>טירת צבי</ManufacturerName><ManufactureCountry>ישראל</ManufactureCountry><ManufacturerItemDescription>סלמי מעושן איטלקי</ManufacturerItemDescription><SoldByWeight/><Quantity>1.00</Quantity><UnitOfMeasure>ק"ג</UnitOfMeasure><QtyInPackage>לא ידוע</QtyInPackage><UnitOfMeasurePrice>82.5000</UnitOfMeasurePrice><AllowDiscount>1</AllowDiscount><ItemStatus>1</ItemStatus><ItemPrice>82.50</ItemPrice></item><item><PriceUpdateDate>2015-10-20 17:17:34</PriceUpdateDate><ItemCode>7290000363486</ItemCode><ItemType>3</ItemType><ItemName>נקניק סלמי תה 1 ק"ג</ItemName><ManufacturerName>טירת צבי</ManufacturerName><ManufactureCountry>ישראל</ManufactureCountry><ManufacturerItemDescription>נקניק סלמי תה 1 ק"ג</ManufacturerItemDescription><SoldByWeight/><Quantity>1.00</Quantity><UnitOfMeasure>ק"ג</UnitOfMeasure><QtyInPackage>לא ידוע</QtyInPackage><UnitOfMeasurePrice>57.1000</UnitOfMeasurePrice><AllowDiscount>1</AllowDiscount><ItemStatus>1</ItemStatus><ItemPrice>57.10</ItemPrice></item><item><PriceUpdateDate>2016-05-01 21:46:34</PriceUpdateDate><ItemCode>7290000364261</ItemCode><ItemType>1</ItemType><ItemName>מב סלסולי כתף בקר 12</ItemName><ManufacturerName>טירת צבי</ManufacturerName><ManufactureCountry>ישראל</ManufactureCountry><ManufacturerItemDescription>סלסולי כתף בקר 120 גרם</ManufacturerItemDescription><SoldByWeight/><Quantity>120.00</Quantity><UnitOfMeasure>גרם     </UnitOfMeasure><QtyInPackage>לא ידוע</QtyInPackage><UnitOfMeasurePrice>0.1075</UnitOfMeasurePrice><AllowDiscount>1</AllowDiscount><ItemStatus>1</ItemStatus><ItemPrice>12.90</ItemPrice></item><item><PriceUpdateDate>2016-05-01 21:46:34</PriceUpdateDate><ItemCode>7290000364278</ItemCode><ItemType>1</ItemType><ItemName>מב סלסולי סלמי איטלק</ItemName><ManufacturerName>טירת צבי</ManufacturerName><ManufactureCountry>ישראל</ManufactureCountry><ManufacturerItemDescription>סלסולי סלמי איטלקי משובח</ManufacturerItemDescription><SoldByWeight/><Quantity>120.00</Quantity><UnitOfMeasure>גרם     </UnitOfMeasure><QtyInPackage>לא ידוע</QtyInPackage><UnitOfMeasurePrice>0.1075</UnitOfMeasurePrice><AllowDiscount>1</AllowDiscount><ItemStatus>1</ItemStatus><ItemPrice>12.90</ItemPrice></item><item><PriceUpdateDate>2016-05-01 21:46:34</PriceUpdateDate><ItemCode>7290000364285</ItemCode><ItemType>1</ItemType><ItemName>מב סלסולי פסטרמה הוד</ItemName><ManufacturerName>טירת צבי</ManufacturerName><ManufactureCountry>ישראל</ManufactureCountry><ManufacturerItemDescription>סלסולי פסטרמה הודו 120 גר</ManufacturerItemDescription><SoldByWeight/><Quantity>120.00</Quantity><UnitOfMeasure>גרם     </UnitOfMeasure><QtyInPackage>לא ידוע</QtyInPackage><UnitOfMeasurePrice>0.1075</UnitOfMeasurePrice><AllowDiscount>1</AllowDiscount><ItemStatus>1</ItemStatus><ItemPrice>12.90</ItemPrice></item><item><PriceUpdateDate>2016-05-01 21:46:34</PriceUpdateDate><ItemCode>7290000364292</ItemCode><ItemType>1</ItemType><ItemName>מב סלסולי פסטרמה גחל</ItemName><ManufacturerName>טירת צבי</ManufacturerName><ManufactureCountry>ישראל</ManufactureCountry><ManufacturerItemDescription>סלסולי פסטרמה גחלים 120 ג</ManufacturerItemDescription><SoldByWeight/><Quantity>120.00</Quantity><UnitOfMeasure>גרם     </UnitOfMeasure><QtyInPackage>לא ידוע</QtyInPackage><UnitOfMeasurePrice>0.1075</UnitOfMeasurePrice><AllowDiscount>1</AllowDiscount><ItemStatus>1</ItemStatus><ItemPrice>12.90</ItemPrice></item><item><PriceUpdateDate>2015-11-12 14:32:39</PriceUpdateDate><ItemCode>7290000364803</ItemCode><ItemType>1</ItemType><ItemName>נקניקיות אמריקאיות 5</ItemName><ManufacturerName>טירת צבי</ManufacturerName><ManufactureCountry>ישראל</ManufactureCountry><ManufacturerItemDescription>נקניקיות אמריקאיות 500 גר</ManufacturerItemDescription><SoldByWeight/><Quantity>500.00</Quantity><UnitOfMeasure>גרם     </UnitOfMeasure><QtyInPackage>לא ידוע</QtyInPackage><UnitOfMeasurePrice>0.0600</UnitOfMeasurePrice><AllowDiscount>1</AllowDiscount><ItemStatus>1</ItemStatus><ItemPrice>30.00</ItemPrice></item><item><PriceUpdateDate>2015-11-12 14:32:39</PriceUpdateDate><ItemCode>7290000364810</ItemCode><ItemType>1</ItemType><ItemName>נקניק עגל 500 גרם</ItemName><ManufacturerName>טירת צבי</ManufacturerName><ManufactureCountry>ישראל</ManufactureCountry><ManufacturerItemDescription>נקניק עגל 500 גרם</ManufacturerItemDescription><SoldByWeight/><Quantity>500.00</Quantity><UnitOfMeasure>גרם     </UnitOfMeasure><QtyInPackage>לא ידוע</QtyInPackage><UnitOfMeasurePrice>0.0580</UnitOfMeasurePrice><AllowDiscount>1</AllowDiscount><ItemStatus>1</ItemStatus><ItemPrice>29.00</ItemPrice></item><item><PriceUpdateDate>2016-06-01 06:30:20</PriceUpdateDate><ItemCode>7290000364858</ItemCode><ItemType>1</ItemType><ItemName>מב נקניקיות עוף 1 ק"</ItemName><ManufacturerName>טירת צבי</ManufacturerName><ManufactureCountry>ישראל</ManufactureCountry><ManufacturerItemDescription>נקניקיות עוף 1 קג</ManufacturerItemDescription><SoldByWeight/><Quantity>1000.00</Quantity><UnitOfMeasure>גרם     </UnitOfMeasure><QtyInPackage>לא ידוע</QtyInPackage><UnitOfMeasurePrice>0.0249</UnitOfMeasurePrice><AllowDiscount>1</AllowDiscount><ItemStatus>1</ItemStatus><ItemPrice>24.90</ItemPrice></item><item><PriceUpdateDate>2016-05-30 22:03:31</PriceUpdateDate><ItemCode>7290000364872</ItemCode><ItemType>1</ItemType><ItemName>מב נקניקיות עוף טרי</ItemName><ManufacturerName>טירת צבי</ManufacturerName><ManufactureCountry>ישראל</ManufactureCountry><ManufacturerItemDescription>נקניקיות עוף 400 ג</ManufacturerItemDescription><SoldByWeight/><Quantity>400.00</Quantity><UnitOfMeasure>גרם     </UnitOfMeasure><QtyInPackage>לא ידוע</QtyInPackage><UnitOfMeasurePrice>0.0273</UnitOfMeasurePrice><AllowDiscount>0</AllowDiscount><ItemStatus>1</ItemStatus><ItemPrice>10.90</ItemPrice></item><item><PriceUpdateDate>2015-11-12 14:32:39</PriceUpdateDate><ItemCode>7290000365077</ItemCode><ItemType>3</ItemType><ItemName>חזה אווז</ItemName><ManufacturerName>טירת צבי</ManufacturerName><ManufactureCountry>ישראל</ManufactureCountry><ManufacturerItemDescription>חזה אווז</ManufacturerItemDescription><SoldByWeight/><Quantity>1.00</Quantity><UnitOfMeasure>ק"ג</UnitOfMeasure><QtyInPackage>לא ידוע</QtyInPackage><UnitOfMeasurePrice>175.2000</UnitOfMeasurePrice><AllowDiscount>1</AllowDiscount><ItemStatus>1</ItemStatus><ItemPrice>175.20</ItemPrice></item><item><PriceUpdateDate>2015-11-12 14:32:39</PriceUpdateDate><ItemCode>7290000365398</ItemCode><ItemType>3</ItemType><ItemName>חזה הודו בדבש ק"ג</ItemName><ManufacturerName>טירת צבי</ManufacturerName><ManufactureCountry>ישראל</ManufactureCountry><ManufacturerItemDescription>חזה הודו בדבש ק"ג</ManufacturerItemDescription><SoldByWeight/><Quantity>1.00</Quantity><UnitOfMeasure>ק"ג</UnitOfMeasure><QtyInPackage>לא ידוע</QtyInPackage><UnitOfMeasurePrice>88.7000</UnitOfMeasurePrice><AllowDiscount>1</AllowDiscount><ItemStatus>1</ItemStatus><ItemPrice>88.70</ItemPrice></item><item><PriceUpdateDate>2015-11-12 14:31:49</PriceUpdateDate><ItemCode>7290000365756</ItemCode><ItemType>3</ItemType><ItemName>פסטרמה על גחלים דלת</ItemName><ManufacturerName>טירת צבי</ManufacturerName><ManufactureCountry>ישראל</ManufactureCountry><ManufacturerItemDescription>פסטרמה על גחלים דלת</ManufacturerItemDescription><SoldByWeight/><Quantity>1.00</Quantity><UnitOfMeasure>ק"ג</UnitOfMeasure><QtyInPackage>לא ידוע</QtyInPackage><UnitOfMeasurePrice>88.7000</UnitOfMeasurePrice><AllowDiscount>1</AllowDiscount><ItemStatus>1</ItemStatus><ItemPrice>88.70</ItemPrice></item><item><PriceUpdateDate>2015-10-20 17:17:34</PriceUpdateDate><ItemCode>7290000365954</ItemCode><ItemType>3</ItemType><ItemName>פסטרמה על גחלים במשק</ItemName><ManufacturerName>טירת צבי</ManufacturerName><ManufactureCountry>ישראל</ManufactureCountry><ManufacturerItemDescription>פסטרמה על גחלים במשק</ManufacturerItemDescription><SoldByWeight/><Quantity>1.00</Quantity><UnitOfMeasure>ק"ג</UnitOfMeasure><QtyInPackage>לא ידוע</QtyInPackage><UnitOfMeasurePrice>89.0000</UnitOfMeasurePrice><AllowDiscount>1</AllowDiscount><ItemStatus>1</ItemStatus><ItemPrice>89.00</ItemPrice></item><item><PriceUpdateDate>2016-04-19 11:07:53</PriceUpdateDate><ItemCode>7290000376882</ItemCode><ItemType>1</ItemType><ItemName>כדורים - כדורי דגנים</ItemName><ManufacturerName>"המותג"</ManufacturerName><ManufactureCountry>לא ידוע</ManufactureCountry><ManufacturerItemDescription>כדורים - כדורי דגנים</ManufacturerItemDescription><SoldByWeight/><Quantity>425.00</Quantity><UnitOfMeasure>גרם     </UnitOfMeasure><QtyInPackage>לא ידוע</QtyInPackage><UnitOfMeasurePrice>0.0327</UnitOfMeasurePrice><AllowDiscount>1</AllowDiscount><ItemStatus>1</ItemStatus><ItemPrice>13.90</ItemPrice></item><item><PriceUpdateDate>2016-04-19 11:07:53</PriceUpdateDate><ItemCode>7290000376905</ItemCode><ItemType>1</ItemType><ItemName>חישוקים - חישוקי דגנ</ItemName><ManufacturerName>"המותג"</ManufacturerName><ManufactureCountry>לא ידוע</ManufactureCountry><ManufacturerItemDescription>חישוקים - חישוקי דגנ</ManufacturerItemDescription><SoldByWeight/><Quantity>425.00</Quantity><UnitOfMeasure>גרם     </UnitOfMeasure><QtyInPackage>לא ידוע</QtyInPackage><UnitOfMeasurePrice>0.0327</UnitOfMeasurePrice><AllowDiscount>1</AllowDiscount><ItemStatus>1</ItemStatus><ItemPrice>13.90</ItemPrice></item><item><PriceUpdateDate>2015-11-12 16:43:46</PriceUpdateDate><ItemCode>7290000377209</ItemCode><ItemType>1</ItemType><ItemName>גת בוטן מטוגן שקית 2</ItemName><ManufacturerName>ליימן חטיבת המותגים</ManufacturerName><ManufactureCountry>ישראל</ManufactureCountry><ManufacturerItemDescription>בוטן מטוגן 200 גרם</ManufacturerItemDescription><SoldByWeight/><Quantity>200.00</Quantity><UnitOfMeasure>גרם     </UnitOfMeasure><QtyInPackage>לא ידוע</QtyInPackage><UnitOfMeasurePrice>0.0430</UnitOfMeasurePrice><AllowDiscount>1</AllowDiscount><ItemStatus>1</ItemStatus><ItemPrice>8.60</ItemPrice></item><item><PriceUpdateDate>2016-05-30 22:03:32</PriceUpdateDate><ItemCode>7290000377452</ItemCode><ItemType>1</ItemType><ItemName>גת גרעיני אבטיח 200</ItemName><ManufacturerName>ליימן חטיבת המותגים</ManufacturerName><ManufactureCountry>ישראל</ManufactureCountry><ManufacturerItemDescription>גרעין אבטיח 200 גרם</ManufacturerItemDescription><SoldByWeight/><Quantity>200.00</Quantity><UnitOfMeasure>גרם     </UnitOfMeasure><QtyInPackage>לא ידוע</QtyInPackage><UnitOfMeasurePrice>0.0775</UnitOfMeasurePrice><AllowDiscount>1</AllowDiscount><ItemStatus>1</ItemStatus><ItemPrice>15.50</ItemPrice></item><item><PriceUpdateDate>2016-05-20 06:38:50</PriceUpdateDate><ItemCode>7290000379104</ItemCode><ItemType>1</ItemType><ItemName>לחם אנג'ל אחיד פרוס</ItemName><ManufacturerName>אנג'ל</ManufacturerName><ManufactureCountry>ישראל</ManufactureCountry><ManufacturerItemDescription>לחם אחיד פרוס750 גרם</ManufacturerItemDescription><SoldByWeight/><Quantity>750.00</Quantity><UnitOfMeasure>גרם     </UnitOfMeasure><QtyInPackage>לא ידוע</QtyInPackage><UnitOfMeasurePrice>0.0091</UnitOfMeasurePrice><AllowDiscount>1</AllowDiscount><ItemStatus>1</ItemStatus><ItemPrice>6.79</ItemPrice></item><item><PriceUpdateDate>2015-10-20 16:58:23</PriceUpdateDate><ItemCode>7290000379128</ItemCode><ItemType>1</ItemType><ItemName>חלה פרוסה ארוז 500 ג</ItemName><ManufacturerName>אנג'ל</ManufacturerName><ManufactureCountry>ישראל</ManufactureCountry><ManufacturerItemDescription>חלה ארוזה פרוסה500 גר</ManufacturerItemDescription><SoldByWeight/><Quantity>500.00</Quantity><UnitOfMeasure>גרם     </UnitOfMeasure><QtyInPackage>לא ידוע</QtyInPackage><UnitOfMeasurePrice>0.0218</UnitOfMeasurePrice><AllowDiscount>1</AllowDiscount><ItemStatus>1</ItemStatus><ItemPrice>10.90</ItemPrice></item><item><PriceUpdateDate>2016-03-01 06:49:03</PriceUpdateDate><ItemCode>7290000379142</ItemCode><ItemType>1</ItemType><ItemName>לחם עינן 750 גרם פרו</ItemName><ManufacturerName>עינן</ManufacturerName><ManufactureCountry>ישראל</ManufactureCountry><ManufacturerItemDescription>לחם עינן פרוס750 גר</ManufacturerItemDescription><SoldByWeight/><Quantity>750.00</Quantity><UnitOfMeasure>גרם     </UnitOfMeasure><QtyInPackage>לא ידוע</QtyInPackage><UnitOfMeasurePrice>0.0225</UnitOfMeasurePrice><AllowDiscount>1</AllowDiscount><ItemStatus>1</ItemStatus><ItemPrice>16.90</ItemPrice></item><item><PriceUpdateDate>2016-05-30 22:03:32</PriceUpdateDate><ItemCode>7290000379203</ItemCode><ItemType>1</ItemType><ItemName>מב לחם עינן קל 500 ג</ItemName><ManufacturerName>עינן</ManufacturerName><ManufactureCountry>ישראל</ManufactureCountry><ManufacturerItemDescription>לחם עינן קל פרוס 500 גר</ManufacturerItemDescription><SoldByWeight/><Quantity>500.00</Quantity><UnitOfMeasure>גרם     </UnitOfMeasure><QtyInPackage>לא ידוע</QtyInPackage><UnitOfMeasurePrice>0.0258</UnitOfMeasurePrice><AllowDiscount>1</AllowDiscount><ItemStatus>1</ItemStatus><ItemPrice>12.90</ItemPrice></item><item><PriceUpdateDate>2015-11-12 18:18:46</PriceUpdateDate><ItemCode>7290000379258</ItemCode><ItemType>1</ItemType><ItemName>חלת קונדיטוריה 500 ג</ItemName><ManufacturerName>אנג'ל</ManufacturerName><ManufactureCountry>ישראל</ManufactureCountry><ManufacturerItemDescription>חלה קונדיטוריה500 גר .ארו</ManufacturerItemDescription><SoldByWeight/><Quantity>500.00</Quantity><UnitOfMeasure>גרם     </UnitOfMeasure><QtyInPackage>לא ידוע</QtyInPackage><UnitOfMeasurePrice>0.0362</UnitOfMeasurePrice><AllowDiscount>1</AllowDiscount><ItemStatus>1</ItemStatus><ItemPrice>18.10</ItemPrice></item><item><PriceUpdateDate>2015-11-12 18:18:46</PriceUpdateDate><ItemCode>7290000379357</ItemCode><ItemType>1</ItemType><ItemName>חלה קלה אנג''ל  500</ItemName><ManufacturerName>אנג'ל</ManufacturerName><ManufactureCountry>ישראל</ManufactureCountry><ManufacturerItemDescription>חלה קלה 500 גר .ארוז</ManufacturerItemDescription><SoldByWeight/><Quantity>500.00</Quantity><UnitOfMeasure>גרם     </UnitOfMeasure><QtyInPackage>לא ידוע</QtyInPackage><UnitOfMeasurePrice>0.0350</UnitOfMeasurePrice><AllowDiscount>1</AllowDiscount><ItemStatus>1</ItemStatus><ItemPrice>17.50</ItemPrice></item><item><PriceUpdateDate>2014-11-03 06:37:34</PriceUpdateDate><ItemCode>7290000379432</ItemCode><ItemType>1</ItemType><ItemName>לחמניה 75 גרם</ItemName><ManufacturerName>אנג'ל</ManufacturerName><ManufactureCountry>ישראל</ManufactureCountry><ManufacturerItemDescription>לחמניה 75 גרם</ManufacturerItemDescription><SoldByWeight/><Quantity>14.00</Quantity><UnitOfMeasure>גרם     </UnitOfMeasure><QtyInPackage>לא ידוע</QtyInPackage><UnitOfMeasurePrice>0.1929</UnitOfMeasurePrice><AllowDiscount>1</AllowDiscount><ItemStatus>1</ItemStatus><ItemPrice>2.70</ItemPrice></item><item><PriceUpdateDate>2015-10-11 08:14:11</PriceUpdateDate><ItemCode>7290000379944</ItemCode><ItemType>1</ItemType><ItemName>קמח אנג'ל 1 ק'ג</ItemName><ManufacturerName>אנג'ל</ManufacturerName><ManufactureCountry>ישראל</ManufactureCountry><ManufacturerItemDescription>קמח אנג'ל 1 ק'ג</ManufacturerItemDescription><SoldByWeight/><Quantity>1000.00</Quantity><UnitOfMeasure>גרם     </UnitOfMeasure><QtyInPackage>לא ידוע</QtyInPackage><UnitOfMeasurePrice>0.0058</UnitOfMeasurePrice><AllowDiscount>1</AllowDiscount><ItemStatus>1</ItemStatus><ItemPrice>5.80</ItemPrice></item><item><PriceUpdateDate>2015-10-11 08:14:11</PriceUpdateDate><ItemCode>7290000379951</ItemCode><ItemType>1</ItemType><ItemName>סולת 1 קג אנג'ל</ItemName><ManufacturerName>אנג'ל</ManufacturerName><ManufactureCountry>ישראל</ManufactureCountry><ManufacturerItemDescription>סולת 1 קג אנג'ל</ManufacturerItemDescription><SoldByWeight/><Quantity>1000.00</Quantity><UnitOfMeasure>גרם     </UnitOfMeasure><QtyInPackage>לא ידוע</QtyInPackage><UnitOfMeasurePrice>0.0055</UnitOfMeasurePrice><AllowDiscount>1</AllowDiscount><ItemStatus>1</ItemStatus><ItemPrice>5.50</ItemPrice></item><item><PriceUpdateDate>2014-11-03 06:37:04</PriceUpdateDate><ItemCode>7290000400488</ItemCode><ItemType>1</ItemType><ItemName>קרם גוף דאבבודי סילק</ItemName><ManufacturerName>דאב</ManufacturerName><ManufactureCountry>ישראל</ManufactureCountry><ManufacturerItemDescription>קרם גוף דאבבודי סילק</ManufacturerItemDescription><SoldByWeight/><Quantity>300.00</Quantity><UnitOfMeasure>מ"ל</UnitOfMeasure><QtyInPackage>לא ידוע</QtyInPackage><UnitOfMeasurePrice>0.1450</UnitOfMeasurePrice><AllowDiscount>1</AllowDiscount><ItemStatus>1</ItemStatus><ItemPrice>43.50</ItemPrice></item><item><PriceUpdateDate>2015-11-12 16:55:25</PriceUpdateDate><ItemCode>7290000400563</ItemCode><ItemType>1</ItemType><ItemName>פסק זמן 4PLAY</ItemName><ManufacturerName>עלית</ManufacturerName><ManufactureCountry>ישראל</ManufactureCountry><ManufacturerItemDescription>חטיף פסק זמן 40 PLAY גרם</ManufacturerItemDescription><SoldByWeight/><Quantity>100.00</Quantity><UnitOfMeasure>יח'</UnitOfMeasure><QtyInPackage>לא ידוע</QtyInPackage><UnitOfMeasurePrice>0.0570</UnitOfMeasurePrice><AllowDiscount>1</AllowDiscount><ItemStatus>1</ItemStatus><ItemPrice>5.70</ItemPrice></item><item><PriceUpdateDate>2015-10-11 11:22:32</PriceUpdateDate><ItemCode>7290000400587</ItemCode><ItemType>1</ItemType><ItemName>חטיף טורטית 40 גרם</ItemName><ManufacturerName>עלית</ManufacturerName><ManufactureCountry>ישראל</ManufactureCountry><ManufacturerItemDescription>חטיף טורטית40 גר</ManufacturerItemDescription><SoldByWeight/><Quantity>40.00</Quantity><UnitOfMeasure>גרם     </UnitOfMeasure><QtyInPackage>לא ידוע</QtyInPackage><UnitOfMeasurePrice>0.1250</UnitOfMeasurePrice><AllowDiscount>1</AllowDiscount><ItemStatus>1</ItemStatus><ItemPrice>5.00</ItemPrice></item><item><PriceUpdateDate>2015-10-11 11:22:32</PriceUpdateDate><ItemCode>7290000400594</ItemCode><ItemType>1</ItemType><ItemName>חטיף אגוזי בודד 45 ג</ItemName><ManufacturerName>אגוזי</ManufacturerName><ManufactureCountry>ישראל</ManufactureCountry><ManufacturerItemDescription>חטיף אגוזי 45 גר</ManufacturerItemDescription><SoldByWeight/><Quantity>45.00</Quantity><UnitOfMeasure>גרם     </UnitOfMeasure><QtyInPackage>לא ידוע</QtyInPackage><UnitOfMeasurePrice>0.1111</UnitOfMeasurePrice><AllowDiscount>1</AllowDiscount><ItemStatus>1</ItemStatus><ItemPrice>5.00</ItemPrice></item><item><PriceUpdateDate>2015-10-11 11:22:33</PriceUpdateDate><ItemCode>7290000400600</ItemCode><ItemType>1</ItemType><ItemName>חטיף טעמי בודד 40 גר</ItemName><ManufacturerName>טעמי</ManufacturerName><ManufactureCountry>ישראל</ManufactureCountry><ManufacturerItemDescription>חטיף טעמי 40 גרם</ManufacturerItemDescription><SoldByWeight/><Quantity>40.00</Quantity><UnitOfMeasure>גרם     </UnitOfMeasure><QtyInPackage>לא ידוע</QtyInPackage><UnitOfMeasurePrice>0.1250</UnitOfMeasurePrice><AllowDiscount>1</AllowDiscount><ItemStatus>1</ItemStatus><ItemPrice>5.00</ItemPrice></item><item><PriceUpdateDate>2015-10-11 11:22:33</PriceUpdateDate><ItemCode>7290000400631</ItemCode><ItemType>1</ItemType><ItemName>פסק זמן חלב קלאסי 45</ItemName><ManufacturerName>עלית</ManufacturerName><ManufactureCountry>ישראל</ManufactureCountry><ManufacturerItemDescription>חטיף פסק זמן חלב45 גר</ManufacturerItemDescription><SoldByWeight/><Quantity>45.00</Quantity><UnitOfMeasure>גרם     </UnitOfMeasure><QtyInPackage>לא ידוע</QtyInPackage><UnitOfMeasurePrice>0.1356</UnitOfMeasurePrice><AllowDiscount>1</AllowDiscount><ItemStatus>1</ItemStatus><ItemPrice>6.10</ItemPrice></item><item><PriceUpdateDate>2015-10-11 11:22:33</PriceUpdateDate><ItemCode>7290000400655</ItemCode><ItemType>1</ItemType><ItemName>חטיף טויסט 28 גרם</ItemName><ManufacturerName>עלית</ManufacturerName><ManufactureCountry>ישראל</ManufactureCountry><ManufacturerItemDescription>חטיף טוויסט 28 גר</ManufacturerItemDescription><SoldByWeight/><Quantity>28.00</Quantity><UnitOfMeasure>גרם     </UnitOfMeasure><QtyInPackage>לא ידוע</QtyInPackage><UnitOfMeasurePrice>0.1786</UnitOfMeasurePrice><AllowDiscount>1</AllowDiscount><ItemStatus>1</ItemStatus><ItemPrice>5.00</ItemPrice></item><item><PriceUpdateDate>2015-09-30 23:37:33</PriceUpdateDate><ItemCode>7290000400662</ItemCode><ItemType>1</ItemType><ItemName>מעדן מילקי וניל 170</ItemName><ManufacturerName>מילקי</ManufacturerName><ManufactureCountry>ישראל</ManufactureCountry><ManufacturerItemDescription>מילקי וניל170 מל</ManufacturerItemDescription><SoldByWeight/><Quantity>170.00</Quantity><UnitOfMeasure>מ"ל</UnitOfMeasure><QtyInPackage>לא ידוע</QtyInPackage><UnitOfMeasurePrice>0.0165</UnitOfMeasurePrice><AllowDiscount>1</AllowDiscount><ItemStatus>1</ItemStatus><ItemPrice>2.80</ItemPrice></item><item><PriceUpdateDate>2015-09-30 23:37:34</PriceUpdateDate><ItemCode>7290000400679</ItemCode><ItemType>1</ItemType><ItemName>מעדן מילקי שוקו 170</ItemName><ManufacturerName>מילקי</ManufacturerName><ManufactureCountry>ישראל</ManufactureCountry><ManufacturerItemDescription>מילקי שוקו170 גר</ManufacturerItemDescription><SoldByWeight/><Quantity>170.00</Quantity><UnitOfMeasure>מ"ל</UnitOfMeasure><QtyInPackage>לא ידוע</QtyInPackage><UnitOfMeasurePrice>0.0165</UnitOfMeasurePrice><AllowDiscount>1</AllowDiscount><ItemStatus>1</ItemStatus><ItemPrice>2.80</ItemPrice></item><item><PriceUpdateDate>2015-10-20 16:43:49</PriceUpdateDate><ItemCode>7290000400716</ItemCode><ItemType>1</ItemType><ItemName>מיני מילקי שוקולד 70</ItemName><ManufacturerName>מילקי</ManufacturerName><ManufactureCountry>ישראל</ManufactureCountry><ManufacturerItemDescription>מיני מילקי שוקולד 70</ManufacturerItemDescription><SoldByWeight/><Quantity>70.00</Quantity><UnitOfMeasure>גרם     </UnitOfMeasure><QtyInPackage>לא ידוע</QtyInPackage><UnitOfMeasurePrice>0.0314</UnitOfMeasurePrice><AllowDiscount>1</AllowDiscount><ItemStatus>1</ItemStatus><ItemPrice>2.20</ItemPrice></item><item><PriceUpdateDate>2015-10-20 16:39:47</PriceUpdateDate><ItemCode>7290000400723</ItemCode><ItemType>1</ItemType><ItemName>שמרים לחים קוביות 50</ItemName><ManufacturerName>שמרית</ManufacturerName><ManufactureCountry>ישראל</ManufactureCountry><ManufacturerItemDescription>שמרים לחים 50 גר</ManufacturerItemDescription><SoldByWeight/><Quantity>14.00</Quantity><UnitOfMeasure>גרם     </UnitOfMeasure><QtyInPackage>לא ידוע</QtyInPackage><UnitOfMeasurePrice>0.2643</UnitOfMeasurePrice><AllowDiscount>1</AllowDiscount><ItemStatus>1</ItemStatus><ItemPrice>3.70</ItemPrice></item><item><PriceUpdateDate>2015-10-11 12:49:57</PriceUpdateDate><ItemCode>7290000400761</ItemCode><ItemType>1</ItemType><ItemName>פרילי תות 125 גרם</ItemName><ManufacturerName>פרילי</ManufacturerName><ManufactureCountry>ישראל</ManufactureCountry><ManufacturerItemDescription>פרילי תות בגביע125 גר</ManufacturerItemDescription><SoldByWeight/><Quantity>125.00</Quantity><UnitOfMeasure>גרם     </UnitOfMeasure><QtyInPackage>לא ידוע</QtyInPackage><UnitOfMeasurePrice>0.0296</UnitOfMeasurePrice><AllowDiscount>1</AllowDiscount><ItemStatus>1</ItemStatus><ItemPrice>3.70</ItemPrice></item><item><PriceUpdateDate>2015-10-11 12:49:57</PriceUpdateDate><ItemCode>7290000400778</ItemCode><ItemType>1</ItemType><ItemName>פרילי משמש 125 גרם</ItemName><ManufacturerName>פרילי</ManufacturerName><ManufactureCountry>ישראל</ManufactureCountry><ManufacturerItemDescription>פרילי משמש 125 גרם</ManufacturerItemDescription><SoldByWeight/><Quantity>125.00</Quantity><UnitOfMeasure>גרם     </UnitOfMeasure><QtyInPackage>לא ידוע</QtyInPackage><UnitOfMeasurePrice>0.0296</UnitOfMeasurePrice><AllowDiscount>1</AllowDiscount><ItemStatus>1</ItemStatus><ItemPrice>3.70</ItemPrice></item><item><PriceUpdateDate>2015-10-11 12:49:57</PriceUpdateDate><ItemCode>7290000400785</ItemCode><ItemType>1</ItemType><ItemName>פרילי אננס 125 גרם</ItemName><ManufacturerName>פרילי</ManufacturerName><ManufactureCountry>ישראל</ManufactureCountry><ManufacturerItemDescription>פרילי אננס בגביע125 מל</ManufacturerItemDescription><SoldByWeight/><Quantity>125.00</Quantity><UnitOfMeasure>גרם     </UnitOfMeasure><QtyInPackage>לא ידוע</QtyInPackage><UnitOfMeasurePrice>0.0296</UnitOfMeasurePrice><AllowDiscount>1</AllowDiscount><ItemStatus>1</ItemStatus><ItemPrice>3.70</ItemPrice></item><item><PriceUpdateDate>2016-03-14 06:45:20</PriceUpdateDate><ItemCode>7290000400792</ItemCode><ItemType>1</ItemType><ItemName>מעדן באדי תות 125 גר</ItemName><ManufacturerName>באדי</ManufacturerName><ManufactureCountry>ישראל</ManufactureCountry><ManufacturerItemDescription>באדי תות125 מל</ManufacturerItemDescription><SoldByWeight/><Quantity>125.00</Quantity><UnitOfMeasure>גרם     </UnitOfMeasure><QtyInPackage>לא ידוע</QtyInPackage><UnitOfMeasurePrice>0.0216</UnitOfMeasurePrice><AllowDiscount>1</AllowDiscount><ItemStatus>1</ItemStatus><ItemPrice>2.70</ItemPrice></item><item><PriceUpdateDate>2016-02-11 09:32:35</PriceUpdateDate><ItemCode>7290000400815</ItemCode><ItemType>1</ItemType><ItemName>חמאה 100 גרם</ItemName><ManufacturerName>חמאת תנובה</ManufacturerName><ManufactureCountry>ישראל</ManufactureCountry><ManufacturerItemDescription>חמאה 100 גרם פיקוח</ManufacturerItemDescription><SoldByWeight/><Quantity>100.00</Quantity><UnitOfMeasure>גרם     </UnitOfMeasure><QtyInPackage>לא ידוע</QtyInPackage><UnitOfMeasurePrice>0.0380</UnitOfMeasurePrice><AllowDiscount>1</AllowDiscount><ItemStatus>1</ItemStatus><ItemPrice>3.80</ItemPrice></item><item><PriceUpdateDate>2014-11-03 06:36:53</PriceUpdateDate><ItemCode>7290000400846</ItemCode><ItemType>1</ItemType><ItemName>שמנת של פעם 200 מ"ל</ItemName><ManufacturerName>חלב תנובה</ManufacturerName><ManufactureCountry>ישראל</ManufactureCountry><ManufacturerItemDescription>שמנת של פעם200 מל</ManufacturerItemDescription><SoldByWeight/><Quantity>200.00</Quantity><UnitOfMeasure>מ"ל</UnitOfMeasure><QtyInPackage>לא ידוע</QtyInPackage><UnitOfMeasurePrice>0.0210</UnitOfMeasurePrice><AllowDiscount>1</AllowDiscount><ItemStatus>1</ItemStatus><ItemPrice>4.20</ItemPrice></item><item><PriceUpdateDate>2015-10-20 16:43:00</PriceUpdateDate><ItemCode>7290000400860</ItemCode><ItemType>1</ItemType><ItemName>פרילי טבע 200 מ''ל</ItemName><ManufacturerName>פרילי</ManufacturerName><ManufactureCountry>ישראל</ManufactureCountry><ManufacturerItemDescription>טבעגורט-יוגורט עם גרנולה2</ManufacturerItemDescription><SoldByWeight/><Quantity>200.00</Quantity><UnitOfMeasure>מ"ל</UnitOfMeasure><QtyInPackage>לא ידוע</QtyInPackage><UnitOfMeasurePrice>0.0265</UnitOfMeasurePrice><AllowDiscount>1</AllowDiscount><ItemStatus>1</ItemStatus><ItemPrice>5.30</ItemPrice></item><item><PriceUpdateDate>2015-10-11 12:49:57</PriceUpdateDate><ItemCode>7290000400877</ItemCode><ItemType>1</ItemType><ItemName>יוגורט 200 מ"ל</ItemName><ManufacturerName>חלב תנובה</ManufacturerName><ManufactureCountry>ישראל</ManufactureCountry><ManufacturerItemDescription>יוגורט200-4% מל</ManufacturerItemDescription><SoldByWeight/><Quantity>200.00</Quantity><UnitOfMeasure>מ"ל</UnitOfMeasure><QtyInPackage>לא ידוע</QtyInPackage><UnitOfMeasurePrice>0.0145</UnitOfMeasurePrice><AllowDiscount>1</AllowDiscount><ItemStatus>1</ItemStatus><ItemPrice>2.90</ItemPrice></item><item><PriceUpdateDate>2015-10-20 16:43:49</PriceUpdateDate><ItemCode>7290000400884</ItemCode><ItemType>1</ItemType><ItemName>מילקי קל שוקו 137 גר</ItemName><ManufacturerName>מילקי</ManufacturerName><ManufactureCountry>ישראל</ManufactureCountry><ManufacturerItemDescription>מילקיקל שוקולד 170-3% מל</ManufacturerItemDescription><SoldByWeight/><Quantity>137.00</Quantity><UnitOfMeasure>גרם     </UnitOfMeasure><QtyInPackage>לא ידוע</QtyInPackage><UnitOfMeasurePrice>0.0307</UnitOfMeasurePrice><AllowDiscount>1</AllowDiscount><ItemStatus>1</ItemStatus><ItemPrice>4.20</ItemPrice></item><item><PriceUpdateDate>2016-03-14 06:45:20</PriceUpdateDate><ItemCode>7290000400921</ItemCode><ItemType>1</ItemType><ItemName>מעדן באדי וניל מהדרי</ItemName><ManufacturerName>באדי</ManufacturerName><ManufactureCountry>ישראל</ManufactureCountry><ManufacturerItemDescription>מעדן באדי וניל מהדרי</ManufacturerItemDescription><SoldByWeight/><Quantity>125.00</Quantity><UnitOfMeasure>גרם     </UnitOfMeasure><QtyInPackage>לא ידוע</QtyInPackage><UnitOfMeasurePrice>0.0216</UnitOfMeasurePrice><AllowDiscount>1</AllowDiscount><ItemStatus>1</ItemStatus><ItemPrice>2.70</ItemPrice></item><item><PriceUpdateDate>2016-03-14 06:45:20</PriceUpdateDate><ItemCode>7290000400938</ItemCode><ItemType>1</ItemType><ItemName>מעדן באדי שוקו מהדרי</ItemName><ManufacturerName>באדי</ManufacturerName><ManufactureCountry>ישראל</ManufactureCountry><ManufacturerItemDescription>מעדן באדי שוקו מהדרי</ManufacturerItemDescription><SoldByWeight/><Quantity>125.00</Quantity><UnitOfMeasure>גרם     </UnitOfMeasure><QtyInPackage>לא ידוע</QtyInPackage><UnitOfMeasurePrice>0.0216</UnitOfMeasurePrice><AllowDiscount>1</AllowDiscount><ItemStatus>1</ItemStatus><ItemPrice>2.70</ItemPrice></item><item><PriceUpdateDate>2015-10-11 18:10:30</PriceUpdateDate><ItemCode>7290000401003</ItemCode><ItemType>1</ItemType><ItemName>מעדן דני 125 גרם</ItemName><ManufacturerName>דני</ManufacturerName><ManufactureCountry>ישראל</ManufactureCountry><ManufacturerItemDescription>מעדן דני שוקולד 125 גרם</ManufacturerItemDescription><SoldByWeight/><Quantity>125.00</Quantity><UnitOfMeasure>מ"ל</UnitOfMeasure><QtyInPackage>לא ידוע</QtyInPackage><UnitOfMeasurePrice>0.0216</UnitOfMeasurePrice><AllowDiscount>1</AllowDiscount><ItemStatus>1</ItemStatus><ItemPrice>2.70</ItemPrice></item><item><PriceUpdateDate>2014-11-03 06:37:31</PriceUpdateDate><ItemCode>7290000401126</ItemCode><ItemType>1</ItemType><ItemName>חטיף גרדנה קוקוס 38</ItemName><ManufacturerName>לואקר</ManufacturerName><ManufactureCountry>ישראל</ManufactureCountry><ManufacturerItemDescription>חטיף גרדנה קוקוס 38</ManufacturerItemDescription><SoldByWeight/><Quantity>0.00</Quantity><UnitOfMeasure>יח'</UnitOfMeasure><QtyInPackage>לא ידוע</QtyInPackage><UnitOfMeasurePrice>0.0000</UnitOfMeasurePrice><AllowDiscount>1</AllowDiscount><ItemStatus>1</ItemStatus><ItemPrice>5.20</ItemPrice></item><item><PriceUpdateDate>2015-10-21 16:13:17</PriceUpdateDate><ItemCode>7290000401133</ItemCode><ItemType>1</ItemType><ItemName>סוכריות טיק טק תפוז</ItemName><ManufacturerName>טיק טק</ManufacturerName><ManufactureCountry>דרום אפריקה</ManufactureCountry><ManufacturerItemDescription>סוכריות טיק טק תפוז</ManufacturerItemDescription><SoldByWeight/><Quantity>0.00</Quantity><UnitOfMeasure>יח'</UnitOfMeasure><QtyInPackage>לא ידוע</QtyInPackage><UnitOfMeasurePrice>0.0000</UnitOfMeasurePrice><AllowDiscount>1</AllowDiscount><ItemStatus>1</ItemStatus><ItemPrice>3.80</ItemPrice></item><item><PriceUpdateDate>2015-10-21 16:13:17</PriceUpdateDate><ItemCode>7290000401140</ItemCode><ItemType>1</ItemType><ItemName>סוכריות טיק טק 16 גר</ItemName><ManufacturerName>טיק טק</ManufacturerName><ManufactureCountry>דרום אפריקה</ManufactureCountry><ManufacturerItemDescription>סוכריות טיק טק מנטה</ManufacturerItemDescription><SoldByWeight/><Quantity>0.00</Quantity><UnitOfMeasure>יח'</UnitOfMeasure><QtyInPackage>לא ידוע</QtyInPackage><UnitOfMeasurePrice>0.0000</UnitOfMeasurePrice><AllowDiscount>1</AllowDiscount><ItemStatus>1</ItemStatus><ItemPrice>3.80</ItemPrice></item><item><PriceUpdateDate>2014-11-03 06:38:42</PriceUpdateDate><ItemCode>7290000401157</ItemCode><ItemType>1</ItemType><ItemName>חטיף רושה שלישיה</ItemName><ManufacturerName>לא ידוע</ManufacturerName><ManufactureCountry>איטליה</ManufactureCountry><ManufacturerItemDescription>חטיף רושר</ManufacturerItemDescription><SoldByWeight/><Quantity>0.00</Quantity><UnitOfMeasure>יח'</UnitOfMeasure><QtyInPackage>לא ידוע</QtyInPackage><UnitOfMeasurePrice>0.0000</UnitOfMeasurePrice><AllowDiscount>1</AllowDiscount><ItemStatus>1</ItemStatus><ItemPrice>6.70</ItemPrice></item><item><PriceUpdateDate>2015-10-21 16:13:17</PriceUpdateDate><ItemCode>7290000401188</ItemCode><ItemType>1</ItemType><ItemName>סוכריות טיק טק טעם פ</ItemName><ManufacturerName>טיק טק</ManufacturerName><ManufactureCountry>דרום אפריקה</ManufactureCountry><ManufacturerItemDescription>סוכריות טיק טק פסיפלורה 1</ManufacturerItemDescription><SoldByWeight/><Quantity>16.00</Quantity><UnitOfMeasure>גרם     </UnitOfMeasure><QtyInPackage>לא ידוע</QtyInPackage><UnitOfMeasurePrice>0.2375</UnitOfMeasurePrice><AllowDiscount>1</AllowDiscount><ItemStatus>1</ItemStatus><ItemPrice>3.80</ItemPrice></item><item><PriceUpdateDate>2016-02-16 13:35:37</PriceUpdateDate><ItemCode>7290000401225</ItemCode><ItemType>1</ItemType><ItemName>קינדר בואנו חלב 43 ג</ItemName><ManufacturerName>קינדר</ManufacturerName><ManufactureCountry>פולין</ManufactureCountry><ManufacturerItemDescription>חטיף וופל קינדר בואנו</ManufacturerItemDescription><SoldByWeight/><Quantity>43.00</Quantity><UnitOfMeasure>גרם     </UnitOfMeasure><QtyInPackage>לא ידוע</QtyInPackage><UnitOfMeasurePrice>0.1279</UnitOfMeasurePrice><AllowDiscount>1</AllowDiscount><ItemStatus>1</ItemStatus><ItemPrice>5.50</ItemPrice></item><item><PriceUpdateDate>2016-03-16 15:40:27</PriceUpdateDate><ItemCode>7290000401232</ItemCode><ItemType>1</ItemType><ItemName>ממרח שוקולד נוטלה 75</ItemName><ManufacturerName>נוטלה</ManufacturerName><ManufactureCountry>פולין</ManufactureCountry><ManufacturerItemDescription>מסטיק מנטוס      90 גרם</ManufacturerItemDescription><SoldByWeight/><Quantity>750.00</Quantity><UnitOfMeasure>גרם     </UnitOfMeasure><QtyInPackage>לא ידוע</QtyInPackage><UnitOfMeasurePrice>0.0332</UnitOfMeasurePrice><AllowDiscount>1</AllowDiscount><ItemStatus>1</ItemStatus><ItemPrice>24.90</ItemPrice></item><item><PriceUpdateDate>2016-03-29 13:00:13</PriceUpdateDate><ItemCode>7290000401249</ItemCode><ItemType>1</ItemType><ItemName>ממרח שוקולד נוטלה 35</ItemName><ManufacturerName>פררו</ManufacturerName><ManufactureCountry>איטליה</ManufactureCountry><ManufacturerItemDescription>מסטיק מנטוס     ת מיקס90</ManufacturerItemDescription><SoldByWeight/><Quantity>350.00</Quantity><UnitOfMeasure>גרם     </UnitOfMeasure><QtyInPackage>לא ידוע</QtyInPackage><UnitOfMeasurePrice>0.0411</UnitOfMeasurePrice><AllowDiscount>1</AllowDiscount><ItemStatus>1</ItemStatus><ItemPrice>14.40</ItemPrice></item><item><PriceUpdateDate>2015-10-21 16:13:17</PriceUpdateDate><ItemCode>7290000401256</ItemCode><ItemType>1</ItemType><ItemName>אצבעות שוקולד קינדר</ItemName><ManufacturerName>קינדר</ManufacturerName><ManufactureCountry>איטליה</ManufactureCountry><ManufacturerItemDescription>שוקולד חלב ממולא קינדר50</ManufacturerItemDescription><SoldByWeight/><Quantity>50.00</Quantity><UnitOfMeasure>גרם     </UnitOfMeasure><QtyInPackage>לא ידוע</QtyInPackage><UnitOfMeasurePrice>0.1180</UnitOfMeasurePrice><AllowDiscount>1</AllowDiscount><ItemStatus>1</ItemStatus><ItemPrice>5.90</ItemPrice></item><item><PriceUpdateDate>2016-02-16 13:35:37</PriceUpdateDate><ItemCode>7290000401263</ItemCode><ItemType>1</ItemType><ItemName>שוקולד קינדר 100 גרם</ItemName><ManufacturerName>לא ידוע</ManufacturerName><ManufactureCountry>איטליה</ManufactureCountry><ManufacturerItemDescription>מסטיק מנטוס אבטיח 28 גרם</ManufacturerItemDescription><SoldByWeight/><Quantity>100.00</Quantity><UnitOfMeasure>גרם     </UnitOfMeasure><QtyInPackage>לא ידוע</QtyInPackage><UnitOfMeasurePrice>0.0950</UnitOfMeasurePrice><AllowDiscount>1</AllowDiscount><ItemStatus>1</ItemStatus><ItemPrice>9.50</ItemPrice></item><item><PriceUpdateDate>2015-11-12 14:59:07</PriceUpdateDate><ItemCode>7290000401454</ItemCode><ItemType>1</ItemType><ItemName>רד בול משקה אנרגיה 2</ItemName><ManufacturerName>רדבול</ManufacturerName><ManufactureCountry>ישראל</ManufactureCountry><ManufacturerItemDescription>רד בול          יה פח250</ManufacturerItemDescription><SoldByWeight/><Quantity>250.00</Quantity><UnitOfMeasure>מ"ל</UnitOfMeasure><QtyInPackage>לא ידוע</QtyInPackage><UnitOfMeasurePrice>0.0348</UnitOfMeasurePrice><AllowDiscount>1</AllowDiscount><ItemStatus>1</ItemStatus><ItemPrice>8.70</ItemPrice></item><item><PriceUpdateDate>2016-05-30 22:01:53</PriceUpdateDate><ItemCode>7290000401492</ItemCode><ItemType>1</ItemType><ItemName>חטיף קליק ביסקויט 75</ItemName><ManufacturerName>קליק ורד הגליל</ManufacturerName><ManufactureCountry>ישראל</ManufactureCountry><ManufacturerItemDescription>קליק ביסקוויט 75 גר</ManufacturerItemDescription><SoldByWeight/><Quantity>75.00</Quantity><UnitOfMeasure>גרם     </UnitOfMeasure><QtyInPackage>לא ידוע</QtyInPackage><UnitOfMeasurePrice>0.0720</UnitOfMeasurePrice><AllowDiscount>1</AllowDiscount><ItemStatus>1</ItemStatus><ItemPrice>5.40</ItemPrice></item><item><PriceUpdateDate>2016-05-30 22:01:53</PriceUpdateDate><ItemCode>7290000401508</ItemCode><ItemType>1</ItemType><ItemName>חטיף קליק כדורים 75</ItemName><ManufacturerName>קליק ורד הגליל</ManufacturerName><ManufactureCountry>ישראל</ManufactureCountry><ManufacturerItemDescription>קליק חלב 75 גר</ManufacturerItemDescription><SoldByWeight/><Quantity>75.00</Quantity><UnitOfMeasure>גרם     </UnitOfMeasure><QtyInPackage>לא ידוע</QtyInPackage><UnitOfMeasurePrice>0.0720</UnitOfMeasurePrice><AllowDiscount>1</AllowDiscount><ItemStatus>1</ItemStatus><ItemPrice>5.40</ItemPrice></item><item><PriceUpdateDate>2016-05-30 22:01:53</PriceUpdateDate><ItemCode>7290000401515</ItemCode><ItemType>1</ItemType><ItemName>חטיף קליק קורנפלקס 7</ItemName><ManufacturerName>קליק ורד הגליל</ManufacturerName><ManufactureCountry>ישראל</ManufactureCountry><ManufacturerItemDescription>קליק קורנפלקס 75 גר</ManufacturerItemDescription><SoldByWeight/><Quantity>75.00</Quantity><UnitOfMeasure>גרם     </UnitOfMeasure><QtyInPackage>לא ידוע</QtyInPackage><UnitOfMeasurePrice>0.0720</UnitOfMeasurePrice><AllowDiscount>1</AllowDiscount><ItemStatus>1</ItemStatus><ItemPrice>5.40</ItemPrice></item><item><PriceUpdateDate>2016-05-30 22:01:53</PriceUpdateDate><ItemCode>7290000401522</ItemCode><ItemType>1</ItemType><ItemName>חטיף קליק חום לבן 75</ItemName><ManufacturerName>קליק ורד הגליל</ManufacturerName><ManufactureCountry>ישראל</ManufactureCountry><ManufacturerItemDescription>קליק חום לבן 75 גרם</ManufacturerItemDescription><SoldByWeight/><Quantity>75.00</Quantity><UnitOfMeasure>גרם     </UnitOfMeasure><QtyInPackage>לא ידוע</QtyInPackage><UnitOfMeasurePrice>0.0720</UnitOfMeasurePrice><AllowDiscount>1</AllowDiscount><ItemStatus>1</ItemStatus><ItemPrice>5.40</ItemPrice></item><item><PriceUpdateDate>2016-05-30 22:01:53</PriceUpdateDate><ItemCode>7290000401546</ItemCode><ItemType>1</ItemType><ItemName>חטיף קליק כריות 75 ג</ItemName><ManufacturerName>קליק ורד הגליל</ManufacturerName><ManufactureCountry>ישראל</ManufactureCountry><ManufacturerItemDescription>קליק כריות 75 גר</ManufacturerItemDescription><SoldByWeight/><Quantity>75.00</Quantity><UnitOfMeasure>גרם     </UnitOfMeasure><QtyInPackage>לא ידוע</QtyInPackage><UnitOfMeasurePrice>0.0720</UnitOfMeasurePrice><AllowDiscount>1</AllowDiscount><ItemStatus>1</ItemStatus><ItemPrice>5.40</ItemPrice></item><item><PriceUpdateDate>2016-05-30 22:01:53</PriceUpdateDate><ItemCode>7290000401577</ItemCode><ItemType>1</ItemType><ItemName>נייטשר וואלי קראנצ'י</ItemName><ManufacturerName>Nature Valley</ManufacturerName><ManufactureCountry>ארצות הברית</ManufactureCountry><ManufacturerItemDescription>חמצוצים קולה    ה 100גרם</ManufacturerItemDescription><SoldByWeight/><Quantity>210.00</Quantity><UnitOfMeasure>גרם     </UnitOfMeasure><QtyInPackage>לא ידוע</QtyInPackage><UnitOfMeasurePrice>0.0757</UnitOfMeasurePrice><AllowDiscount>1</AllowDiscount><ItemStatus>1</ItemStatus><ItemPrice>15.90</ItemPrice></item><item><PriceUpdateDate>2016-05-30 22:01:53</PriceUpdateDate><ItemCode>7290000401591</ItemCode><ItemType>1</ItemType><ItemName>נייטשר וואלי קראנצ'י</ItemName><ManufacturerName>Nature Valley</ManufacturerName><ManufactureCountry>ספרד</ManufactureCountry><ManufacturerItemDescription>חמוציות במיץ רימונים 142</ManufacturerItemDescription><SoldByWeight/><Quantity>210.00</Quantity><UnitOfMeasure>גרם     </UnitOfMeasure><QtyInPackage>לא ידוע</QtyInPackage><UnitOfMeasurePrice>0.0757</UnitOfMeasurePrice><AllowDiscount>1</AllowDiscount><ItemStatus>1</ItemStatus><ItemPrice>15.90</ItemPrice></item><item><PriceUpdateDate>2016-05-30 22:01:54</PriceUpdateDate><ItemCode>7290000401614</ItemCode><ItemType>1</ItemType><ItemName>נייטשר וואלי קראנצ'י</ItemName><ManufacturerName>Nature Valley</ManufacturerName><ManufactureCountry>ספרד</ManufactureCountry><ManufacturerItemDescription>משחת שיניים      פרש100מ</ManufacturerItemDescription><SoldByWeight/><Quantity>210.00</Quantity><UnitOfMeasure>גרם     </UnitOfMeasure><QtyInPackage>לא ידוע</QtyInPackage><UnitOfMeasurePrice>0.0757</UnitOfMeasurePrice><AllowDiscount>1</AllowDiscount><ItemStatus>1</ItemStatus><ItemPrice>15.90</ItemPrice></item><item><PriceUpdateDate>2016-03-09 10:15:05</PriceUpdateDate><ItemCode>7290000401676</ItemCode><ItemType>1</ItemType><ItemName>תערובת לעוגת שוקולד</ItemName><ManufacturerName>ליימן חטיבת המותגים</ManufacturerName><ManufactureCountry>ישראל</ManufactureCountry><ManufacturerItemDescription>תערובת לעוגת שוק.דוילספוד</ManufacturerItemDescription><SoldByWeight/><Quantity>500.00</Quantity><UnitOfMeasure>גרם     </UnitOfMeasure><QtyInPackage>לא ידוע</QtyInPackage><UnitOfMeasurePrice>0.0398</UnitOfMeasurePrice><AllowDiscount>1</AllowDiscount><ItemStatus>1</ItemStatus><ItemPrice>19.90</ItemPrice></item><item><PriceUpdateDate>2016-03-09 10:15:05</PriceUpdateDate><ItemCode>7290000401690</ItemCode><ItemType>1</ItemType><ItemName>תערובת לעוגת שיש 500</ItemName><ManufacturerName>ליימן חטיבת המותגים</ManufacturerName><ManufactureCountry>ישראל</ManufactureCountry><ManufacturerItemDescription>תערובת לעוגת שיש 559 גר</ManufacturerItemDescription><SoldByWeight/><Quantity>550.00</Quantity><UnitOfMeasure>גרם     </UnitOfMeasure><QtyInPackage>לא ידוע</QtyInPackage><UnitOfMeasurePrice>0.0362</UnitOfMeasurePrice><AllowDiscount>1</AllowDiscount><ItemStatus>1</ItemStatus><ItemPrice>19.90</ItemPrice></item><item><PriceUpdateDate>2016-03-09 10:15:05</PriceUpdateDate><ItemCode>7290000401706</ItemCode><ItemType>1</ItemType><ItemName>תערובת לבראוניס 550</ItemName><ManufacturerName>ליימן חטיבת המותגים</ManufacturerName><ManufactureCountry>ישראל</ManufactureCountry><ManufacturerItemDescription>תערובת לעוגת בראוניס 550</ManufacturerItemDescription><SoldByWeight/><Quantity>550.00</Quantity><UnitOfMeasure>גרם     </UnitOfMeasure><QtyInPackage>לא ידוע</QtyInPackage><UnitOfMeasurePrice>0.0362</UnitOfMeasurePrice><AllowDiscount>1</AllowDiscount><ItemStatus>1</ItemStatus><ItemPrice>19.90</ItemPrice></item><item><PriceUpdateDate>2016-02-02 06:49:45</PriceUpdateDate><ItemCode>7290000402079</ItemCode><ItemType>1</ItemType><ItemName>טישיו קלינקס אובלי 6</ItemName><ManufacturerName>קלינקס</ManufacturerName><ManufactureCountry>ישראל</ManufactureCountry><ManufacturerItemDescription>טישיו קלינקס אובלי 6</ManufacturerItemDescription><SoldByWeight/><Quantity>72.00</Quantity><UnitOfMeasure>בודד</UnitOfMeasure><QtyInPackage>לא ידוע</QtyInPackage><UnitOfMeasurePrice>0.1556</UnitOfMeasurePrice><AllowDiscount>1</AllowDiscount><ItemStatus>1</ItemStatus><ItemPrice>11.20</ItemPrice></item><item><PriceUpdateDate>2016-05-02 08:05:30</PriceUpdateDate><ItemCode>7290000402505</ItemCode><ItemType>1</ItemType><ItemName>עוגיות מרבה שוקוצ'יפ</ItemName><ManufacturerName>מרבה</ManufacturerName><ManufactureCountry>הולנד</ManufactureCountry><ManufacturerItemDescription>עוגיות ש.צ'יפס  יפס225גר</ManufacturerItemDescription><SoldByWeight/><Quantity>225.00</Quantity><UnitOfMeasure>גרם     </UnitOfMeasure><QtyInPackage>לא ידוע</QtyInPackage><UnitOfMeasurePrice>0.0396</UnitOfMeasurePrice><AllowDiscount>0</AllowDiscount><ItemStatus>1</ItemStatus><ItemPrice>8.90</ItemPrice></item><item><PriceUpdateDate>2016-03-29 13:00:13</PriceUpdateDate><ItemCode>7290000402512</ItemCode><ItemType>1</ItemType><ItemName>פריסקיז יבש מעדני הב</ItemName><ManufacturerName>פריסקיז</ManufacturerName><ManufactureCountry>ישראל</ManufactureCountry><ManufacturerItemDescription>פריסקיז יבש מעדני הב</ManufacturerItemDescription><SoldByWeight/><Quantity>2900.00</Quantity><UnitOfMeasure>גרם     </UnitOfMeasure><QtyInPackage>לא ידוע</QtyInPackage><UnitOfMeasurePrice>0.0207</UnitOfMeasurePrice><AllowDiscount>1</AllowDiscount><ItemStatus>1</ItemStatus><ItemPrice>59.90</ItemPrice></item><item><PriceUpdateDate>2015-12-01 08:40:49</PriceUpdateDate><ItemCode>7290000402826</ItemCode><ItemType>1</ItemType><ItemName>סוכריות מאסט לימון ל</ItemName><ManufacturerName>מאסט</ManufacturerName><ManufactureCountry>פולין</ManufactureCountry><ManufacturerItemDescription>צבע לשיער גרנייהנד זהוב</ManufacturerItemDescription><SoldByWeight/><Quantity>80.00</Quantity><UnitOfMeasure>גרם     </UnitOfMeasure><QtyInPackage>לא ידוע</QtyInPackage><UnitOfMeasurePrice>0.1113</UnitOfMeasurePrice><AllowDiscount>1</AllowDiscount><ItemStatus>1</ItemStatus><ItemPrice>8.90</ItemPrice></item><item><PriceUpdateDate>2015-12-01 08:40:49</PriceUpdateDate><ItemCode>7290000402840</ItemCode><ItemType>1</ItemType><ItemName>סוכריות מאסט מנטה לל</ItemName><ManufacturerName>מאסט</ManufacturerName><ManufactureCountry>פולין</ManufactureCountry><ManufacturerItemDescription>צבע ש.גרנייה    נד 111</ManufacturerItemDescription><SoldByWeight/><Quantity>80.00</Quantity><UnitOfMeasure>גרם     </UnitOfMeasure><QtyInPackage>לא ידוע</QtyInPackage><UnitOfMeasurePrice>0.1113</UnitOfMeasurePrice><AllowDiscount>1</AllowDiscount><ItemStatus>1</ItemStatus><ItemPrice>8.90</ItemPrice></item><item><PriceUpdateDate>2016-01-20 07:31:07</PriceUpdateDate><ItemCode>7290000402888</ItemCode><ItemType>1</ItemType><ItemName>סוכריות מאסט ריבת חל</ItemName><ManufacturerName>מאסט</ManufacturerName><ManufactureCountry>פולין</ManufactureCountry><ManufacturerItemDescription>צבע לשיער גרנייה שוקולד</ManufacturerItemDescription><SoldByWeight/><Quantity>80.00</Quantity><UnitOfMeasure>גרם     </UnitOfMeasure><QtyInPackage>לא ידוע</QtyInPackage><UnitOfMeasurePrice>0.1113</UnitOfMeasurePrice><AllowDiscount>1</AllowDiscount><ItemStatus>1</ItemStatus><ItemPrice>8.90</ItemPrice></item><item><PriceUpdateDate>2015-12-01 08:40:49</PriceUpdateDate><ItemCode>7290000402901</ItemCode><ItemType>1</ItemType><ItemName>סוכריות מאסט בטעם אנ</ItemName><ManufacturerName>מאסט</ManufacturerName><ManufactureCountry>ישראל</ManufactureCountry><ManufacturerItemDescription>סוכריות מאסט בטעם אנ</ManufacturerItemDescription><SoldByWeight/><Quantity>0.00</Quantity><UnitOfMeasure>יח'</UnitOfMeasure><QtyInPackage>לא ידוע</QtyInPackage><UnitOfMeasurePrice>0.0000</UnitOfMeasurePrice><AllowDiscount>1</AllowDiscount><ItemStatus>1</ItemStatus><ItemPrice>8.90</ItemPrice></item><item><PriceUpdateDate>2015-11-12 17:38:38</PriceUpdateDate><ItemCode>7290000403090</ItemCode><ItemType>1</ItemType><ItemName>מיסלי פירות יער אורג</ItemName><ManufacturerName>מסטמכר</ManufacturerName><ManufactureCountry>ישראל</ManufactureCountry><ManufacturerItemDescription>מיסלי פירות יער אורג</ManufacturerItemDescription><SoldByWeight/><Quantity>500.00</Quantity><UnitOfMeasure>גרם     </UnitOfMeasure><QtyInPackage>לא ידוע</QtyInPackage><UnitOfMeasurePrice>0.0408</UnitOfMeasurePrice><AllowDiscount>1</AllowDiscount><ItemStatus>1</ItemStatus><ItemPrice>20.40</ItemPrice></item><item><PriceUpdateDate>2016-05-30 22:01:54</PriceUpdateDate><ItemCode>7290000403175</ItemCode><ItemType>1</ItemType><ItemName>דגני קוקו פבלס 425 ג</ItemName><ManufacturerName>פוסט</ManufacturerName><ManufactureCountry>ארצות הברית</ManufactureCountry><ManufacturerItemDescription>ג'ל גילוח ניוואה רגיל200</ManufacturerItemDescription><SoldByWeight/><Quantity>425.00</Quantity><UnitOfMeasure>גרם     </UnitOfMeasure><QtyInPackage>לא ידוע</QtyInPackage><UnitOfMeasurePrice>0.0633</UnitOfMeasurePrice><AllowDiscount>1</AllowDiscount><ItemStatus>1</ItemStatus><ItemPrice>26.90</ItemPrice></item><item><PriceUpdateDate>2014-11-03 06:37:13</PriceUpdateDate><ItemCode>7290000403250</ItemCode><ItemType>1</ItemType><ItemName>ג''ילט קצף גילוח רגי</ItemName><ManufacturerName>גילט</ManufacturerName><ManufactureCountry>ישראל</ManufactureCountry><ManufacturerItemDescription>גילט קצף גילוח קלסיק רגיל</ManufacturerItemDescription><SoldByWeight/><Quantity>200.00</Quantity><UnitOfMeasure>מ"ל</UnitOfMeasure><QtyInPackage>לא ידוע</QtyInPackage><UnitOfMeasurePrice>0.0820</UnitOfMeasurePrice><AllowDiscount>1</AllowDiscount><ItemStatus>1</ItemStatus><ItemPrice>16.40</ItemPrice></item><item><PriceUpdateDate>2016-05-17 09:15:08</PriceUpdateDate><ItemCode>7290000403595</ItemCode><ItemType>1</ItemType><ItemName>שוקולד מילקה חלב 100</ItemName><ManufacturerName>מילקה</ManufacturerName><ManufactureCountry>גרמניה</ManufactureCountry><ManufacturerItemDescription>ג'ל גילוח ניוואה.רגיש200</ManufacturerItemDescription><SoldByWeight/><Quantity>100.00</Quantity><UnitOfMeasure>גרם     </UnitOfMeasure><QtyInPackage>לא ידוע</QtyInPackage><UnitOfMeasurePrice>0.0890</UnitOfMeasurePrice><AllowDiscount>1</AllowDiscount><ItemStatus>1</ItemStatus><ItemPrice>8.90</ItemPrice></item><item><PriceUpdateDate>2016-05-17 09:15:08</PriceUpdateDate><ItemCode>7290000403601</ItemCode><ItemType>1</ItemType><ItemName>שוקולד מילקה צימוק 1</ItemName><ManufacturerName>מילקה</ManufacturerName><ManufactureCountry>גרמניה</ManufactureCountry><ManufacturerItemDescription>דאודורנט ניוואה ון 50מ"ל</ManufacturerItemDescription><SoldByWeight/><Quantity>100.00</Quantity><UnitOfMeasure>גרם     </UnitOfMeasure><QtyInPackage>לא ידוע</QtyInPackage><UnitOfMeasurePrice>0.0890</UnitOfMeasurePrice><AllowDiscount>1</AllowDiscount><ItemStatus>1</ItemStatus><ItemPrice>8.90</ItemPrice></item><item><PriceUpdateDate>2016-05-30 22:01:54</PriceUpdateDate><ItemCode>7290000403649</ItemCode><ItemType>1</ItemType><ItemName>מב מטהר אויר איירויק</ItemName><ManufacturerName>איירויק</ManufacturerName><ManufactureCountry>פולין</ManufactureCountry><ManufacturerItemDescription>מב מטהר אויר איירויק</ManufacturerItemDescription><SoldByWeight/><Quantity>345.00</Quantity><UnitOfMeasure>מ"ל</UnitOfMeasure><QtyInPackage>לא ידוע</QtyInPackage><UnitOfMeasurePrice>0.0432</UnitOfMeasurePrice><AllowDiscount>1</AllowDiscount><ItemStatus>1</ItemStatus><ItemPrice>14.90</ItemPrice></item><item><PriceUpdateDate>2016-03-29 06:35:29</PriceUpdateDate><ItemCode>7290000403700</ItemCode><ItemType>1</ItemType><ItemName>ג'ל קלגוןלמכונה 750</ItemName><ManufacturerName>קלגון</ManufacturerName><ManufactureCountry>איטליה</ManufactureCountry><ManufacturerItemDescription>ג'ל קלגוןלמכונה 750</ManufacturerItemDescription><SoldByWeight/><Quantity>750.00</Quantity><UnitOfMeasure>מ"ל</UnitOfMeasure><QtyInPackage>לא ידוע</QtyInPackage><UnitOfMeasurePrice>0.0359</UnitOfMeasurePrice><AllowDiscount>1</AllowDiscount><ItemStatus>1</ItemStatus><ItemPrice>26.90</ItemPrice></item><item><PriceUpdateDate>2016-03-01 06:42:10</PriceUpdateDate><ItemCode>7290000403717</ItemCode><ItemType>1</ItemType><ItemName>חמאה רכה אלוויר 250</ItemName><ManufacturerName>אלוויר</ManufacturerName><ManufactureCountry>ישראל</ManufactureCountry><ManufacturerItemDescription>חמאה רכה אלוויר250 גר</ManufacturerItemDescription><SoldByWeight/><Quantity>250.00</Quantity><UnitOfMeasure>גרם     </UnitOfMeasure><QtyInPackage>לא ידוע</QtyInPackage><UnitOfMeasurePrice>0.0852</UnitOfMeasurePrice><AllowDiscount>1</AllowDiscount><ItemStatus>1</ItemStatus><ItemPrice>21.30</ItemPrice></item><item><PriceUpdateDate>2016-03-01 06:42:10</PriceUpdateDate><ItemCode>7290000403724</ItemCode><ItemType>1</ItemType><ItemName>חמאת נורמנדי אלוויר</ItemName><ManufacturerName>אלוויר</ManufacturerName><ManufactureCountry>צרפת</ManufactureCountry><ManufacturerItemDescription>חמאת נורמנד אלויר200 גר</ManufacturerItemDescription><SoldByWeight/><Quantity>200.00</Quantity><UnitOfMeasure>גרם     </UnitOfMeasure><QtyInPackage>לא ידוע</QtyInPackage><UnitOfMeasurePrice>0.0840</UnitOfMeasurePrice><AllowDiscount>1</AllowDiscount><ItemStatus>1</ItemStatus><ItemPrice>16.80</ItemPrice></item><item><PriceUpdateDate>2016-03-01 06:42:10</PriceUpdateDate><ItemCode>7290000403731</ItemCode><ItemType>1</ItemType><ItemName>חמאה רכה מלוחה אלווי</ItemName><ManufacturerName>אלוויר</ManufacturerName><ManufactureCountry>ישראל</ManufactureCountry><ManufacturerItemDescription>חמאה רכה מלוחה250 גר</ManufacturerItemDescription><SoldByWeight/><Quantity>250.00</Quantity><UnitOfMeasure>גרם     </UnitOfMeasure><QtyInPackage>לא ידוע</QtyInPackage><UnitOfMeasurePrice>0.0852</UnitOfMeasurePrice><AllowDiscount>1</AllowDiscount><ItemStatus>1</ItemStatus><ItemPrice>21.30</ItemPrice></item><item><PriceUpdateDate>2016-05-30 22:01:54</PriceUpdateDate><ItemCode>7290000403786</ItemCode><ItemType>1</ItemType><ItemName>מב חמאה צרפתית פרזיד</ItemName><ManufacturerName>פרזידנט</ManufacturerName><ManufactureCountry>ישראל</ManufactureCountry><ManufacturerItemDescription>מב חמאה צרפתית פרזיד</ManufacturerItemDescription><SoldByWeight/><Quantity>200.00</Quantity><UnitOfMeasure>גרם     </UnitOfMeasure><QtyInPackage>לא ידוע</QtyInPackage><UnitOfMeasurePrice>0.0695</UnitOfMeasurePrice><AllowDiscount>1</AllowDiscount><ItemStatus>1</ItemStatus><ItemPrice>13.90</ItemPrice></item><item><PriceUpdateDate>2016-02-02 06:49:46</PriceUpdateDate><ItemCode>7290000403816</ItemCode><ItemType>1</ItemType><ItemName>מב דגני בוקר קראנץ'</ItemName><ManufacturerName>קראנץ</ManufacturerName><ManufactureCountry>ישראל</ManufactureCountry><ManufacturerItemDescription>מב דגני בוקר קראנץ'</ManufacturerItemDescription><SoldByWeight/><Quantity>500.00</Quantity><UnitOfMeasure>גרם     </UnitOfMeasure><QtyInPackage>לא ידוע</QtyInPackage><UnitOfMeasurePrice>0.0398</UnitOfMeasurePrice><AllowDiscount>1</AllowDiscount><ItemStatus>1</ItemStatus><ItemPrice>19.90</ItemPrice></item><item><PriceUpdateDate>2016-05-30 22:01:54</PriceUpdateDate><ItemCode>7290000403823</ItemCode><ItemType>1</ItemType><ItemName>מב דגני בוקר פיטנס 3</ItemName><ManufacturerName>פיטנס</ManufacturerName><ManufactureCountry>ישראל</ManufactureCountry><ManufacturerItemDescription>מב דגני בוקר פיטנס 3</ManufacturerItemDescription><SoldByWeight/><Quantity>375.00</Quantity><UnitOfMeasure>גרם     </UnitOfMeasure><QtyInPackage>לא ידוע</QtyInPackage><UnitOfMeasurePrice>0.0531</UnitOfMeasurePrice><AllowDiscount>1</AllowDiscount><ItemStatus>1</ItemStatus><ItemPrice>19.90</ItemPrice></item><item><PriceUpdateDate>2016-02-11 09:34:57</PriceUpdateDate><ItemCode>7290000403830</ItemCode><ItemType>1</ItemType><ItemName>ממרח חמאה אקסטרא ליי</ItemName><ManufacturerName>אלוויר</ManufacturerName><ManufactureCountry>ישראל</ManufactureCountry><ManufacturerItemDescription>ממרח חמאה אקסטרא לייט 250</ManufacturerItemDescription><SoldByWeight/><Quantity>250.00</Quantity><UnitOfMeasure>גרם     </UnitOfMeasure><QtyInPackage>לא ידוע</QtyInPackage><UnitOfMeasurePrice>0.0688</UnitOfMeasurePrice><AllowDiscount>1</AllowDiscount><ItemStatus>1</ItemStatus><ItemPrice>17.20</ItemPrice></item><item><PriceUpdateDate>2015-10-29 13:50:48</PriceUpdateDate><ItemCode>7290000404042</ItemCode><ItemType>1</ItemType><ItemName>שוקולד ריטר לבן אגוז</ItemName><ManufacturerName>ריטר</ManufacturerName><ManufactureCountry>גרמניה</ManufactureCountry><ManufacturerItemDescription>סוכר.ממולאות    חלב325גר</ManufacturerItemDescription><SoldByWeight/><Quantity>100.00</Quantity><UnitOfMeasure>גרם     </UnitOfMeasure><QtyInPackage>לא ידוע</QtyInPackage><UnitOfMeasurePrice>0.0990</UnitOfMeasurePrice><AllowDiscount>1</AllowDiscount><ItemStatus>1</ItemStatus><ItemPrice>9.90</ItemPrice></item><item><PriceUpdateDate>2015-10-29 13:50:48</PriceUpdateDate><ItemCode>7290000404080</ItemCode><ItemType>1</ItemType><ItemName>שוקולד ריטר חלב שקדי</ItemName><ManufacturerName>לא ידוע</ManufacturerName><ManufactureCountry>גרמניה</ManufactureCountry><ManufacturerItemDescription>שמפו גליס       צבע 400מ</ManufacturerItemDescription><SoldByWeight/><Quantity>100.00</Quantity><UnitOfMeasure>גרם     </UnitOfMeasure><QtyInPackage>לא ידוע</QtyInPackage><UnitOfMeasurePrice>0.0990</UnitOfMeasurePrice><AllowDiscount>1</AllowDiscount><ItemStatus>1</ItemStatus><ItemPrice>9.90</ItemPrice></item><item><PriceUpdateDate>2015-10-29 13:50:48</PriceUpdateDate><ItemCode>7290000404097</ItemCode><ItemType>1</ItemType><ItemName>שוקולד ריטר מרציפן 1</ItemName><ManufacturerName>לא ידוע</ManufacturerName><ManufactureCountry>גרמניה</ManufactureCountry><ManufacturerItemDescription>מרכך גליס       זלי 400</ManufacturerItemDescription><SoldByWeight/><Quantity>100.00</Quantity><UnitOfMeasure>גרם     </UnitOfMeasure><QtyInPackage>לא ידוע</QtyInPackage><UnitOfMeasurePrice>0.0990</UnitOfMeasurePrice><AllowDiscount>1</AllowDiscount><ItemStatus>1</ItemStatus><ItemPrice>9.90</ItemPrice></item><item><PriceUpdateDate>2016-05-01 21:45:57</PriceUpdateDate><ItemCode>7290000404332</ItemCode><ItemType>1</ItemType><ItemName>טופיפי 125 גרם</ItemName><ManufacturerName>טופיפי</ManufacturerName><ManufactureCountry>גרמניה</ManufactureCountry><ManufacturerItemDescription>זוג הרפיק מוצק   גרם</ManufacturerItemDescription><SoldByWeight/><Quantity>125.00</Quantity><UnitOfMeasure>גרם     </UnitOfMeasure><QtyInPackage>לא ידוע</QtyInPackage><UnitOfMeasurePrice>0.1192</UnitOfMeasurePrice><AllowDiscount>0</AllowDiscount><ItemStatus>1</ItemStatus><ItemPrice>14.90</ItemPrice></item><item><PriceUpdateDate>2016-05-01 21:45:57</PriceUpdateDate><ItemCode>7290000404370</ItemCode><ItemType>1</ItemType><ItemName>בונבונירה מרסי אוריג</ItemName><ManufacturerName>מרסי</ManufacturerName><ManufactureCountry>גרמניה</ManufactureCountry><ManufacturerItemDescription>טמפוני קוטקס    מיני</ManufacturerItemDescription><SoldByWeight/><Quantity>250.00</Quantity><UnitOfMeasure>גרם     </UnitOfMeasure><QtyInPackage>לא ידוע</QtyInPackage><UnitOfMeasurePrice>0.1196</UnitOfMeasurePrice><AllowDiscount>1</AllowDiscount><ItemStatus>1</ItemStatus><ItemPrice>29.90</ItemPrice></item><item><PriceUpdateDate>2016-05-01 21:45:57</PriceUpdateDate><ItemCode>7290000404394</ItemCode><ItemType>1</ItemType><ItemName>בונבוניירה טופיפי 25</ItemName><ManufacturerName>לא ידוע</ManufacturerName><ManufactureCountry>גרמניה</ManufactureCountry><ManufacturerItemDescription>קוקו פופס שוקוס קלוג500'</ManufacturerItemDescription><SoldByWeight/><Quantity>250.00</Quantity><UnitOfMeasure>גרם     </UnitOfMeasure><QtyInPackage>לא ידוע</QtyInPackage><UnitOfMeasurePrice>0.1228</UnitOfMeasurePrice><AllowDiscount>1</AllowDiscount><ItemStatus>1</ItemStatus><ItemPrice>30.70</ItemPrice></item><item><PriceUpdateDate>2016-03-29 13:00:13</PriceUpdateDate><ItemCode>7290000404448</ItemCode><ItemType>1</ItemType><ItemName>סוכריות שטורק שוקולד</ItemName><ManufacturerName>לא ידוע</ManufacturerName><ManufactureCountry>גרמניה</ManufactureCountry><ManufacturerItemDescription>סימילאק אדבנס   ב 1 900ג</ManufacturerItemDescription><SoldByWeight/><Quantity>325.00</Quantity><UnitOfMeasure>גרם     </UnitOfMeasure><QtyInPackage>לא ידוע</QtyInPackage><UnitOfMeasurePrice>0.0732</UnitOfMeasurePrice><AllowDiscount>1</AllowDiscount><ItemStatus>1</ItemStatus><ItemPrice>23.80</ItemPrice></item><item><PriceUpdateDate>2016-03-29 13:00:13</PriceUpdateDate><ItemCode>7290000404455</ItemCode><ItemType>1</ItemType><ItemName>סוכריות שטורק וולמיש</ItemName><ManufacturerName>שטורק</ManufacturerName><ManufactureCountry>גרמניה</ManufactureCountry><ManufacturerItemDescription>סימילאק אדבנס   ב 2 900ג</ManufacturerItemDescription><SoldByWeight/><Quantity>325.00</Quantity><UnitOfMeasure>גרם     </UnitOfMeasure><QtyInPackage>לא ידוע</QtyInPackage><UnitOfMeasurePrice>0.0732</UnitOfMeasurePrice><AllowDiscount>1</AllowDiscount><ItemStatus>1</ItemStatus><ItemPrice>23.80</ItemPrice></item><item><PriceUpdateDate>2015-08-04 09:27:34</PriceUpdateDate><ItemCode>7290000404790</ItemCode><ItemType>1</ItemType><ItemName>קרם לשיער גליס שיקום</ItemName><ManufacturerName>גליס</ManufacturerName><ManufactureCountry>ישראל</ManufactureCountry><ManufacturerItemDescription>קרם לשיער גליס שיקום</ManufacturerItemDescription><SoldByWeight/><Quantity>150.00</Quantity><UnitOfMeasure>מ"ל</UnitOfMeasure><QtyInPackage>לא ידוע</QtyInPackage><UnitOfMeasurePrice>0.2327</UnitOfMeasurePrice><AllowDiscount>1</AllowDiscount><ItemStatus>1</ItemStatus><ItemPrice>34.90</ItemPrice></item><item><PriceUpdateDate>2016-03-01 06:48:30</PriceUpdateDate><ItemCode>7290000404967</ItemCode><ItemType>1</ItemType><ItemName>מב דאו' ספריי פה 200</ItemName><ManufacturerName>פה</ManufacturerName><ManufactureCountry>גרמניה</ManufactureCountry><ManufacturerItemDescription>דאו.ספריי פה אקווה 200 מל</ManufacturerItemDescription><SoldByWeight/><Quantity>200.00</Quantity><UnitOfMeasure>מ"ל</UnitOfMeasure><QtyInPackage>לא ידוע</QtyInPackage><UnitOfMeasurePrice>0.0500</UnitOfMeasurePrice><AllowDiscount>1</AllowDiscount><ItemStatus>1</ItemStatus><ItemPrice>10.00</ItemPrice></item><item><PriceUpdateDate>2016-03-01 06:48:30</PriceUpdateDate><ItemCode>7290000404981</ItemCode><ItemType>1</ItemType><ItemName>מב דאו' ספריי פה ספו</ItemName><ManufacturerName>פה</ManufacturerName><ManufactureCountry>גרמניה</ManufactureCountry><ManufacturerItemDescription>דאו.ספריי פה לגבר 200</ManufacturerItemDescription><SoldByWeight/><Quantity>200.00</Quantity><UnitOfMeasure>מ"ל</UnitOfMeasure><QtyInPackage>לא ידוע</QtyInPackage><UnitOfMeasurePrice>0.0500</UnitOfMeasurePrice><AllowDiscount>1</AllowDiscount><ItemStatus>1</ItemStatus><ItemPrice>10.00</ItemPrice></item><item><PriceUpdateDate>2016-02-15 08:10:35</PriceUpdateDate><ItemCode>7290000405292</ItemCode><ItemType>1</ItemType><ItemName>טמפוני טמפקס קומפק 2</ItemName><ManufacturerName>פרוקטר אנד גמבל</ManufacturerName><ManufactureCountry>הונגריה</ManufactureCountry><ManufacturerItemDescription>קראנץ' בר       ניל25*6ג</ManufacturerItemDescription><SoldByWeight/><Quantity>20.00</Quantity><UnitOfMeasure>בודד</UnitOfMeasure><QtyInPackage>לא ידוע</QtyInPackage><UnitOfMeasurePrice>1.6450</UnitOfMeasurePrice><AllowDiscount>1</AllowDiscount><ItemStatus>1</ItemStatus><ItemPrice>32.90</ItemPrice></item><item><PriceUpdateDate>2016-05-30 22:01:54</PriceUpdateDate><ItemCode>7290000405339</ItemCode><ItemType>1</ItemType><ItemName>טמפוני טמפקס פלאש מי</ItemName><ManufacturerName>פרוקטר אנד גמבל</ManufacturerName><ManufactureCountry>הונגריה</ManufactureCountry><ManufacturerItemDescription>נסקוויק בר      שוקו25*6</ManufacturerItemDescription><SoldByWeight/><Quantity>30.00</Quantity><UnitOfMeasure>בודד</UnitOfMeasure><QtyInPackage>לא ידוע</QtyInPackage><UnitOfMeasurePrice>1.0967</UnitOfMeasurePrice><AllowDiscount>1</AllowDiscount><ItemStatus>1</ItemStatus><ItemPrice>32.90</ItemPrice></item><item><PriceUpdateDate>2016-05-30 22:01:54</PriceUpdateDate><ItemCode>7290000405490</ItemCode><ItemType>1</ItemType><ItemName>טמפוני טמפקס פלאש סו</ItemName><ManufacturerName>פרוקטר אנד גמבל</ManufacturerName><ManufactureCountry>הונגריה</ManufactureCountry><ManufacturerItemDescription>טמפקס פלאש סופר 30 יח'</ManufacturerItemDescription><SoldByWeight/><Quantity>0.00</Quantity><UnitOfMeasure>יח'</UnitOfMeasure><QtyInPackage>לא ידוע</QtyInPackage><UnitOfMeasurePrice>0.0000</UnitOfMeasurePrice><AllowDiscount>1</AllowDiscount><ItemStatus>1</ItemStatus><ItemPrice>32.90</ItemPrice></item><item><PriceUpdateDate>2016-05-30 22:01:55</PriceUpdateDate><ItemCode>7290000405506</ItemCode><ItemType>1</ItemType><ItemName>טמפוני טמפקס פלאש סו</ItemName><ManufacturerName>פרוקטר אנד גמבל</ManufacturerName><ManufactureCountry>הונגריה</ManufactureCountry><ManufacturerItemDescription>טמפקס פלאש      פלוס30יח</ManufacturerItemDescription><SoldByWeight/><Quantity>0.00</Quantity><UnitOfMeasure>יח'</UnitOfMeasure><QtyInPackage>לא ידוע</QtyInPackage><UnitOfMeasurePrice>0.0000</UnitOfMeasurePrice><AllowDiscount>1</AllowDiscount><ItemStatus>1</ItemStatus><ItemPrice>32.90</ItemPrice></item><item><PriceUpdateDate>2016-05-17 09:15:08</PriceUpdateDate><ItemCode>7290000405537</ItemCode><ItemType>1</ItemType><ItemName>שוקולד מילקה אגוז 10</ItemName><ManufacturerName>מילקה</ManufacturerName><ManufactureCountry>גרמניה</ManufactureCountry><ManufacturerItemDescription>מברשת שיניים    לאי 0-2</ManufacturerItemDescription><SoldByWeight/><Quantity>100.00</Quantity><UnitOfMeasure>גרם     </UnitOfMeasure><QtyInPackage>לא ידוע</QtyInPackage><UnitOfMeasurePrice>0.0890</UnitOfMeasurePrice><AllowDiscount>1</AllowDiscount><ItemStatus>1</ItemStatus><ItemPrice>8.90</ItemPrice></item><item><PriceUpdateDate>2016-05-30 22:01:55</PriceUpdateDate><ItemCode>7290000406381</ItemCode><ItemType>1</ItemType><ItemName>בקרדי בריזר לימון 27</ItemName><ManufacturerName>בקרדי</ManufacturerName><ManufactureCountry>גרמניה</ManufactureCountry><ManufacturerItemDescription>מרכך בדין960מ    חדש 960</ManufacturerItemDescription><SoldByWeight/><Quantity>275.00</Quantity><UnitOfMeasure>מ"ל</UnitOfMeasure><QtyInPackage>לא ידוע</QtyInPackage><UnitOfMeasurePrice>0.0582</UnitOfMeasurePrice><AllowDiscount>1</AllowDiscount><ItemStatus>1</ItemStatus><ItemPrice>16.00</ItemPrice></item><item><PriceUpdateDate>2016-05-30 22:01:55</PriceUpdateDate><ItemCode>7290000406398</ItemCode><ItemType>1</ItemType><ItemName>בקרדי בריזראננס 275</ItemName><ManufacturerName>בקרדי</ManufacturerName><ManufactureCountry>גרמניה</ManufactureCountry><ManufacturerItemDescription>בקרדי בריזר אננס 275 מל</ManufacturerItemDescription><SoldByWeight/><Quantity>275.00</Quantity><UnitOfMeasure>מ"ל</UnitOfMeasure><QtyInPackage>לא ידוע</QtyInPackage><UnitOfMeasurePrice>0.0582</UnitOfMeasurePrice><AllowDiscount>1</AllowDiscount><ItemStatus>1</ItemStatus><ItemPrice>16.00</ItemPrice></item><item><PriceUpdateDate>2016-05-30 22:01:55</PriceUpdateDate><ItemCode>7290000406404</ItemCode><ItemType>1</ItemType><ItemName>בקרדי בריזר אבטיח 27</ItemName><ManufacturerName>בריזר</ManufacturerName><ManufactureCountry>גרמניה</ManufactureCountry><ManufacturerItemDescription>בקרדי בריזר אבטיח 275 מל</ManufacturerItemDescription><SoldByWeight/><Quantity>275.00</Quantity><UnitOfMeasure>מ"ל</UnitOfMeasure><QtyInPackage>לא ידוע</QtyInPackage><UnitOfMeasurePrice>0.0582</UnitOfMeasurePrice><AllowDiscount>1</AllowDiscount><ItemStatus>1</ItemStatus><ItemPrice>16.00</ItemPrice></item><item><PriceUpdateDate>2016-05-01 21:45:57</PriceUpdateDate><ItemCode>7290000406756</ItemCode><ItemType>1</ItemType><ItemName>מב פיניש טבליות 20 ק</ItemName><ManufacturerName>פיניש</ManufacturerName><ManufactureCountry>פולין</ManufactureCountry><ManufacturerItemDescription>מב פיניש טבליות 20 ק</ManufacturerItemDescription><SoldByWeight/><Quantity>20.00</Quantity><UnitOfMeasure>יח'</UnitOfMeasure><QtyInPackage>לא ידוע</QtyInPackage><UnitOfMeasurePrice>1.2450</UnitOfMeasurePrice><AllowDiscount>1</AllowDiscount><ItemStatus>1</ItemStatus><ItemPrice>24.90</ItemPrice></item><item><PriceUpdateDate>2016-05-30 22:01:55</PriceUpdateDate><ItemCode>7290000406831</ItemCode><ItemType>1</ItemType><ItemName>מב מטהר אויר איירויק</ItemName><ManufacturerName>איירויק</ManufacturerName><ManufactureCountry>פולין</ManufactureCountry><ManufacturerItemDescription>מב מטהר אויר איירויק</ManufacturerItemDescription><SoldByWeight/><Quantity>345.00</Quantity><UnitOfMeasure>מ"ל</UnitOfMeasure><QtyInPackage>לא ידוע</QtyInPackage><UnitOfMeasurePrice>0.0432</UnitOfMeasurePrice><AllowDiscount>1</AllowDiscount><ItemStatus>1</ItemStatus><ItemPrice>14.90</ItemPrice></item><item><PriceUpdateDate>2016-05-30 22:01:55</PriceUpdateDate><ItemCode>7290000406855</ItemCode><ItemType>1</ItemType><ItemName>ריבת מעדן משמש ללא ס</ItemName><ManufacturerName>סאן דלפור</ManufacturerName><ManufactureCountry>ישראל</ManufactureCountry><ManufacturerItemDescription>ריבת מעדן משמש ללא ס</ManufacturerItemDescription><SoldByWeight/><Quantity>284.00</Quantity><UnitOfMeasure>גרם     </UnitOfMeasure><QtyInPackage>לא ידוע</QtyInPackage><UnitOfMeasurePrice>0.0630</UnitOfMeasurePrice><AllowDiscount>1</AllowDiscount><ItemStatus>1</ItemStatus><ItemPrice>17.90</ItemPrice></item><item><PriceUpdateDate>2016-05-30 22:01:55</PriceUpdateDate><ItemCode>7290000406862</ItemCode><ItemType>1</ItemType><ItemName>ריבת מעדן דובדבן שחו</ItemName><ManufacturerName>סאן דלפור</ManufacturerName><ManufactureCountry>ישראל</ManufactureCountry><ManufacturerItemDescription>מעדן דובדבנים שחורים 284</ManufacturerItemDescription><SoldByWeight/><Quantity>284.00</Quantity><UnitOfMeasure>גרם     </UnitOfMeasure><QtyInPackage>לא ידוע</QtyInPackage><UnitOfMeasurePrice>0.0630</UnitOfMeasurePrice><AllowDiscount>1</AllowDiscount><ItemStatus>1</ItemStatus><ItemPrice>17.90</ItemPrice></item><item><PriceUpdateDate>2016-05-30 22:01:55</PriceUpdateDate><ItemCode>7290000406879</ItemCode><ItemType>1</ItemType><ItemName>ריבת מעדן אוכמניות ל</ItemName><ManufacturerName>סאן דלפור</ManufacturerName><ManufactureCountry>ישראל</ManufactureCountry><ManufacturerItemDescription>מעדן אוכמניות כחולות 284</ManufacturerItemDescription><SoldByWeight/><Quantity>284.00</Quantity><UnitOfMeasure>גרם     </UnitOfMeasure><QtyInPackage>לא ידוע</QtyInPackage><UnitOfMeasurePrice>0.0630</UnitOfMeasurePrice><AllowDiscount>1</AllowDiscount><ItemStatus>1</ItemStatus><ItemPrice>17.90</ItemPrice></item><item><PriceUpdateDate>2016-05-30 22:01:55</PriceUpdateDate><ItemCode>7290000406886</ItemCode><ItemType>1</ItemType><ItemName>ריבת מעדן 4 פירות לל</ItemName><ManufacturerName>סאן דלפור</ManufacturerName><ManufactureCountry>ישראל</ManufactureCountry><ManufacturerItemDescription>מעדן ארבע פירות 284 גרם</ManufacturerItemDescription><SoldByWeight/><Quantity>284.00</Quantity><UnitOfMeasure>גרם     </UnitOfMeasure><QtyInPackage>לא ידוע</QtyInPackage><UnitOfMeasurePrice>0.0630</UnitOfMeasurePrice><AllowDiscount>1</AllowDiscount><ItemStatus>1</ItemStatus><ItemPrice>17.90</ItemPrice></item><item><PriceUpdateDate>2016-05-30 22:01:55</PriceUpdateDate><ItemCode>7290000406893</ItemCode><ItemType>1</ItemType><ItemName>ריבת מעדן תפוז ללא ס</ItemName><ManufacturerName>סאן דלפור</ManufacturerName><ManufactureCountry>ישראל</ManufactureCountry><ManufacturerItemDescription>ריבת מעדן תפוז ללא ס</ManufacturerItemDescription><SoldByWeight/><Quantity>284.00</Quantity><UnitOfMeasure>גרם     </UnitOfMeasure><QtyInPackage>לא ידוע</QtyInPackage><UnitOfMeasurePrice>0.0630</UnitOfMeasurePrice><AllowDiscount>1</AllowDiscount><ItemStatus>1</ItemStatus><ItemPrice>17.90</ItemPrice></item><item><PriceUpdateDate>2016-05-30 22:01:55</PriceUpdateDate><ItemCode>7290000406923</ItemCode><ItemType>1</ItemType><ItemName>ריבת מעדן פטל ללא סו</ItemName><ManufacturerName>סאן דלפור</ManufacturerName><ManufactureCountry>ישראל</ManufactureCountry><ManufacturerItemDescription>מעדן פטל 284 גר</ManufacturerItemDescription><SoldByWeight/><Quantity>284.00</Quantity><UnitOfMeasure>גרם     </UnitOfMeasure><QtyInPackage>לא ידוע</QtyInPackage><UnitOfMeasurePrice>0.0630</UnitOfMeasurePrice><AllowDiscount>1</AllowDiscount><ItemStatus>1</ItemStatus><ItemPrice>17.90</ItemPrice></item><item><PriceUpdateDate>2016-05-30 22:01:55</PriceUpdateDate><ItemCode>7290000406930</ItemCode><ItemType>1</ItemType><ItemName>ריבת מעדן תות שדה לל</ItemName><ManufacturerName>סאן דלפור</ManufacturerName><ManufactureCountry>ישראל</ManufactureCountry><ManufacturerItemDescription>מעדן תות שדה 284 גר</ManufacturerItemDescription><SoldByWeight/><Quantity>284.00</Quantity><UnitOfMeasure>גרם     </UnitOfMeasure><QtyInPackage>לא ידוע</QtyInPackage><UnitOfMeasurePrice>0.0630</UnitOfMeasurePrice><AllowDiscount>1</AllowDiscount><ItemStatus>1</ItemStatus><ItemPrice>17.90</ItemPrice></item><item><PriceUpdateDate>2016-05-30 22:01:55</PriceUpdateDate><ItemCode>7290000406947</ItemCode><ItemType>1</ItemType><ItemName>ריבת מעדן תפוז+ג'ינג</ItemName><ManufacturerName>סאן דלפור</ManufacturerName><ManufactureCountry>ישראל</ManufactureCountry><ManufacturerItemDescription>ריבת מעדן תפוז+ג'ינג</ManufacturerItemDescription><SoldByWeight/><Quantity>284.00</Quantity><UnitOfMeasure>גרם     </UnitOfMeasure><QtyInPackage>לא ידוע</QtyInPackage><UnitOfMeasurePrice>0.0630</UnitOfMeasurePrice><AllowDiscount>1</AllowDiscount><ItemStatus>1</ItemStatus><ItemPrice>17.90</ItemPrice></item><item><PriceUpdateDate>2015-11-13 10:30:11</PriceUpdateDate><ItemCode>7290000406992</ItemCode><ItemType>1</ItemType><ItemName>ממחטות קלינקס אולטרא</ItemName><ManufacturerName>קלינקס</ManufacturerName><ManufactureCountry>איטליה</ManufactureCountry><ManufacturerItemDescription>סיף קרם לימון   מון 500מ</ManufacturerItemDescription><SoldByWeight/><Quantity>1.00</Quantity><UnitOfMeasure>יח'</UnitOfMeasure><QtyInPackage>לא ידוע</QtyInPackage><UnitOfMeasurePrice>12.4000</UnitOfMeasurePrice><AllowDiscount>1</AllowDiscount><ItemStatus>1</ItemStatus><ItemPrice>12.40</ItemPrice></item><item><PriceUpdateDate>2016-05-01 21:45:58</PriceUpdateDate><ItemCode>7290000407005</ItemCode><ItemType>1</ItemType><ItemName>מב נייר טואלט קלינקס</ItemName><ManufacturerName>קלינקס</ManufacturerName><ManufactureCountry>ישראל</ManufactureCountry><ManufacturerItemDescription>נ.ט.קלינקס 1/9 לבן 275  מ</ManufacturerItemDescription><SoldByWeight/><Quantity>276.00</Quantity><UnitOfMeasure>מטר</UnitOfMeasure><QtyInPackage>לא ידוע</QtyInPackage><UnitOfMeasurePrice>0.1192</UnitOfMeasurePrice><AllowDiscount>1</AllowDiscount><ItemStatus>1</ItemStatus><ItemPrice>32.90</ItemPrice></item><item><PriceUpdateDate>2016-05-02 08:05:30</PriceUpdateDate><ItemCode>7290000407081</ItemCode><ItemType>1</ItemType><ItemName>מב תחבושות קוטקס נור</ItemName><ManufacturerName>קוטקס</ManufacturerName><ManufactureCountry>ישראל</ManufactureCountry><ManufacturerItemDescription>קוטקס תחבושות נורמל+כנפ.2</ManufacturerItemDescription><SoldByWeight/><Quantity>28.00</Quantity><UnitOfMeasure>בודד</UnitOfMeasure><QtyInPackage>לא ידוע</QtyInPackage><UnitOfMeasurePrice>0.6036</UnitOfMeasurePrice><AllowDiscount>1</AllowDiscount><ItemStatus>1</ItemStatus><ItemPrice>16.90</ItemPrice></item><item><PriceUpdateDate>2016-05-02 08:05:30</PriceUpdateDate><ItemCode>7290000407098</ItemCode><ItemType>1</ItemType><ItemName>מב תחבושות קוטקס סופ</ItemName><ManufacturerName>קוטקס</ManufacturerName><ManufactureCountry>ישראל</ManufactureCountry><ManufacturerItemDescription>קוטקס תחבושות סופר+כנפ.24</ManufacturerItemDescription><SoldByWeight/><Quantity>24.00</Quantity><UnitOfMeasure>בודד</UnitOfMeasure><QtyInPackage>לא ידוע</QtyInPackage><UnitOfMeasurePrice>0.7042</UnitOfMeasurePrice><AllowDiscount>1</AllowDiscount><ItemStatus>1</ItemStatus><ItemPrice>16.90</ItemPrice></item><item><PriceUpdateDate>2016-05-02 08:05:30</PriceUpdateDate><ItemCode>7290000407166</ItemCode><ItemType>1</ItemType><ItemName>מב תחבושות קוטקס ניי</ItemName><ManufacturerName>קוטקס</ManufacturerName><ManufactureCountry>ישראל</ManufactureCountry><ManufacturerItemDescription>מב תחבושות קוטקס ניי</ManufacturerItemDescription><SoldByWeight/><Quantity>16.00</Quantity><UnitOfMeasure>בודד</UnitOfMeasure><QtyInPackage>לא ידוע</QtyInPackage><UnitOfMeasurePrice>1.0562</UnitOfMeasurePrice><AllowDiscount>1</AllowDiscount><ItemStatus>1</ItemStatus><ItemPrice>16.90</ItemPrice></item><item><PriceUpdateDate>2015-11-13 10:30:03</PriceUpdateDate><ItemCode>7290000407296</ItemCode><ItemType>1</ItemType><ItemName>טמפוני קוטקס מיני 32</ItemName><ManufacturerName>קוטקס</ManufacturerName><ManufactureCountry>ישראל</ManufactureCountry><ManufacturerItemDescription>טמפוני קוטקס    מיני</ManufacturerItemDescription><SoldByWeight/><Quantity>32.00</Quantity><UnitOfMeasure>בודד</UnitOfMeasure><QtyInPackage>לא ידוע</QtyInPackage><UnitOfMeasurePrice>1.0969</UnitOfMeasurePrice><AllowDiscount>1</AllowDiscount><ItemStatus>1</ItemStatus><ItemPrice>35.10</ItemPrice></item><item><PriceUpdateDate>2015-10-20 11:18:39</PriceUpdateDate><ItemCode>7290000407425</ItemCode><ItemType>1</ItemType><ItemName>אבקת חלב סימילאק טופ</ItemName><ManufacturerName>לא ממותג</ManufacturerName><ManufactureCountry>אירלנד</ManufactureCountry><ManufacturerItemDescription>דאו.רקסונה      יב150מ</ManufacturerItemDescription><SoldByWeight/><Quantity>900.00</Quantity><UnitOfMeasure>גרם     </UnitOfMeasure><QtyInPackage>לא ידוע</QtyInPackage><UnitOfMeasurePrice>0.1003</UnitOfMeasurePrice><AllowDiscount>1</AllowDiscount><ItemStatus>1</ItemStatus><ItemPrice>90.30</ItemPrice></item><item><PriceUpdateDate>2015-11-12 17:38:38</PriceUpdateDate><ItemCode>7290000407463</ItemCode><ItemType>1</ItemType><ItemName>גליליות וופל אגוזים</ItemName><ManufacturerName>גולדן בריק</ManufacturerName><ManufactureCountry>יוון</ManufactureCountry><ManufacturerItemDescription>גליליות קרם אגוז+קקאו400</ManufacturerItemDescription><SoldByWeight/><Quantity>400.00</Quantity><UnitOfMeasure>גרם     </UnitOfMeasure><QtyInPackage>לא ידוע</QtyInPackage><UnitOfMeasurePrice>0.0508</UnitOfMeasurePrice><AllowDiscount>1</AllowDiscount><ItemStatus>1</ItemStatus><ItemPrice>20.30</ItemPrice></item><item><PriceUpdateDate>2016-05-30 22:01:56</PriceUpdateDate><ItemCode>7290000407975</ItemCode><ItemType>1</ItemType><ItemName>ביסקויט לוטוס קרמל 3</ItemName><ManufacturerName>לוטוס</ManufacturerName><ManufactureCountry>בלגיה</ManufactureCountry><ManufacturerItemDescription>ביסקוויט לוטוס  רוז 50יח</ManufacturerItemDescription><SoldByWeight/><Quantity>312.00</Quantity><UnitOfMeasure>גרם     </UnitOfMeasure><QtyInPackage>לא ידוע</QtyInPackage><UnitOfMeasurePrice>0.0564</UnitOfMeasurePrice><AllowDiscount>1</AllowDiscount><ItemStatus>1</ItemStatus><ItemPrice>17.60</ItemPrice></item><item><PriceUpdateDate>2016-05-30 22:01:56</PriceUpdateDate><ItemCode>7290000407982</ItemCode><ItemType>1</ItemType><ItemName>מב ביסקוויט לוטוס קר</ItemName><ManufacturerName>לוטוס</ManufacturerName><ManufactureCountry>בלגיה</ManufactureCountry><ManufacturerItemDescription>ביסקויט לוטוס   .קרמל250</ManufacturerItemDescription><SoldByWeight/><Quantity>250.00</Quantity><UnitOfMeasure>גרם     </UnitOfMeasure><QtyInPackage>לא ידוע</QtyInPackage><UnitOfMeasurePrice>0.0356</UnitOfMeasurePrice><AllowDiscount>1</AllowDiscount><ItemStatus>1</ItemStatus><ItemPrice>8.90</ItemPrice></item><item><PriceUpdateDate>2016-05-30 22:01:56</PriceUpdateDate><ItemCode>7290000408033</ItemCode><ItemType>1</ItemType><ItemName>בירה לף ברון 330 מ"ל</ItemName><ManufacturerName>לף</ManufacturerName><ManufactureCountry>בלגיה</ManufactureCountry><ManufacturerItemDescription>בירה לף ברון    וק 300מל</ManufacturerItemDescription><SoldByWeight/><Quantity>330.00</Quantity><UnitOfMeasure>מ"ל</UnitOfMeasure><QtyInPackage>לא ידוע</QtyInPackage><UnitOfMeasurePrice>0.0452</UnitOfMeasurePrice><AllowDiscount>1</AllowDiscount><ItemStatus>1</ItemStatus><ItemPrice>14.90</ItemPrice></item><item><PriceUpdateDate>2016-05-02 08:05:31</PriceUpdateDate><ItemCode>7290000408064</ItemCode><ItemType>1</ItemType><ItemName>מב וודקה סמירנוף איי</ItemName><ManufacturerName>סמירנוף אייס</ManufacturerName><ManufactureCountry>איטליה</ManufactureCountry><ManufacturerItemDescription>ממתיק הרמזית    ת</ManufacturerItemDescription><SoldByWeight/><Quantity>275.00</Quantity><UnitOfMeasure>מ"ל</UnitOfMeasure><QtyInPackage>לא ידוע</QtyInPackage><UnitOfMeasurePrice>0.0360</UnitOfMeasurePrice><AllowDiscount>1</AllowDiscount><ItemStatus>1</ItemStatus><ItemPrice>9.90</ItemPrice></item><item><PriceUpdateDate>2016-05-18 17:54:57</PriceUpdateDate><ItemCode>7290000408231</ItemCode><ItemType>1</ItemType><ItemName>אריאל  שושן צחור 1.2</ItemName><ManufacturerName>אריאל</ManufacturerName><ManufactureCountry>ישראל</ManufactureCountry><ManufacturerItemDescription>א.כביסה אריאל שושן צחור1.</ManufacturerItemDescription><SoldByWeight/><Quantity>1250.00</Quantity><UnitOfMeasure>גרם     </UnitOfMeasure><QtyInPackage>לא ידוע</QtyInPackage><UnitOfMeasurePrice>0.0159</UnitOfMeasurePrice><AllowDiscount>1</AllowDiscount><ItemStatus>1</ItemStatus><ItemPrice>19.90</ItemPrice></item><item><PriceUpdateDate>2015-10-11 18:10:43</PriceUpdateDate><ItemCode>7290000408316</ItemCode><ItemType>1</ItemType><ItemName>דנונה טבעי 3% 200 גר</ItemName><ManufacturerName>דנונה</ManufacturerName><ManufactureCountry>ישראל</ManufactureCountry><ManufacturerItemDescription>דנונה 200 3%- גרם</ManufacturerItemDescription><SoldByWeight/><Quantity>200.00</Quantity><UnitOfMeasure>גרם     </UnitOfMeasure><QtyInPackage>לא ידוע</QtyInPackage><UnitOfMeasurePrice>0.0200</UnitOfMeasurePrice><AllowDiscount>1</AllowDiscount><ItemStatus>1</ItemStatus><ItemPrice>4.00</ItemPrice></item><item><PriceUpdateDate>2016-03-16 15:40:40</PriceUpdateDate><ItemCode>7290000408354</ItemCode><ItemType>1</ItemType><ItemName>דנונה בר עם פצפוצי ש</ItemName><ManufacturerName>דנונה</ManufacturerName><ManufactureCountry>ישראל</ManufactureCountry><ManufacturerItemDescription>דנונה+דגנים שוקולד200 1/2</ManufacturerItemDescription><SoldByWeight/><Quantity>173.00</Quantity><UnitOfMeasure>גרם     </UnitOfMeasure><QtyInPackage>לא ידוע</QtyInPackage><UnitOfMeasurePrice>0.0260</UnitOfMeasurePrice><AllowDiscount>1</AllowDiscount><ItemStatus>1</ItemStatus><ItemPrice>4.50</ItemPrice></item><item><PriceUpdateDate>2016-05-30 22:01:56</PriceUpdateDate><ItemCode>7290000408460</ItemCode><ItemType>1</ItemType><ItemName>אבקת כביסה אריאל שוש</ItemName><ManufacturerName>אריאל</ManufacturerName><ManufactureCountry>ישראל</ManufactureCountry><ManufacturerItemDescription>אבקת כביסה אריאל שוש</ManufacturerItemDescription><SoldByWeight/><Quantity>5000.00</Quantity><UnitOfMeasure>גרם     </UnitOfMeasure><QtyInPackage>לא ידוע</QtyInPackage><UnitOfMeasurePrice>0.0104</UnitOfMeasurePrice><AllowDiscount>1</AllowDiscount><ItemStatus>1</ItemStatus><ItemPrice>51.90</ItemPrice></item><item><PriceUpdateDate>2016-03-01 06:42:12</PriceUpdateDate><ItemCode>7290000408477</ItemCode><ItemType>1</ItemType><ItemName>אבקת כביסה טייד אלפי</ItemName><ManufacturerName>טייד</ManufacturerName><ManufactureCountry>ישראל</ManufactureCountry><ManufacturerItemDescription>אבקת כביסה טייד אלפי</ManufacturerItemDescription><SoldByWeight/><Quantity>5000.00</Quantity><UnitOfMeasure>גרם     </UnitOfMeasure><QtyInPackage>לא ידוע</QtyInPackage><UnitOfMeasurePrice>0.0100</UnitOfMeasurePrice><AllowDiscount>1</AllowDiscount><ItemStatus>1</ItemStatus><ItemPrice>49.90</ItemPrice></item><item><PriceUpdateDate>2016-05-01 21:45:58</PriceUpdateDate><ItemCode>7290000408521</ItemCode><ItemType>1</ItemType><ItemName>פופקורן הוט פופ לייט</ItemName><ManufacturerName>ליימן חטיבת המותגים</ManufacturerName><ManufactureCountry>ארצות הברית</ManufactureCountry><ManufacturerItemDescription>אג'קס ניקוי כללילימון 2ל</ManufacturerItemDescription><SoldByWeight/><Quantity>510.00</Quantity><UnitOfMeasure>גרם     </UnitOfMeasure><QtyInPackage>לא ידוע</QtyInPackage><UnitOfMeasurePrice>0.0292</UnitOfMeasurePrice><AllowDiscount>1</AllowDiscount><ItemStatus>1</ItemStatus><ItemPrice>14.90</ItemPrice></item><item><PriceUpdateDate>2016-05-01 21:45:58</PriceUpdateDate><ItemCode>7290000408569</ItemCode><ItemType>1</ItemType><ItemName>פופקורן הוט פופ 100</ItemName><ManufacturerName>ליימן חטיבת המותגים</ManufacturerName><ManufactureCountry>ארצות הברית</ManufactureCountry><ManufacturerItemDescription>אג'קס לחלונות   7מל</ManufacturerItemDescription><SoldByWeight/><Quantity>160.00</Quantity><UnitOfMeasure>גרם     </UnitOfMeasure><QtyInPackage>לא ידוע</QtyInPackage><UnitOfMeasurePrice>0.0931</UnitOfMeasurePrice><AllowDiscount>1</AllowDiscount><ItemStatus>1</ItemStatus><ItemPrice>14.90</ItemPrice></item><item><PriceUpdateDate>2016-06-08 11:06:16</PriceUpdateDate><ItemCode>7290000408576</ItemCode><ItemType>1</ItemType><ItemName>מב עלי טורטייה 340 ג</ItemName><ManufacturerName>מסטמכר</ManufacturerName><ManufactureCountry>ישראל</ManufactureCountry><ManufacturerItemDescription>מב עלי טורטייה 340 ג</ManufacturerItemDescription><SoldByWeight/><Quantity>340.00</Quantity><UnitOfMeasure>גרם     </UnitOfMeasure><QtyInPackage>לא ידוע</QtyInPackage><UnitOfMeasurePrice>0.0379</UnitOfMeasurePrice><AllowDiscount>1</AllowDiscount><ItemStatus>1</ItemStatus><ItemPrice>12.90</ItemPrice></item><item><PriceUpdateDate>2016-05-02 08:05:31</PriceUpdateDate><ItemCode>7290000408606</ItemCode><ItemType>1</ItemType><ItemName>מב דגני בוקר נסקוויק</ItemName><ManufacturerName>נסקוויק</ManufacturerName><ManufactureCountry>פולין</ManufactureCountry><ManufacturerItemDescription>זוג משחות שינייםדום100*2</ManufacturerItemDescription><SoldByWeight/><Quantity>500.00</Quantity><UnitOfMeasure>גרם     </UnitOfMeasure><QtyInPackage>לא ידוע</QtyInPackage><UnitOfMeasurePrice>0.0398</UnitOfMeasurePrice><AllowDiscount>1</AllowDiscount><ItemStatus>1</ItemStatus><ItemPrice>19.90</ItemPrice></item><item><PriceUpdateDate>2016-05-02 08:05:31</PriceUpdateDate><ItemCode>7290000408965</ItemCode><ItemType>1</ItemType><ItemName>משקה אנרגיה אקסל 250</ItemName><ManufacturerName>XL</ManufacturerName><ManufactureCountry>ישראל</ManufactureCountry><ManufacturerItemDescription>משקה אנרגיה XL מל</ManufacturerItemDescription><SoldByWeight/><Quantity>250.00</Quantity><UnitOfMeasure>מ"ל</UnitOfMeasure><QtyInPackage>לא ידוע</QtyInPackage><UnitOfMeasurePrice>0.0120</UnitOfMeasurePrice><AllowDiscount>1</AllowDiscount><ItemStatus>1</ItemStatus><ItemPrice>3.00</ItemPrice></item><item><PriceUpdateDate>2016-05-02 08:05:31</PriceUpdateDate><ItemCode>7290000408989</ItemCode><ItemType>1</ItemType><ItemName>משקה אנרגיה XL ללא ס</ItemName><ManufacturerName>XL</ManufacturerName><ManufactureCountry>ישראל</ManufactureCountry><ManufacturerItemDescription>משקה אנרגיה XL דיאט 250 מ</ManufacturerItemDescription><SoldByWeight/><Quantity>250.00</Quantity><UnitOfMeasure>מ"ל</UnitOfMeasure><QtyInPackage>לא ידוע</QtyInPackage><UnitOfMeasurePrice>0.0120</UnitOfMeasurePrice><AllowDiscount>1</AllowDiscount><ItemStatus>1</ItemStatus><ItemPrice>3.00</ItemPrice></item><item><PriceUpdateDate>2016-05-30 22:01:56</PriceUpdateDate><ItemCode>7290000409146</ItemCode><ItemType>1</ItemType><ItemName>ברנדי שטוק 84  750 מ</ItemName><ManufacturerName>שטוק 84</ManufacturerName><ManufactureCountry>ישראל</ManufactureCountry><ManufacturerItemDescription>ברנדי שטוק 750 84 מל</ManufacturerItemDescription><SoldByWeight/><Quantity>750.00</Quantity><UnitOfMeasure>מ"ל</UnitOfMeasure><QtyInPackage>לא ידוע</QtyInPackage><UnitOfMeasurePrice>0.0905</UnitOfMeasurePrice><AllowDiscount>1</AllowDiscount><ItemStatus>1</ItemStatus><ItemPrice>67.90</ItemPrice></item><item><PriceUpdateDate>2016-05-30 22:01:56</PriceUpdateDate><ItemCode>7290000409245</ItemCode><ItemType>1</ItemType><ItemName>מב יין קלאסיק אמרלד</ItemName><ManufacturerName>ברקן קלאסיק</ManufacturerName><ManufactureCountry>ישראל</ManufactureCountry><ManufacturerItemDescription>יין קלאסיק אמרלד ריזלינג</ManufacturerItemDescription><SoldByWeight/><Quantity>750.00</Quantity><UnitOfMeasure>מ"ל</UnitOfMeasure><QtyInPackage>לא ידוע</QtyInPackage><UnitOfMeasurePrice>0.0385</UnitOfMeasurePrice><AllowDiscount>1</AllowDiscount><ItemStatus>1</ItemStatus><ItemPrice>28.90</ItemPrice></item><item><PriceUpdateDate>2016-05-30 22:01:56</PriceUpdateDate><ItemCode>7290000409276</ItemCode><ItemType>1</ItemType><ItemName>מב יין קלאסיק שיראז</ItemName><ManufacturerName>ברקן קלאסיק</ManufacturerName><ManufactureCountry>ישראל</ManufactureCountry><ManufacturerItemDescription>יין קלאסיק שיראז 750 מל</ManufacturerItemDescription><SoldByWeight/><Quantity>750.00</Quantity><UnitOfMeasure>מ"ל</UnitOfMeasure><QtyInPackage>לא ידוע</QtyInPackage><UnitOfMeasurePrice>0.0385</UnitOfMeasurePrice><AllowDiscount>1</AllowDiscount><ItemStatus>1</ItemStatus><ItemPrice>28.90</ItemPrice></item><item><PriceUpdateDate>2016-03-01 06:48:31</PriceUpdateDate><ItemCode>7290000409351</ItemCode><ItemType>1</ItemType><ItemName>מב וודקה קגלביץ קלאס</ItemName><ManufacturerName>קגלביץ</ManufacturerName><ManufactureCountry>ישראל</ManufactureCountry><ManufacturerItemDescription>וודקה קגלביץ קלאסיקה 700</ManufacturerItemDescription><SoldByWeight/><Quantity>700.00</Quantity><UnitOfMeasure>מ"ל</UnitOfMeasure><QtyInPackage>לא ידוע</QtyInPackage><UnitOfMeasurePrice>0.0970</UnitOfMeasurePrice><AllowDiscount>1</AllowDiscount><ItemStatus>1</ItemStatus><ItemPrice>67.90</ItemPrice></item><item><PriceUpdateDate>2016-06-13 13:03:30</PriceUpdateDate><ItemCode>7290000409481</ItemCode><ItemType>1</ItemType><ItemName>יופלה תות 3% 150 גרם</ItemName><ManufacturerName>יופלה</ManufacturerName><ManufactureCountry>ישראל</ManufactureCountry><ManufacturerItemDescription>יופלה תות 150 3% מל</ManufacturerItemDescription><SoldByWeight/><Quantity>150.00</Quantity><UnitOfMeasure>גרם     </UnitOfMeasure><QtyInPackage>לא ידוע</QtyInPackage><UnitOfMeasurePrice>0.0327</UnitOfMeasurePrice><AllowDiscount>1</AllowDiscount><ItemStatus>1</ItemStatus><ItemPrice>4.90</ItemPrice></item><item><PriceUpdateDate>2016-06-13 13:03:30</PriceUpdateDate><ItemCode>7290000409504</ItemCode><ItemType>1</ItemType><ItemName>יופלה דובדבן 3% 150</ItemName><ManufacturerName>יופלה</ManufacturerName><ManufactureCountry>ישראל</ManufactureCountry><ManufacturerItemDescription>יופלה דובדבן 150 3% מל</ManufacturerItemDescription><SoldByWeight/><Quantity>150.00</Quantity><UnitOfMeasure>גרם     </UnitOfMeasure><QtyInPackage>לא ידוע</QtyInPackage><UnitOfMeasurePrice>0.0327</UnitOfMeasurePrice><AllowDiscount>1</AllowDiscount><ItemStatus>1</ItemStatus><ItemPrice>4.90</ItemPrice></item><item><PriceUpdateDate>2016-06-13 13:03:30</PriceUpdateDate><ItemCode>7290000409511</ItemCode><ItemType>1</ItemType><ItemName>יופלה אפרסק 3% 150 ג</ItemName><ManufacturerName>יופלה</ManufacturerName><ManufactureCountry>ישראל</ManufactureCountry><ManufacturerItemDescription>יופלה אפרסק 150 3% מל</ManufacturerItemDescription><SoldByWeight/><Quantity>150.00</Quantity><UnitOfMeasure>גרם     </UnitOfMeasure><QtyInPackage>לא ידוע</QtyInPackage><UnitOfMeasurePrice>0.0327</UnitOfMeasurePrice><AllowDiscount>1</AllowDiscount><ItemStatus>1</ItemStatus><ItemPrice>4.90</ItemPrice></item><item><PriceUpdateDate>2015-11-12 14:34:22</PriceUpdateDate><ItemCode>7290000409566</ItemCode><ItemType>1</ItemType><ItemName>גבינה טוסטי אדם ישרא</ItemName><ManufacturerName>טוסטי</ManufacturerName><ManufactureCountry>ישראל</ManufactureCountry><ManufacturerItemDescription>גבינה מותכת טוסטי-אדם22%פ</ManufacturerItemDescription><SoldByWeight/><Quantity>200.00</Quantity><UnitOfMeasure>גרם     </UnitOfMeasure><QtyInPackage>לא ידוע</QtyInPackage><UnitOfMeasurePrice>0.0945</UnitOfMeasurePrice><AllowDiscount>1</AllowDiscount><ItemStatus>1</ItemStatus><ItemPrice>18.90</ItemPrice></item><item><PriceUpdateDate>2015-09-30 23:37:34</PriceUpdateDate><ItemCode>7290000409597</ItemCode><ItemType>1</ItemType><ItemName>קוטג' 5% בדצ 250 גרם</ItemName><ManufacturerName>קוטג תנובה</ManufacturerName><ManufactureCountry>ישראל</ManufactureCountry><ManufacturerItemDescription>קוטג250 5% גר.מהדרין</ManufacturerItemDescription><SoldByWeight/><Quantity>250.00</Quantity><UnitOfMeasure>גרם     </UnitOfMeasure><QtyInPackage>לא ידוע</QtyInPackage><UnitOfMeasurePrice>0.0228</UnitOfMeasurePrice><AllowDiscount>1</AllowDiscount><ItemStatus>1</ItemStatus><ItemPrice>5.70</ItemPrice></item><item><PriceUpdateDate>2015-10-11 18:10:31</PriceUpdateDate><ItemCode>7290000409610</ItemCode><ItemType>1</ItemType><ItemName>שמנת מועשרת 15% יטבת</ItemName><ManufacturerName>יטבתה</ManufacturerName><ManufactureCountry>ישראל</ManufactureCountry><ManufacturerItemDescription>שמנת יטבתה 200 מעושרת  פי</ManufacturerItemDescription><SoldByWeight/><Quantity>200.00</Quantity><UnitOfMeasure>מ"ל</UnitOfMeasure><QtyInPackage>לא ידוע</QtyInPackage><UnitOfMeasurePrice>0.0135</UnitOfMeasurePrice><AllowDiscount>1</AllowDiscount><ItemStatus>1</ItemStatus><ItemPrice>2.70</ItemPrice></item><item><PriceUpdateDate>2015-10-20 16:43:49</PriceUpdateDate><ItemCode>7290000409627</ItemCode><ItemType>1</ItemType><ItemName>לבן מועשר 4.5% יטבתה</ItemName><ManufacturerName>יטבתה</ManufacturerName><ManufactureCountry>ישראל</ManufactureCountry><ManufacturerItemDescription>לבן 4.5% יוטבתה 200 גרם</ManufacturerItemDescription><SoldByWeight/><Quantity>200.00</Quantity><UnitOfMeasure>מ"ל</UnitOfMeasure><QtyInPackage>לא ידוע</QtyInPackage><UnitOfMeasurePrice>0.0110</UnitOfMeasurePrice><AllowDiscount>1</AllowDiscount><ItemStatus>1</ItemStatus><ItemPrice>2.20</ItemPrice></item><item><PriceUpdateDate>2015-10-20 16:43:49</PriceUpdateDate><ItemCode>7290000409634</ItemCode><ItemType>1</ItemType><ItemName>לבן מועשר 3% יטבתה 2</ItemName><ManufacturerName>יטבתה</ManufacturerName><ManufactureCountry>ישראל</ManufactureCountry><ManufacturerItemDescription>לבן יוטבתה רווית200 3%מל</ManufacturerItemDescription><SoldByWeight/><Quantity>200.00</Quantity><UnitOfMeasure>מ"ל</UnitOfMeasure><QtyInPackage>לא ידוע</QtyInPackage><UnitOfMeasurePrice>0.0115</UnitOfMeasurePrice><AllowDiscount>1</AllowDiscount><ItemStatus>1</ItemStatus><ItemPrice>2.30</ItemPrice></item><item><PriceUpdateDate>2016-02-11 09:32:36</PriceUpdateDate><ItemCode>7290000409641</ItemCode><ItemType>1</ItemType><ItemName>חלב 3% בשקית 1 ליטר</ItemName><ManufacturerName>חלב תנובה</ManufacturerName><ManufactureCountry>ישראל</ManufactureCountry><ManufacturerItemDescription>חלב1 3% ל.שקית פיקוח</ManufacturerItemDescription><SoldByWeight/><Quantity>1000.00</Quantity><UnitOfMeasure>מ"ל</UnitOfMeasure><QtyInPackage>לא ידוע</QtyInPackage><UnitOfMeasurePrice>0.0050</UnitOfMeasurePrice><AllowDiscount>1</AllowDiscount><ItemStatus>1</ItemStatus><ItemPrice>5.00</ItemPrice></item><item><PriceUpdateDate>2016-02-14 10:59:55</PriceUpdateDate><ItemCode>7290000409665</ItemCode><ItemType>1</ItemType><ItemName>חלב על הבוקר 1% מועש</ItemName><ManufacturerName>חלב תנובה</ManufacturerName><ManufactureCountry>ישראל</ManufactureCountry><ManufacturerItemDescription>חלב 1% על הבוקר קרטון+פקק</ManufacturerItemDescription><SoldByWeight/><Quantity>1000.00</Quantity><UnitOfMeasure>מ"ל</UnitOfMeasure><QtyInPackage>לא ידוע</QtyInPackage><UnitOfMeasurePrice>0.0089</UnitOfMeasurePrice><AllowDiscount>1</AllowDiscount><ItemStatus>1</ItemStatus><ItemPrice>8.90</ItemPrice></item><item><PriceUpdateDate>2016-04-24 08:40:47</PriceUpdateDate><ItemCode>7290000409689</ItemCode><ItemType>1</ItemType><ItemName>חלב כד 1% שומן 2 ליט</ItemName><ManufacturerName>חלב תנובה</ManufacturerName><ManufactureCountry>ישראל</ManufactureCountry><ManufacturerItemDescription>חלב2 1% ל.בכד</ManufacturerItemDescription><SoldByWeight/><Quantity>2000.00</Quantity><UnitOfMeasure>מ"ל</UnitOfMeasure><QtyInPackage>לא ידוע</QtyInPackage><UnitOfMeasurePrice>0.0054</UnitOfMeasurePrice><AllowDiscount>1</AllowDiscount><ItemStatus>1</ItemStatus><ItemPrice>10.80</ItemPrice></item><item><PriceUpdateDate>2016-04-24 08:40:47</PriceUpdateDate><ItemCode>7290000409696</ItemCode><ItemType>1</ItemType><ItemName>חלב כד 3% 2 ליטר</ItemName><ManufacturerName>חלב תנובה</ManufacturerName><ManufactureCountry>ישראל</ManufactureCountry><ManufacturerItemDescription>חלב 2 3% ליטר בכד</ManufacturerItemDescription><SoldByWeight/><Quantity>2000.00</Quantity><UnitOfMeasure>מ"ל</UnitOfMeasure><QtyInPackage>לא ידוע</QtyInPackage><UnitOfMeasurePrice>0.0058</UnitOfMeasurePrice><AllowDiscount>1</AllowDiscount><ItemStatus>1</ItemStatus><ItemPrice>11.50</ItemPrice></item><item><PriceUpdateDate>2015-10-11 18:10:31</PriceUpdateDate><ItemCode>7290000409719</ItemCode><ItemType>1</ItemType><ItemName>חלב מועשר יטבתה 3% ב</ItemName><ManufacturerName>יטבתה</ManufacturerName><ManufactureCountry>ישראל</ManufactureCountry><ManufacturerItemDescription>חלב1 3% ל.שקית מועשר יוטב</ManufacturerItemDescription><SoldByWeight/><Quantity>1000.00</Quantity><UnitOfMeasure>מ"ל</UnitOfMeasure><QtyInPackage>לא ידוע</QtyInPackage><UnitOfMeasurePrice>0.0065</UnitOfMeasurePrice><AllowDiscount>1</AllowDiscount><ItemStatus>1</ItemStatus><ItemPrice>6.50</ItemPrice></item><item><PriceUpdateDate>2016-05-15 12:47:49</PriceUpdateDate><ItemCode>7290000409726</ItemCode><ItemType>1</ItemType><ItemName>חלב 1% בקרטון 1 ליטר</ItemName><ManufacturerName>חלב תנובה</ManufacturerName><ManufactureCountry>ישראל</ManufactureCountry><ManufacturerItemDescription>חלב1 1% ל.קרטון פיקוח</ManufacturerItemDescription><SoldByWeight/><Quantity>1000.00</Quantity><UnitOfMeasure>מ"ל</UnitOfMeasure><QtyInPackage>לא ידוע</QtyInPackage><UnitOfMeasurePrice>0.0054</UnitOfMeasurePrice><AllowDiscount>1</AllowDiscount><ItemStatus>1</ItemStatus><ItemPrice>5.40</ItemPrice></item><item><PriceUpdateDate>2016-05-15 12:47:49</PriceUpdateDate><ItemCode>7290000409733</ItemCode><ItemType>1</ItemType><ItemName>חלב 3% בקרטון 1 ליטר</ItemName><ManufacturerName>חלב תנובה</ManufacturerName><ManufactureCountry>ישראל</ManufactureCountry><ManufacturerItemDescription>חלב1 3% ל.קרטון+פקק פיקוח</ManufacturerItemDescription><SoldByWeight/><Quantity>1000.00</Quantity><UnitOfMeasure>מ"ל</UnitOfMeasure><QtyInPackage>לא ידוע</QtyInPackage><UnitOfMeasurePrice>0.0058</UnitOfMeasurePrice><AllowDiscount>1</AllowDiscount><ItemStatus>1</ItemStatus><ItemPrice>5.75</ItemPrice></item><item><PriceUpdateDate>2016-02-14 10:59:55</PriceUpdateDate><ItemCode>7290000409740</ItemCode><ItemType>1</ItemType><ItemName>חלב 1% מועשר בחלבוני</ItemName><ManufacturerName>חלב תנובה</ManufacturerName><ManufactureCountry>ישראל</ManufactureCountry><ManufacturerItemDescription>חלב 1% מועשר קרטון+פקק1 ל</ManufacturerItemDescription><SoldByWeight/><Quantity>1000.00</Quantity><UnitOfMeasure>מ"ל</UnitOfMeasure><QtyInPackage>לא ידוע</QtyInPackage><UnitOfMeasurePrice>0.0089</UnitOfMeasurePrice><AllowDiscount>1</AllowDiscount><ItemStatus>1</ItemStatus><ItemPrice>8.90</ItemPrice></item><item><PriceUpdateDate>2016-06-06 11:50:20</PriceUpdateDate><ItemCode>7290000409757</ItemCode><ItemType>1</ItemType><ItemName>חלב עמיד 3% בקרטון 1</ItemName><ManufacturerName>חלב תנובה</ManufacturerName><ManufactureCountry>ישראל</ManufactureCountry><ManufacturerItemDescription>חלב עמיד1 ל 3% .קרטון</ManufacturerItemDescription><SoldByWeight/><Quantity>1000.00</Quantity><UnitOfMeasure>מ"ל</UnitOfMeasure><QtyInPackage>לא ידוע</QtyInPackage><UnitOfMeasurePrice>0.0069</UnitOfMeasurePrice><AllowDiscount>1</AllowDiscount><ItemStatus>1</ItemStatus><ItemPrice>6.90</ItemPrice></item><item><PriceUpdateDate>2015-10-20 16:43:00</PriceUpdateDate><ItemCode>7290000409801</ItemCode><ItemType>1</ItemType><ItemName>חלב עמיד3% 250 מ''ל</ItemName><ManufacturerName>חלב תנובה</ManufacturerName><ManufactureCountry>ישראל</ManufactureCountry><ManufacturerItemDescription>חלב עמיד 250 מל</ManufacturerItemDescription><SoldByWeight/><Quantity>250.00</Quantity><UnitOfMeasure>מ"ל</UnitOfMeasure><QtyInPackage>לא ידוע</QtyInPackage><UnitOfMeasurePrice>0.0112</UnitOfMeasurePrice><AllowDiscount>1</AllowDiscount><ItemStatus>1</ItemStatus><ItemPrice>2.80</ItemPrice></item><item><PriceUpdateDate>2015-10-11 18:10:31</PriceUpdateDate><ItemCode>7290000409832</ItemCode><ItemType>1</ItemType><ItemName>שוקו יטבתה שקית 225</ItemName><ManufacturerName>יטבתה</ManufacturerName><ManufactureCountry>ישראל</ManufactureCountry><ManufacturerItemDescription>שוקו בשקית 225 מל.יוטבתה</ManufacturerItemDescription><SoldByWeight/><Quantity>225.00</Quantity><UnitOfMeasure>מ"ל</UnitOfMeasure><QtyInPackage>לא ידוע</QtyInPackage><UnitOfMeasurePrice>0.0120</UnitOfMeasurePrice><AllowDiscount>1</AllowDiscount><ItemStatus>1</ItemStatus><ItemPrice>2.70</ItemPrice></item><item><PriceUpdateDate>2015-11-12 14:34:22</PriceUpdateDate><ItemCode>7290000409856</ItemCode><ItemType>1</ItemType><ItemName>שוקו עמיד 250 גרם</ItemName><ManufacturerName>שוק</ManufacturerName><ManufactureCountry>ישראל</ManufactureCountry><ManufacturerItemDescription>שוקו עמיד 250 מל.בקרטון</ManufacturerItemDescription><SoldByWeight/><Quantity>250.00</Quantity><UnitOfMeasure>מ"ל</UnitOfMeasure><QtyInPackage>לא ידוע</QtyInPackage><UnitOfMeasurePrice>0.0196</UnitOfMeasurePrice><AllowDiscount>1</AllowDiscount><ItemStatus>1</ItemStatus><ItemPrice>4.90</ItemPrice></item><item><PriceUpdateDate>2016-02-11 09:32:36</PriceUpdateDate><ItemCode>7290000409863</ItemCode><ItemType>1</ItemType><ItemName>חמאה רגילה 200 גרם</ItemName><ManufacturerName>תנובה</ManufacturerName><ManufactureCountry>ישראל</ManufactureCountry><ManufacturerItemDescription>חמאה 200 גרם פיקוח</ManufacturerItemDescription><SoldByWeight/><Quantity>200.00</Quantity><UnitOfMeasure>גרם     </UnitOfMeasure><QtyInPackage>לא ידוע</QtyInPackage><UnitOfMeasurePrice>0.0380</UnitOfMeasurePrice><AllowDiscount>1</AllowDiscount><ItemStatus>1</ItemStatus><ItemPrice>7.60</ItemPrice></item><item><PriceUpdateDate>2016-02-11 09:32:36</PriceUpdateDate><ItemCode>7290000409887</ItemCode><ItemType>1</ItemType><ItemName>שמנת עמידה לקצפת 38%</ItemName><ManufacturerName>שף לבן</ManufacturerName><ManufactureCountry>ישראל</ManufactureCountry><ManufacturerItemDescription>שמנת מתוקה עמידה</ManufacturerItemDescription><SoldByWeight/><Quantity>250.00</Quantity><UnitOfMeasure>מ"ל</UnitOfMeasure><QtyInPackage>לא ידוע</QtyInPackage><UnitOfMeasurePrice>0.0238</UnitOfMeasurePrice><AllowDiscount>1</AllowDiscount><ItemStatus>1</ItemStatus><ItemPrice>5.95</ItemPrice></item><item><PriceUpdateDate>2016-02-15 08:36:53</PriceUpdateDate><ItemCode>7290000409900</ItemCode><ItemType>1</ItemType><ItemName>ריוויון 1.5% שומן 1</ItemName><ManufacturerName>ריויון</ManufacturerName><ManufactureCountry>ישראל</ManufactureCountry><ManufacturerItemDescription>רויון 1 ליטר בקרטון</ManufacturerItemDescription><SoldByWeight/><Quantity>1000.00</Quantity><UnitOfMeasure>מ"ל</UnitOfMeasure><QtyInPackage>לא ידוע</QtyInPackage><UnitOfMeasurePrice>0.0117</UnitOfMeasurePrice><AllowDiscount>1</AllowDiscount><ItemStatus>1</ItemStatus><ItemPrice>11.70</ItemPrice></item><item><PriceUpdateDate>2015-10-11 12:49:57</PriceUpdateDate><ItemCode>7290000409917</ItemCode><ItemType>1</ItemType><ItemName>יוגורט כד תנובה 1.5</ItemName><ManufacturerName>יופלה</ManufacturerName><ManufactureCountry>ישראל</ManufactureCountry><ManufacturerItemDescription>יוגורט 1.5 ל .בכד</ManufacturerItemDescription><SoldByWeight/><Quantity>1500.00</Quantity><UnitOfMeasure>מ"ל</UnitOfMeasure><QtyInPackage>לא ידוע</QtyInPackage><UnitOfMeasurePrice>0.0114</UnitOfMeasurePrice><AllowDiscount>1</AllowDiscount><ItemStatus>1</ItemStatus><ItemPrice>17.10</ItemPrice></item><item><PriceUpdateDate>2015-11-12 14:34:22</PriceUpdateDate><ItemCode>7290000409931</ItemCode><ItemType>1</ItemType><ItemName>שלי3% שומן 200 מ"ל</ItemName><ManufacturerName>שלי</ManufacturerName><ManufactureCountry>ישראל</ManufactureCountry><ManufacturerItemDescription>שלי3% שומן 200 מ"ל</ManufacturerItemDescription><SoldByWeight/><Quantity>200.00</Quantity><UnitOfMeasure>מ"ל</UnitOfMeasure><QtyInPackage>לא ידוע</QtyInPackage><UnitOfMeasurePrice>0.0160</UnitOfMeasurePrice><AllowDiscount>1</AllowDiscount><ItemStatus>1</ItemStatus><ItemPrice>3.20</ItemPrice></item><item><PriceUpdateDate>2015-10-20 16:43:00</PriceUpdateDate><ItemCode>7290000409955</ItemCode><ItemType>1</ItemType><ItemName>ריויון חצי ליטר</ItemName><ManufacturerName>ריויון</ManufacturerName><ManufactureCountry>ישראל</ManufactureCountry><ManufacturerItemDescription>רויון500 מל .קרטון</ManufacturerItemDescription><SoldByWeight/><Quantity>500.00</Quantity><UnitOfMeasure>מ"ל</UnitOfMeasure><QtyInPackage>לא ידוע</QtyInPackage><UnitOfMeasurePrice>0.0136</UnitOfMeasurePrice><AllowDiscount>1</AllowDiscount><ItemStatus>1</ItemStatus><ItemPrice>6.80</ItemPrice></item><item><PriceUpdateDate>2016-06-01 09:41:31</PriceUpdateDate><ItemCode>7290000409962</ItemCode><ItemType>1</ItemType><ItemName>מב פרילי תות 500 מ''</ItemName><ManufacturerName>פרילי</ManufacturerName><ManufactureCountry>ישראל</ManufactureCountry><ManufacturerItemDescription>פרילי תות500 מל</ManufacturerItemDescription><SoldByWeight/><Quantity>500.00</Quantity><UnitOfMeasure>מ"ל</UnitOfMeasure><QtyInPackage>לא ידוע</QtyInPackage><UnitOfMeasurePrice>0.0178</UnitOfMeasurePrice><AllowDiscount>1</AllowDiscount><ItemStatus>1</ItemStatus><ItemPrice>8.90</ItemPrice></item><item><PriceUpdateDate>2016-05-30 22:01:57</PriceUpdateDate><ItemCode>7290000409979</ItemCode><ItemType>1</ItemType><ItemName>מעדן באדי תות 500 גר</ItemName><ManufacturerName>באדי</ManufacturerName><ManufactureCountry>ישראל</ManufactureCountry><ManufacturerItemDescription>באדי תות 500 3% מל</ManufacturerItemDescription><SoldByWeight/><Quantity>500.00</Quantity><UnitOfMeasure>גרם     </UnitOfMeasure><QtyInPackage>לא ידוע</QtyInPackage><UnitOfMeasurePrice>0.0196</UnitOfMeasurePrice><AllowDiscount>1</AllowDiscount><ItemStatus>1</ItemStatus><ItemPrice>9.80</ItemPrice></item><item><PriceUpdateDate>2016-05-30 22:01:57</PriceUpdateDate><ItemCode>7290000409993</ItemCode><ItemType>1</ItemType><ItemName>גבינת נעמה 200 גרם</ItemName><ManufacturerName>נעמה</ManufacturerName><ManufactureCountry>ישראל</ManufactureCountry><ManufacturerItemDescription>גבינה מותכת נעמה 200 גרם</ManufacturerItemDescription><SoldByWeight/><Quantity>200.00</Quantity><UnitOfMeasure>גרם     </UnitOfMeasure><QtyInPackage>לא ידוע</QtyInPackage><UnitOfMeasurePrice>0.0740</UnitOfMeasurePrice><AllowDiscount>1</AllowDiscount><ItemStatus>1</ItemStatus><ItemPrice>14.80</ItemPrice></item><item><PriceUpdateDate>2016-05-30 22:01:57</PriceUpdateDate><ItemCode>7290000410005</ItemCode><ItemType>1</ItemType><ItemName>גבינת חורש 240 גרם</ItemName><ManufacturerName>נעמה</ManufacturerName><ManufactureCountry>ישראל</ManufactureCountry><ManufacturerItemDescription>גבינה מותכת חורש 240 גרם</ManufacturerItemDescription><SoldByWeight/><Quantity>240.00</Quantity><UnitOfMeasure>גרם     </UnitOfMeasure><QtyInPackage>לא ידוע</QtyInPackage><UnitOfMeasurePrice>0.0746</UnitOfMeasurePrice><AllowDiscount>1</AllowDiscount><ItemStatus>1</ItemStatus><ItemPrice>17.90</ItemPrice></item><item><PriceUpdateDate>2015-10-20 16:43:00</PriceUpdateDate><ItemCode>7290000410012</ItemCode><ItemType>1</ItemType><ItemName>יוגורט 3 ליטר</ItemName><ManufacturerName>יופלה</ManufacturerName><ManufactureCountry>ישראל</ManufactureCountry><ManufacturerItemDescription>יוגורט 3 ליטר</ManufacturerItemDescription><SoldByWeight/><Quantity>3000.00</Quantity><UnitOfMeasure>מ"ל</UnitOfMeasure><QtyInPackage>לא ידוע</QtyInPackage><UnitOfMeasurePrice>0.0098</UnitOfMeasurePrice><AllowDiscount>1</AllowDiscount><ItemStatus>1</ItemStatus><ItemPrice>29.40</ItemPrice></item><item><PriceUpdateDate>2016-06-13 13:03:30</PriceUpdateDate><ItemCode>7290000410029</ItemCode><ItemType>1</ItemType><ItemName>גבינת קולאז עיזים גל</ItemName><ManufacturerName>גבינות תנובה</ManufacturerName><ManufactureCountry>ישראל</ManufactureCountry><ManufacturerItemDescription>גבינהצאן פרומעז גלילית 20</ManufacturerItemDescription><SoldByWeight/><Quantity>200.00</Quantity><UnitOfMeasure>גרם     </UnitOfMeasure><QtyInPackage>לא ידוע</QtyInPackage><UnitOfMeasurePrice>0.1310</UnitOfMeasurePrice><AllowDiscount>1</AllowDiscount><ItemStatus>1</ItemStatus><ItemPrice>26.20</ItemPrice></item><item><PriceUpdateDate>2016-06-06 11:50:20</PriceUpdateDate><ItemCode>7290000410104</ItemCode><ItemType>1</ItemType><ItemName>צהובה גלבוע 22% פרוס</ItemName><ManufacturerName>גלבוע</ManufacturerName><ManufactureCountry>ישראל</ManufactureCountry><ManufacturerItemDescription>גבינהקשה גלבוע פרוס200גר</ManufacturerItemDescription><SoldByWeight/><Quantity>200.00</Quantity><UnitOfMeasure>גרם     </UnitOfMeasure><QtyInPackage>לא ידוע</QtyInPackage><UnitOfMeasurePrice>0.0645</UnitOfMeasurePrice><AllowDiscount>1</AllowDiscount><ItemStatus>1</ItemStatus><ItemPrice>12.90</ItemPrice></item><item><PriceUpdateDate>2015-10-11 12:49:58</PriceUpdateDate><ItemCode>7290000410258</ItemCode><ItemType>1</ItemType><ItemName>גבינת כנען כחושה 5%</ItemName><ManufacturerName>שף לבן</ManufacturerName><ManufactureCountry>ישראל</ManufactureCountry><ManufacturerItemDescription>גבינת כנען כחושה 5%</ManufacturerItemDescription><SoldByWeight/><Quantity>500.00</Quantity><UnitOfMeasure>גרם     </UnitOfMeasure><QtyInPackage>לא ידוע</QtyInPackage><UnitOfMeasurePrice>0.0470</UnitOfMeasurePrice><AllowDiscount>1</AllowDiscount><ItemStatus>1</ItemStatus><ItemPrice>23.50</ItemPrice></item><item><PriceUpdateDate>2016-06-13 13:03:30</PriceUpdateDate><ItemCode>7290000410302</ItemCode><ItemType>1</ItemType><ItemName>גבינה לבנה 9% בד''צ</ItemName><ManufacturerName>גבינות תנובה</ManufacturerName><ManufactureCountry>ישראל</ManufactureCountry><ManufacturerItemDescription>גבינה לבנה 9% בד''צ</ManufacturerItemDescription><SoldByWeight/><Quantity>250.00</Quantity><UnitOfMeasure>גרם     </UnitOfMeasure><QtyInPackage>לא ידוע</QtyInPackage><UnitOfMeasurePrice>0.0196</UnitOfMeasurePrice><AllowDiscount>1</AllowDiscount><ItemStatus>1</ItemStatus><ItemPrice>4.90</ItemPrice></item><item><PriceUpdateDate>2016-06-13 13:03:30</PriceUpdateDate><ItemCode>7290000410319</ItemCode><ItemType>1</ItemType><ItemName>גבינה 5% 250 גרם</ItemName><ManufacturerName>גבינות תנובה</ManufacturerName><ManufactureCountry>ישראל</ManufactureCountry><ManufacturerItemDescription>גבינה למריחה 250 5%גרם גב</ManufacturerItemDescription><SoldByWeight/><Quantity>250.00</Quantity><UnitOfMeasure>גרם     </UnitOfMeasure><QtyInPackage>לא ידוע</QtyInPackage><UnitOfMeasurePrice>0.0184</UnitOfMeasurePrice><AllowDiscount>1</AllowDiscount><ItemStatus>1</ItemStatus><ItemPrice>4.60</ItemPrice></item><item><PriceUpdateDate>2015-10-20 16:43:00</PriceUpdateDate><ItemCode>7290000410333</ItemCode><ItemType>1</ItemType><ItemName>גבינת קוטג 5% עם זית</ItemName><ManufacturerName>קוטג תנובה</ManufacturerName><ManufactureCountry>ישראל</ManufactureCountry><ManufacturerItemDescription>קוטג 5%זיתים 250 גר</ManufacturerItemDescription><SoldByWeight/><Quantity>250.00</Quantity><UnitOfMeasure>גרם     </UnitOfMeasure><QtyInPackage>לא ידוע</QtyInPackage><UnitOfMeasurePrice>0.0248</UnitOfMeasurePrice><AllowDiscount>1</AllowDiscount><ItemStatus>1</ItemStatus><ItemPrice>6.20</ItemPrice></item><item><PriceUpdateDate>2016-05-30 22:01:57</PriceUpdateDate><ItemCode>7290000410357</ItemCode><ItemType>1</ItemType><ItemName>גבינה צפתית 5%שומן 2</ItemName><ManufacturerName>פיראוס</ManufacturerName><ManufactureCountry>ישראל</ManufactureCountry><ManufacturerItemDescription>גבינה צפתית 5% פיראוס200</ManufacturerItemDescription><SoldByWeight/><Quantity>200.00</Quantity><UnitOfMeasure>גרם     </UnitOfMeasure><QtyInPackage>לא ידוע</QtyInPackage><UnitOfMeasurePrice>0.0800</UnitOfMeasurePrice><AllowDiscount>1</AllowDiscount><ItemStatus>1</ItemStatus><ItemPrice>16.00</ItemPrice></item><item><PriceUpdateDate>2015-11-12 14:34:22</PriceUpdateDate><ItemCode>7290000410371</ItemCode><ItemType>1</ItemType><ItemName>גבינת חרמון 250 גרם</ItemName><ManufacturerName>פיראוס</ManufacturerName><ManufactureCountry>ישראל</ManufactureCountry><ManufacturerItemDescription>גבינת חרמון 250 גרם</ManufacturerItemDescription><SoldByWeight/><Quantity>250.00</Quantity><UnitOfMeasure>גרם     </UnitOfMeasure><QtyInPackage>לא ידוע</QtyInPackage><UnitOfMeasurePrice>0.0752</UnitOfMeasurePrice><AllowDiscount>1</AllowDiscount><ItemStatus>1</ItemStatus><ItemPrice>18.80</ItemPrice></item><item><PriceUpdateDate>2016-03-29 13:00:14</PriceUpdateDate><ItemCode>7290000410418</ItemCode><ItemType>1</ItemType><ItemName>מארז משקה יופלה 360</ItemName><ManufacturerName>יופלה</ManufacturerName><ManufactureCountry>ישראל</ManufactureCountry><ManufacturerItemDescription>מארז משקה יופלה 360</ManufacturerItemDescription><SoldByWeight/><Quantity>600.00</Quantity><UnitOfMeasure>מ"ל</UnitOfMeasure><QtyInPackage>לא ידוע</QtyInPackage><UnitOfMeasurePrice>0.0218</UnitOfMeasurePrice><AllowDiscount>1</AllowDiscount><ItemStatus>1</ItemStatus><ItemPrice>13.10</ItemPrice></item><item><PriceUpdateDate>2015-11-12 14:34:22</PriceUpdateDate><ItemCode>7290000410432</ItemCode><ItemType>1</ItemType><ItemName>פיראוס צפתית עיזים -</ItemName><ManufacturerName>פיראוס</ManufacturerName><ManufactureCountry>ישראל</ManufactureCountry><ManufacturerItemDescription>פיראוס צפתית עיזים -</ManufacturerItemDescription><SoldByWeight/><Quantity>200.00</Quantity><UnitOfMeasure>גרם     </UnitOfMeasure><QtyInPackage>לא ידוע</QtyInPackage><UnitOfMeasurePrice>0.0980</UnitOfMeasurePrice><AllowDiscount>1</AllowDiscount><ItemStatus>1</ItemStatus><ItemPrice>19.60</ItemPrice></item><item><PriceUpdateDate>2016-03-29 06:16:49</PriceUpdateDate><ItemCode>7290000410470</ItemCode><ItemType>1</ItemType><ItemName>יופלה תות 500 גרם</ItemName><ManufacturerName>יופלה</ManufacturerName><ManufactureCountry>ישראל</ManufactureCountry><ManufacturerItemDescription>יופלה תות 500 גרם</ManufacturerItemDescription><SoldByWeight/><Quantity>500.00</Quantity><UnitOfMeasure>גרם     </UnitOfMeasure><QtyInPackage>לא ידוע</QtyInPackage><UnitOfMeasurePrice>0.0282</UnitOfMeasurePrice><AllowDiscount>1</AllowDiscount><ItemStatus>1</ItemStatus><ItemPrice>14.10</ItemPrice></item><item><PriceUpdateDate>2016-03-29 06:16:49</PriceUpdateDate><ItemCode>7290000410487</ItemCode><ItemType>1</ItemType><ItemName>יופלה אפרסק 500 גרם</ItemName><ManufacturerName>יופלה</ManufacturerName><ManufactureCountry>ישראל</ManufactureCountry><ManufacturerItemDescription>יופלה אפרסק 500 גרם</ManufacturerItemDescription><SoldByWeight/><Quantity>500.00</Quantity><UnitOfMeasure>גרם     </UnitOfMeasure><QtyInPackage>לא ידוע</QtyInPackage><UnitOfMeasurePrice>0.0282</UnitOfMeasurePrice><AllowDiscount>1</AllowDiscount><ItemStatus>1</ItemStatus><ItemPrice>14.10</ItemPrice></item><item><PriceUpdateDate>2016-05-01 21:45:58</PriceUpdateDate><ItemCode>7290000410609</ItemCode><ItemType>1</ItemType><ItemName>מארז שטוזים בננה 400</ItemName><ManufacturerName>יופלה</ManufacturerName><ManufactureCountry>ישראל</ManufactureCountry><ManufacturerItemDescription>מארז יופלה שטוזים בננה</ManufacturerItemDescription><SoldByWeight/><Quantity>400.00</Quantity><UnitOfMeasure>גרם     </UnitOfMeasure><QtyInPackage>לא ידוע</QtyInPackage><UnitOfMeasurePrice>0.0273</UnitOfMeasurePrice><AllowDiscount>1</AllowDiscount><ItemStatus>1</ItemStatus><ItemPrice>10.90</ItemPrice></item><item><PriceUpdateDate>2016-05-01 21:45:58</PriceUpdateDate><ItemCode>7290000410623</ItemCode><ItemType>1</ItemType><ItemName>מארז שטוזים תות 400</ItemName><ManufacturerName>יופלה</ManufacturerName><ManufactureCountry>ישראל</ManufactureCountry><ManufacturerItemDescription>מארז יופלה שטוזים תות 400</ManufacturerItemDescription><SoldByWeight/><Quantity>400.00</Quantity><UnitOfMeasure>גרם     </UnitOfMeasure><QtyInPackage>לא ידוע</QtyInPackage><UnitOfMeasurePrice>0.0273</UnitOfMeasurePrice><AllowDiscount>1</AllowDiscount><ItemStatus>1</ItemStatus><ItemPrice>10.90</ItemPrice></item><item><PriceUpdateDate>2016-03-01 06:42:14</PriceUpdateDate><ItemCode>7290000410692</ItemCode><ItemType>1</ItemType><ItemName>מארז הפסקת אוכל דגני</ItemName><ManufacturerName>חלב תנובה</ManufacturerName><ManufactureCountry>ישראל</ManufactureCountry><ManufacturerItemDescription>מארז הפסקת אוכל דגני</ManufacturerItemDescription><SoldByWeight/><Quantity>150.00</Quantity><UnitOfMeasure>מ"ל</UnitOfMeasure><QtyInPackage>לא ידוע</QtyInPackage><UnitOfMeasurePrice>0.0640</UnitOfMeasurePrice><AllowDiscount>1</AllowDiscount><ItemStatus>1</ItemStatus><ItemPrice>9.60</ItemPrice></item><item><PriceUpdateDate>2015-11-12 14:34:23</PriceUpdateDate><ItemCode>7290000410708</ItemCode><ItemType>1</ItemType><ItemName>חלב של פעם בקרטון 3.</ItemName><ManufacturerName>חלב תנובה</ManufacturerName><ManufactureCountry>ישראל</ManufactureCountry><ManufacturerItemDescription>חלב של פעם 3.5% -3.8% חלב</ManufacturerItemDescription><SoldByWeight/><Quantity>1000.00</Quantity><UnitOfMeasure>מ"ל</UnitOfMeasure><QtyInPackage>לא ידוע</QtyInPackage><UnitOfMeasurePrice>0.0079</UnitOfMeasurePrice><AllowDiscount>1</AllowDiscount><ItemStatus>1</ItemStatus><ItemPrice>7.90</ItemPrice></item><item><PriceUpdateDate>2016-02-15 08:36:53</PriceUpdateDate><ItemCode>7290000410722</ItemCode><ItemType>1</ItemType><ItemName>יופלה דיאט אננס 0% 1</ItemName><ManufacturerName>יופלה</ManufacturerName><ManufactureCountry>ישראל</ManufactureCountry><ManufacturerItemDescription>יופלה דיאט יופלה אננס</ManufacturerItemDescription><SoldByWeight/><Quantity>150.00</Quantity><UnitOfMeasure>מ"ל</UnitOfMeasure><QtyInPackage>לא ידוע</QtyInPackage><UnitOfMeasurePrice>0.0353</UnitOfMeasurePrice><AllowDiscount>1</AllowDiscount><ItemStatus>1</ItemStatus><ItemPrice>5.30</ItemPrice></item><item><PriceUpdateDate>2016-03-29 06:16:49</PriceUpdateDate><ItemCode>7290000410920</ItemCode><ItemType>1</ItemType><ItemName>יופלה YYY פירות יער3</ItemName><ManufacturerName>יופלה</ManufacturerName><ManufactureCountry>ישראל</ManufactureCountry><ManufacturerItemDescription>יופלה YYY פירות יער 500 3</ManufacturerItemDescription><SoldByWeight/><Quantity>500.00</Quantity><UnitOfMeasure>מ"ל</UnitOfMeasure><QtyInPackage>לא ידוע</QtyInPackage><UnitOfMeasurePrice>0.0282</UnitOfMeasurePrice><AllowDiscount>1</AllowDiscount><ItemStatus>1</ItemStatus><ItemPrice>14.10</ItemPrice></item><item><PriceUpdateDate>2016-05-02 08:05:31</PriceUpdateDate><ItemCode>7290000410951</ItemCode><ItemType>1</ItemType><ItemName>מב משקה מוקה 1 ליטר</ItemName><ManufacturerName>שוק</ManufacturerName><ManufactureCountry>ישראל</ManufactureCountry><ManufacturerItemDescription>מב משקה מוקה 1 ליטר</ManufacturerItemDescription><SoldByWeight/><Quantity>1.00</Quantity><UnitOfMeasure>ליטר    </UnitOfMeasure><QtyInPackage>לא ידוע</QtyInPackage><UnitOfMeasurePrice>8.9000</UnitOfMeasurePrice><AllowDiscount>1</AllowDiscount><ItemStatus>1</ItemStatus><ItemPrice>8.90</ItemPrice></item><item><PriceUpdateDate>2016-05-30 22:01:57</PriceUpdateDate><ItemCode>7290000410968</ItemCode><ItemType>1</ItemType><ItemName>מב משקה מוקה 340 מ"ל</ItemName><ManufacturerName>תנובה</ManufacturerName><ManufactureCountry>ישראל</ManufactureCountry><ManufacturerItemDescription>משקה מוקה תנובה 340 מל בב</ManufacturerItemDescription><SoldByWeight/><Quantity>340.00</Quantity><UnitOfMeasure>מ"ל</UnitOfMeasure><QtyInPackage>לא ידוע</QtyInPackage><UnitOfMeasurePrice>0.0144</UnitOfMeasurePrice><AllowDiscount>1</AllowDiscount><ItemStatus>1</ItemStatus><ItemPrice>4.90</ItemPrice></item><item><PriceUpdateDate>2015-11-12 14:34:23</PriceUpdateDate><ItemCode>7290000411132</ItemCode><ItemType>1</ItemType><ItemName>לאבנה 5% 500 גר'</ItemName><ManufacturerName>פיראוס</ManufacturerName><ManufactureCountry>ישראל</ManufactureCountry><ManufacturerItemDescription>לאבנה 5% 500 גר'</ManufacturerItemDescription><SoldByWeight/><Quantity>500.00</Quantity><UnitOfMeasure>גרם     </UnitOfMeasure><QtyInPackage>לא ידוע</QtyInPackage><UnitOfMeasurePrice>0.0406</UnitOfMeasurePrice><AllowDiscount>1</AllowDiscount><ItemStatus>1</ItemStatus><ItemPrice>20.30</ItemPrice></item><item><PriceUpdateDate>2016-03-01 06:42:14</PriceUpdateDate><ItemCode>7290000411576</ItemCode><ItemType>1</ItemType><ItemName>מארז יופלה פרי בד"ץ</ItemName><ManufacturerName>יופלה</ManufacturerName><ManufactureCountry>ישראל</ManufactureCountry><ManufacturerItemDescription>מארז יופלה פרי בד"ץ</ManufacturerItemDescription><SoldByWeight/><Quantity>0.00</Quantity><UnitOfMeasure>יח'</UnitOfMeasure><QtyInPackage>לא ידוע</QtyInPackage><UnitOfMeasurePrice>0.0000</UnitOfMeasurePrice><AllowDiscount>1</AllowDiscount><ItemStatus>1</ItemStatus><ItemPrice>28.50</ItemPrice></item><item><PriceUpdateDate>2016-05-02 08:05:31</PriceUpdateDate><ItemCode>7290000411842</ItemCode><ItemType>1</ItemType><ItemName>מב בייגלה מקלות מלוח</ItemName><ManufacturerName>בייגלה אסם</ManufacturerName><ManufactureCountry>ישראל</ManufactureCountry><ManufacturerItemDescription>בייגלה מקלות מלוחים 400 ג</ManufacturerItemDescription><SoldByWeight/><Quantity>400.00</Quantity><UnitOfMeasure>גרם     </UnitOfMeasure><QtyInPackage>לא ידוע</QtyInPackage><UnitOfMeasurePrice>0.0273</UnitOfMeasurePrice><AllowDiscount>1</AllowDiscount><ItemStatus>1</ItemStatus><ItemPrice>10.90</ItemPrice></item><item><PriceUpdateDate>2015-11-12 18:18:32</PriceUpdateDate><ItemCode>7290000411859</ItemCode><ItemType>1</ItemType><ItemName>אטריות ביצים200 גרם</ItemName><ManufacturerName>פסטה אסם</ManufacturerName><ManufactureCountry>ישראל</ManufactureCountry><ManufacturerItemDescription>אטריות ביצים200 גרם</ManufacturerItemDescription><SoldByWeight/><Quantity>200.00</Quantity><UnitOfMeasure>גרם     </UnitOfMeasure><QtyInPackage>לא ידוע</QtyInPackage><UnitOfMeasurePrice>0.0540</UnitOfMeasurePrice><AllowDiscount>1</AllowDiscount><ItemStatus>1</ItemStatus><ItemPrice>10.80</ItemPrice></item><item><PriceUpdateDate>2016-05-30 22:01:57</PriceUpdateDate><ItemCode>7290000411866</ItemCode><ItemType>1</ItemType><ItemName>אטריות מובחר דקות 40</ItemName><ManufacturerName>פסטה אסם</ManufacturerName><ManufactureCountry>ישראל</ManufactureCountry><ManufacturerItemDescription>אטריות מובחר דקות 400 גר</ManufacturerItemDescription><SoldByWeight/><Quantity>400.00</Quantity><UnitOfMeasure>גרם     </UnitOfMeasure><QtyInPackage>לא ידוע</QtyInPackage><UnitOfMeasurePrice>0.0148</UnitOfMeasurePrice><AllowDiscount>1</AllowDiscount><ItemStatus>1</ItemStatus><ItemPrice>5.90</ItemPrice></item><item><PriceUpdateDate>2016-05-30 22:01:57</PriceUpdateDate><ItemCode>7290000411880</ItemCode><ItemType>1</ItemType><ItemName>פתיתים אפויים 500 גר</ItemName><ManufacturerName>פסטה אסם</ManufacturerName><ManufactureCountry>ישראל</ManufactureCountry><ManufacturerItemDescription>פתיתים אפויים קוסקוס 500</ManufacturerItemDescription><SoldByWeight/><Quantity>500.00</Quantity><UnitOfMeasure>גרם     </UnitOfMeasure><QtyInPackage>לא ידוע</QtyInPackage><UnitOfMeasurePrice>0.0118</UnitOfMeasurePrice><AllowDiscount>1</AllowDiscount><ItemStatus>1</ItemStatus><ItemPrice>5.90</ItemPrice></item><item><PriceUpdateDate>2016-05-30 22:01:58</PriceUpdateDate><ItemCode>7290000411897</ItemCode><ItemType>1</ItemType><ItemName>פסטה מקרוני מס 7 500</ItemName><ManufacturerName>אסם</ManufacturerName><ManufactureCountry>איטליה</ManufactureCountry><ManufacturerItemDescription>רסק תפו"ע       ם</ManufacturerItemDescription><SoldByWeight/><Quantity>500.00</Quantity><UnitOfMeasure>גרם     </UnitOfMeasure><QtyInPackage>לא ידוע</QtyInPackage><UnitOfMeasurePrice>0.0112</UnitOfMeasurePrice><AllowDiscount>1</AllowDiscount><ItemStatus>1</ItemStatus><ItemPrice>5.60</ItemPrice></item><item><PriceUpdateDate>2016-05-30 22:01:58</PriceUpdateDate><ItemCode>7290000411903</ItemCode><ItemType>1</ItemType><ItemName>פסטה תלתלים 500 גרם</ItemName><ManufacturerName>פסטה אסם</ManufacturerName><ManufactureCountry>ישראל</ManufactureCountry><ManufacturerItemDescription>פסטה תלתלים 500 גרם</ManufacturerItemDescription><SoldByWeight/><Quantity>500.00</Quantity><UnitOfMeasure>גרם     </UnitOfMeasure><QtyInPackage>לא ידוע</QtyInPackage><UnitOfMeasurePrice>0.0112</UnitOfMeasurePrice><AllowDiscount>1</AllowDiscount><ItemStatus>1</ItemStatus><ItemPrice>5.60</ItemPrice></item><item><PriceUpdateDate>2016-05-30 22:01:58</PriceUpdateDate><ItemCode>7290000411989</ItemCode><ItemType>1</ItemType><ItemName>פתיתים אפויים טבעות</ItemName><ManufacturerName>פסטה אסם</ManufacturerName><ManufactureCountry>ישראל</ManufactureCountry><ManufacturerItemDescription>פתיתים אפויים טבעות</ManufacturerItemDescription><SoldByWeight/><Quantity>500.00</Quantity><UnitOfMeasure>גרם     </UnitOfMeasure><QtyInPackage>לא ידוע</QtyInPackage><UnitOfMeasurePrice>0.0118</UnitOfMeasurePrice><AllowDiscount>1</AllowDiscount><ItemStatus>1</ItemStatus><ItemPrice>5.90</ItemPrice></item><item><PriceUpdateDate>2016-05-30 22:01:58</PriceUpdateDate><ItemCode>7290000411996</ItemCode><ItemType>1</ItemType><ItemName>מב לזניה לה פסטה 500</ItemName><ManufacturerName>אסם</ManufacturerName><ManufactureCountry>ישראל</ManufactureCountry><ManufacturerItemDescription>מב לזניה לה פסטה 500</ManufacturerItemDescription><SoldByWeight/><Quantity>500.00</Quantity><UnitOfMeasure>גרם     </UnitOfMeasure><QtyInPackage>לא ידוע</QtyInPackage><UnitOfMeasurePrice>0.0238</UnitOfMeasurePrice><AllowDiscount>1</AllowDiscount><ItemStatus>1</ItemStatus><ItemPrice>11.90</ItemPrice></item><item><PriceUpdateDate>2015-10-21 16:18:25</PriceUpdateDate><ItemCode>7290000412009</ItemCode><ItemType>1</ItemType><ItemName>פסטה קורנטי 500 גרם</ItemName><ManufacturerName>פרפקטו</ManufacturerName><ManufactureCountry>ישראל</ManufactureCountry><ManufacturerItemDescription>פסטה קורנטי 500 גרם</ManufacturerItemDescription><SoldByWeight/><Quantity>500.00</Quantity><UnitOfMeasure>גרם     </UnitOfMeasure><QtyInPackage>לא ידוע</QtyInPackage><UnitOfMeasurePrice>0.0198</UnitOfMeasurePrice><AllowDiscount>1</AllowDiscount><ItemStatus>1</ItemStatus><ItemPrice>9.90</ItemPrice></item><item><PriceUpdateDate>2016-05-30 22:01:58</PriceUpdateDate><ItemCode>7290000412078</ItemCode><ItemType>1</ItemType><ItemName>פסטה מסולסלים 500 גר</ItemName><ManufacturerName>אסם</ManufacturerName><ManufactureCountry>איטליה</ManufactureCountry><ManufacturerItemDescription>פסטה אסם מסולסלים 500 גר</ManufacturerItemDescription><SoldByWeight/><Quantity>500.00</Quantity><UnitOfMeasure>גרם     </UnitOfMeasure><QtyInPackage>לא ידוע</QtyInPackage><UnitOfMeasurePrice>0.0112</UnitOfMeasurePrice><AllowDiscount>1</AllowDiscount><ItemStatus>1</ItemStatus><ItemPrice>5.60</ItemPrice></item><item><PriceUpdateDate>2016-05-30 22:01:58</PriceUpdateDate><ItemCode>7290000412085</ItemCode><ItemType>1</ItemType><ItemName>פסטה קרניים בינוני 5</ItemName><ManufacturerName>פסטה אסם</ManufacturerName><ManufactureCountry>איטליה</ManufactureCountry><ManufacturerItemDescription>פסטה אסם קרניים בינוניות5</ManufacturerItemDescription><SoldByWeight/><Quantity>500.00</Quantity><UnitOfMeasure>גרם     </UnitOfMeasure><QtyInPackage>לא ידוע</QtyInPackage><UnitOfMeasurePrice>0.0112</UnitOfMeasurePrice><AllowDiscount>1</AllowDiscount><ItemStatus>1</ItemStatus><ItemPrice>5.60</ItemPrice></item><item><PriceUpdateDate>2016-05-30 22:01:58</PriceUpdateDate><ItemCode>7290000412092</ItemCode><ItemType>1</ItemType><ItemName>פסטה צדפים גדולים 50</ItemName><ManufacturerName>אסם</ManufacturerName><ManufactureCountry>ישראל</ManufactureCountry><ManufacturerItemDescription>פסטה צדפים גדולים 50</ManufacturerItemDescription><SoldByWeight/><Quantity>500.00</Quantity><UnitOfMeasure>גרם     </UnitOfMeasure><QtyInPackage>לא ידוע</QtyInPackage><UnitOfMeasurePrice>0.0112</UnitOfMeasurePrice><AllowDiscount>1</AllowDiscount><ItemStatus>1</ItemStatus><ItemPrice>5.60</ItemPrice></item><item><PriceUpdateDate>2016-05-30 22:01:58</PriceUpdateDate><ItemCode>7290000412108</ItemCode><ItemType>1</ItemType><ItemName>פסטה צדפות קטנות 500</ItemName><ManufacturerName>פסטה אסם</ManufacturerName><ManufactureCountry>ישראל</ManufactureCountry><ManufacturerItemDescription>פסטה צדפות קטנות 500</ManufacturerItemDescription><SoldByWeight/><Quantity>500.00</Quantity><UnitOfMeasure>גרם     </UnitOfMeasure><QtyInPackage>לא ידוע</QtyInPackage><UnitOfMeasurePrice>0.0112</UnitOfMeasurePrice><AllowDiscount>1</AllowDiscount><ItemStatus>1</ItemStatus><ItemPrice>5.60</ItemPrice></item><item><PriceUpdateDate>2016-05-30 22:01:58</PriceUpdateDate><ItemCode>7290000412115</ItemCode><ItemType>1</ItemType><ItemName>פסטה מס.8 500 גרם</ItemName><ManufacturerName>פסטה אסם</ManufacturerName><ManufactureCountry>איטליה</ManufactureCountry><ManufacturerItemDescription>פסטה אסם ספגטי 500  גר</ManufacturerItemDescription><SoldByWeight/><Quantity>500.00</Quantity><UnitOfMeasure>גרם     </UnitOfMeasure><QtyInPackage>לא ידוע</QtyInPackage><UnitOfMeasurePrice>0.0112</UnitOfMeasurePrice><AllowDiscount>1</AllowDiscount><ItemStatus>1</ItemStatus><ItemPrice>5.60</ItemPrice></item><item><PriceUpdateDate>2016-05-30 22:01:58</PriceUpdateDate><ItemCode>7290000412160</ItemCode><ItemType>1</ItemType><ItemName>אטריות מובחר דקיקות</ItemName><ManufacturerName>אסם</ManufacturerName><ManufactureCountry>איטליה</ManufactureCountry><ManufacturerItemDescription>צמרוני אוזניים  עם שסתום</ManufacturerItemDescription><SoldByWeight/><Quantity>400.00</Quantity><UnitOfMeasure>גרם     </UnitOfMeasure><QtyInPackage>לא ידוע</QtyInPackage><UnitOfMeasurePrice>0.0148</UnitOfMeasurePrice><AllowDiscount>1</AllowDiscount><ItemStatus>1</ItemStatus><ItemPrice>5.90</ItemPrice></item><item><PriceUpdateDate>2015-10-22 16:10:09</PriceUpdateDate><ItemCode>7290000412177</ItemCode><ItemType>1</ItemType><ItemName>קרקר בצל 250 גרם</ItemName><ManufacturerName>לא ממותג</ManufacturerName><ManufactureCountry>ישראל</ManufactureCountry><ManufacturerItemDescription>קרקר בצל 250 גר</ManufacturerItemDescription><SoldByWeight/><Quantity>250.00</Quantity><UnitOfMeasure>גרם     </UnitOfMeasure><QtyInPackage>לא ידוע</QtyInPackage><UnitOfMeasurePrice>0.0460</UnitOfMeasurePrice><AllowDiscount>1</AllowDiscount><ItemStatus>1</ItemStatus><ItemPrice>11.50</ItemPrice></item><item><PriceUpdateDate>2016-05-30 22:01:58</PriceUpdateDate><ItemCode>7290000412184</ItemCode><ItemType>1</ItemType><ItemName>רוטב צ'ילי מתוק 290</ItemName><ManufacturerName>אסם</ManufacturerName><ManufactureCountry>ישראל</ManufactureCountry><ManufacturerItemDescription>רוטב צילי מתוק 290 מל</ManufacturerItemDescription><SoldByWeight/><Quantity>290.00</Quantity><UnitOfMeasure>מ"ל</UnitOfMeasure><QtyInPackage>לא ידוע</QtyInPackage><UnitOfMeasurePrice>0.0362</UnitOfMeasurePrice><AllowDiscount>1</AllowDiscount><ItemStatus>1</ItemStatus><ItemPrice>10.50</ItemPrice></item><item><PriceUpdateDate>2016-05-30 22:01:58</PriceUpdateDate><ItemCode>7290000412191</ItemCode><ItemType>1</ItemType><ItemName>רוטב טריאקי 290 מ"ל</ItemName><ManufacturerName>אסם</ManufacturerName><ManufactureCountry>ישראל</ManufactureCountry><ManufacturerItemDescription>רוטב טריאקי 290 מל</ManufacturerItemDescription><SoldByWeight/><Quantity>290.00</Quantity><UnitOfMeasure>מ"ל</UnitOfMeasure><QtyInPackage>לא ידוע</QtyInPackage><UnitOfMeasurePrice>0.0362</UnitOfMeasurePrice><AllowDiscount>1</AllowDiscount><ItemStatus>1</ItemStatus><ItemPrice>10.50</ItemPrice></item><item><PriceUpdateDate>2016-05-30 22:01:58</PriceUpdateDate><ItemCode>7290000412214</ItemCode><ItemType>1</ItemType><ItemName>פתיתים קוסקוס עם בצל</ItemName><ManufacturerName>פסטה אסם</ManufacturerName><ManufactureCountry>ישראל</ManufactureCountry><ManufacturerItemDescription>פתיתים קוסקוס עם בצל</ManufacturerItemDescription><SoldByWeight/><Quantity>500.00</Quantity><UnitOfMeasure>גרם     </UnitOfMeasure><QtyInPackage>לא ידוע</QtyInPackage><UnitOfMeasurePrice>0.0118</UnitOfMeasurePrice><AllowDiscount>1</AllowDiscount><ItemStatus>1</ItemStatus><ItemPrice>5.90</ItemPrice></item><item><PriceUpdateDate>2016-02-08 09:04:52</PriceUpdateDate><ItemCode>7290000412221</ItemCode><ItemType>1</ItemType><ItemName>עוגיות שוקוצ'יפס ממו</ItemName><ManufacturerName>אסם</ManufacturerName><ManufactureCountry>ישראל</ManufactureCountry><ManufacturerItemDescription>עוגיות שוקוצ'יפס ממו</ManufacturerItemDescription><SoldByWeight/><Quantity>220.00</Quantity><UnitOfMeasure>גרם     </UnitOfMeasure><QtyInPackage>לא ידוע</QtyInPackage><UnitOfMeasurePrice>0.0586</UnitOfMeasurePrice><AllowDiscount>1</AllowDiscount><ItemStatus>1</ItemStatus><ItemPrice>12.90</ItemPrice></item><item><PriceUpdateDate>2016-05-30 22:01:58</PriceUpdateDate><ItemCode>7290000412245</ItemCode><ItemType>1</ItemType><ItemName>פתיתים קוסקוס 3 צבעי</ItemName><ManufacturerName>אסם</ManufacturerName><ManufactureCountry>ישראל</ManufactureCountry><ManufacturerItemDescription>פתיתים קוסקוס 3 צבעי</ManufacturerItemDescription><SoldByWeight/><Quantity>500.00</Quantity><UnitOfMeasure>גרם     </UnitOfMeasure><QtyInPackage>לא ידוע</QtyInPackage><UnitOfMeasurePrice>0.0118</UnitOfMeasurePrice><AllowDiscount>1</AllowDiscount><ItemStatus>1</ItemStatus><ItemPrice>5.90</ItemPrice></item><item><PriceUpdateDate>2016-05-30 22:01:58</PriceUpdateDate><ItemCode>7290000412252</ItemCode><ItemType>1</ItemType><ItemName>נס קפה רד מאג 200 גר</ItemName><ManufacturerName>רד מאג</ManufacturerName><ManufactureCountry>ספרד</ManufactureCountry><ManufacturerItemDescription>מברשת בקבוק+פט  טמה</ManufacturerItemDescription><SoldByWeight/><Quantity>200.00</Quantity><UnitOfMeasure>גרם     </UnitOfMeasure><QtyInPackage>לא ידוע</QtyInPackage><UnitOfMeasurePrice>0.1495</UnitOfMeasurePrice><AllowDiscount>1</AllowDiscount><ItemStatus>1</ItemStatus><ItemPrice>29.90</ItemPrice></item><item><PriceUpdateDate>2015-11-12 18:18:32</PriceUpdateDate><ItemCode>7290000412337</ItemCode><ItemType>1</ItemType><ItemName>לחמית ללא גלוטן 1 ק"</ItemName><ManufacturerName>לא ממותג</ManufacturerName><ManufactureCountry>ישראל</ManufactureCountry><ManufacturerItemDescription>לחמית ללא גלוטן 1 ק"</ManufacturerItemDescription><SoldByWeight/><Quantity>1000.00</Quantity><UnitOfMeasure>גרם     </UnitOfMeasure><QtyInPackage>לא ידוע</QtyInPackage><UnitOfMeasurePrice>0.0356</UnitOfMeasurePrice><AllowDiscount>1</AllowDiscount><ItemStatus>1</ItemStatus><ItemPrice>35.60</ItemPrice></item><item><PriceUpdateDate>2015-10-21 16:18:25</PriceUpdateDate><ItemCode>7290000412344</ItemCode><ItemType>1</ItemType><ItemName>קמח תופח 350 גרם</ItemName><ManufacturerName>אסם</ManufacturerName><ManufactureCountry>ישראל</ManufactureCountry><ManufacturerItemDescription>קמח תופח 350 גר</ManufacturerItemDescription><SoldByWeight/><Quantity>350.00</Quantity><UnitOfMeasure>גרם     </UnitOfMeasure><QtyInPackage>לא ידוע</QtyInPackage><UnitOfMeasurePrice>0.0169</UnitOfMeasurePrice><AllowDiscount>1</AllowDiscount><ItemStatus>1</ItemStatus><ItemPrice>5.90</ItemPrice></item><item><PriceUpdateDate>2015-11-12 18:18:32</PriceUpdateDate><ItemCode>7290000412351</ItemCode><ItemType>1</ItemType><ItemName>שקדי מרק 100 גרם</ItemName><ManufacturerName>אסם</ManufacturerName><ManufactureCountry>ישראל</ManufactureCountry><ManufacturerItemDescription>שקדי מרק 100 גר</ManufacturerItemDescription><SoldByWeight/><Quantity>100.00</Quantity><UnitOfMeasure>גרם     </UnitOfMeasure><QtyInPackage>לא ידוע</QtyInPackage><UnitOfMeasurePrice>0.0680</UnitOfMeasurePrice><AllowDiscount>1</AllowDiscount><ItemStatus>1</ItemStatus><ItemPrice>6.80</ItemPrice></item><item><PriceUpdateDate>2016-03-16 15:40:28</PriceUpdateDate><ItemCode>7290000412368</ItemCode><ItemType>1</ItemType><ItemName>שקדי מרק רכיבים טבעי</ItemName><ManufacturerName>אסם</ManufacturerName><ManufactureCountry>ישראל</ManufactureCountry><ManufacturerItemDescription>שקדי מרק 400 גרם</ManufacturerItemDescription><SoldByWeight/><Quantity>400.00</Quantity><UnitOfMeasure>גרם     </UnitOfMeasure><QtyInPackage>לא ידוע</QtyInPackage><UnitOfMeasurePrice>0.0273</UnitOfMeasurePrice><AllowDiscount>1</AllowDiscount><ItemStatus>1</ItemStatus><ItemPrice>10.90</ItemPrice></item><item><PriceUpdateDate>2016-03-16 15:40:28</PriceUpdateDate><ItemCode>7290000412375</ItemCode><ItemType>1</ItemType><ItemName>קמח תופח 1 ק"ג</ItemName><ManufacturerName>אסם</ManufacturerName><ManufactureCountry>ישראל</ManufactureCountry><ManufacturerItemDescription>קמח תופח מאליו 1 קג</ManufacturerItemDescription><SoldByWeight/><Quantity>1000.00</Quantity><UnitOfMeasure>גרם     </UnitOfMeasure><QtyInPackage>לא ידוע</QtyInPackage><UnitOfMeasurePrice>0.0089</UnitOfMeasurePrice><AllowDiscount>1</AllowDiscount><ItemStatus>1</ItemStatus><ItemPrice>8.90</ItemPrice></item><item><PriceUpdateDate>2015-11-12 18:18:32</PriceUpdateDate><ItemCode>7290000412382</ItemCode><ItemType>1</ItemType><ItemName>תרכיז ויטמינציק ענבי</ItemName><ManufacturerName>ויטמינצק</ManufacturerName><ManufactureCountry>ישראל</ManufactureCountry><ManufacturerItemDescription>תרכיז ויטמינציק ענבי</ManufacturerItemDescription><SoldByWeight/><Quantity>2000.00</Quantity><UnitOfMeasure>מ"ל</UnitOfMeasure><QtyInPackage>לא ידוע</QtyInPackage><UnitOfMeasurePrice>0.0149</UnitOfMeasurePrice><AllowDiscount>1</AllowDiscount><ItemStatus>1</ItemStatus><ItemPrice>29.90</ItemPrice></item><item><PriceUpdateDate>2015-11-12 18:18:32</PriceUpdateDate><ItemCode>7290000412399</ItemCode><ItemType>1</ItemType><ItemName>תרכיז ויטמינציק פטל</ItemName><ManufacturerName>ויטמינצק</ManufacturerName><ManufactureCountry>ישראל</ManufactureCountry><ManufacturerItemDescription>תרכיז ויטמינציק פטל</ManufacturerItemDescription><SoldByWeight/><Quantity>2000.00</Quantity><UnitOfMeasure>מ"ל</UnitOfMeasure><QtyInPackage>לא ידוע</QtyInPackage><UnitOfMeasurePrice>0.0149</UnitOfMeasurePrice><AllowDiscount>1</AllowDiscount><ItemStatus>1</ItemStatus><ItemPrice>29.90</ItemPrice></item><item><PriceUpdateDate>2016-04-18 09:39:16</PriceUpdateDate><ItemCode>7290000412481</ItemCode><ItemType>1</ItemType><ItemName>מב סנו 00 מנקה אסלות</ItemName><ManufacturerName>סנו 00</ManufacturerName><ManufactureCountry>ישראל</ManufactureCountry><ManufacturerItemDescription>מנקה אסלות 1 00 ל .פז</ManufacturerItemDescription><SoldByWeight/><Quantity>1000.00</Quantity><UnitOfMeasure>מ"ל</UnitOfMeasure><QtyInPackage>לא ידוע</QtyInPackage><UnitOfMeasurePrice>0.0069</UnitOfMeasurePrice><AllowDiscount>1</AllowDiscount><ItemStatus>1</ItemStatus><ItemPrice>6.90</ItemPrice></item><item><PriceUpdateDate>2016-03-29 13:00:14</PriceUpdateDate><ItemCode>7290000412511</ItemCode><ItemType>1</ItemType><ItemName>חמים וטעים אורז ועדש</ItemName><ManufacturerName>אסם</ManufacturerName><ManufactureCountry>ישראל</ManufactureCountry><ManufacturerItemDescription>תבשיל מגדרה אורז ועדשים14</ManufacturerItemDescription><SoldByWeight/><Quantity>145.00</Quantity><UnitOfMeasure>גרם     </UnitOfMeasure><QtyInPackage>לא ידוע</QtyInPackage><UnitOfMeasurePrice>0.0890</UnitOfMeasurePrice><AllowDiscount>1</AllowDiscount><ItemStatus>1</ItemStatus><ItemPrice>12.90</ItemPrice></item><item><PriceUpdateDate>2016-03-29 13:00:14</PriceUpdateDate><ItemCode>7290000412535</ItemCode><ItemType>1</ItemType><ItemName>חמים וטעים פתיתים 13</ItemName><ManufacturerName>אסם</ManufacturerName><ManufactureCountry>ישראל</ManufactureCountry><ManufacturerItemDescription>תבשיל פתיתים אפויים עם יר</ManufacturerItemDescription><SoldByWeight/><Quantity>130.00</Quantity><UnitOfMeasure>גרם     </UnitOfMeasure><QtyInPackage>לא ידוע</QtyInPackage><UnitOfMeasurePrice>0.0992</UnitOfMeasurePrice><AllowDiscount>1</AllowDiscount><ItemStatus>1</ItemStatus><ItemPrice>12.90</ItemPrice></item><item><PriceUpdateDate>2016-03-16 15:40:28</PriceUpdateDate><ItemCode>7290000412559</ItemCode><ItemType>1</ItemType><ItemName>קוסקוס אמיתי שקית 35</ItemName><ManufacturerName>אסם</ManufacturerName><ManufactureCountry>ישראל</ManufactureCountry><ManufacturerItemDescription>קוסקוס אמיתי שקית 35</ManufacturerItemDescription><SoldByWeight/><Quantity>350.00</Quantity><UnitOfMeasure>גרם     </UnitOfMeasure><QtyInPackage>לא ידוע</QtyInPackage><UnitOfMeasurePrice>0.0226</UnitOfMeasurePrice><AllowDiscount>1</AllowDiscount><ItemStatus>1</ItemStatus><ItemPrice>7.90</ItemPrice></item><item><PriceUpdateDate>2016-03-16 15:40:28</PriceUpdateDate><ItemCode>7290000412566</ItemCode><ItemType>1</ItemType><ItemName>מנה חמה פירה עם בצל</ItemName><ManufacturerName>אסם</ManufacturerName><ManufactureCountry>ישראל</ManufactureCountry><ManufacturerItemDescription>תבשיל מנה חמה פירה בצל 56</ManufacturerItemDescription><SoldByWeight/><Quantity>14.00</Quantity><UnitOfMeasure>גרם     </UnitOfMeasure><QtyInPackage>לא ידוע</QtyInPackage><UnitOfMeasurePrice>0.4929</UnitOfMeasurePrice><AllowDiscount>1</AllowDiscount><ItemStatus>1</ItemStatus><ItemPrice>6.90</ItemPrice></item><item><PriceUpdateDate>2016-03-01 06:42:14</PriceUpdateDate><ItemCode>7290000412573</ItemCode><ItemType>1</ItemType><ItemName>קרוטונים למרק וסלט 4</ItemName><ManufacturerName>אסם</ManufacturerName><ManufactureCountry>ישראל</ManufactureCountry><ManufacturerItemDescription>קרוטונים למרק וסלט 4</ManufacturerItemDescription><SoldByWeight/><Quantity>400.00</Quantity><UnitOfMeasure>גרם     </UnitOfMeasure><QtyInPackage>לא ידוע</QtyInPackage><UnitOfMeasurePrice>0.0663</UnitOfMeasurePrice><AllowDiscount>1</AllowDiscount><ItemStatus>1</ItemStatus><ItemPrice>26.50</ItemPrice></item><item><PriceUpdateDate>2016-03-16 15:40:28</PriceUpdateDate><ItemCode>7290000412603</ItemCode><ItemType>1</ItemType><ItemName>מנה חמה תפו"א עם ירק</ItemName><ManufacturerName>אסם</ManufacturerName><ManufactureCountry>ישראל</ManufactureCountry><ManufacturerItemDescription>מנה חמה תפו"א עם ירק</ManufacturerItemDescription><SoldByWeight/><Quantity>55.00</Quantity><UnitOfMeasure>גרם     </UnitOfMeasure><QtyInPackage>לא ידוע</QtyInPackage><UnitOfMeasurePrice>0.1255</UnitOfMeasurePrice><AllowDiscount>1</AllowDiscount><ItemStatus>1</ItemStatus><ItemPrice>6.90</ItemPrice></item><item><PriceUpdateDate>2016-03-16 15:40:28</PriceUpdateDate><ItemCode>7290000412610</ItemCode><ItemType>1</ItemType><ItemName>מנה חמה פסטה מוקרמת5</ItemName><ManufacturerName>אסם</ManufacturerName><ManufactureCountry>ישראל</ManufactureCountry><ManufacturerItemDescription>תבשיל מנה חמה בטעם עוף55</ManufacturerItemDescription><SoldByWeight/><Quantity>55.00</Quantity><UnitOfMeasure>גרם     </UnitOfMeasure><QtyInPackage>לא ידוע</QtyInPackage><UnitOfMeasurePrice>0.1255</UnitOfMeasurePrice><AllowDiscount>1</AllowDiscount><ItemStatus>1</ItemStatus><ItemPrice>6.90</ItemPrice></item><item><PriceUpdateDate>2016-05-30 22:01:59</PriceUpdateDate><ItemCode>7290000412641</ItemCode><ItemType>1</ItemType><ItemName>תרכיז ויטמינצ''יק פט</ItemName><ManufacturerName>ויטמינצק</ManufacturerName><ManufactureCountry>ישראל</ManufactureCountry><ManufacturerItemDescription>תרכיז ויטמינצ''יק פט</ManufacturerItemDescription><SoldByWeight/><Quantity>1000.00</Quantity><UnitOfMeasure>מ"ל</UnitOfMeasure><QtyInPackage>לא ידוע</QtyInPackage><UnitOfMeasurePrice>0.0119</UnitOfMeasurePrice><AllowDiscount>1</AllowDiscount><ItemStatus>1</ItemStatus><ItemPrice>11.90</ItemPrice></item><item><PriceUpdateDate>2016-05-30 22:01:59</PriceUpdateDate><ItemCode>7290000412665</ItemCode><ItemType>1</ItemType><ItemName>תרכיז ויטמינציק אננס</ItemName><ManufacturerName>ויטמינצק</ManufacturerName><ManufactureCountry>ישראל</ManufactureCountry><ManufacturerItemDescription>תרכיז ויטמינציק אננס</ManufacturerItemDescription><SoldByWeight/><Quantity>1000.00</Quantity><UnitOfMeasure>מ"ל</UnitOfMeasure><QtyInPackage>לא ידוע</QtyInPackage><UnitOfMeasurePrice>0.0119</UnitOfMeasurePrice><AllowDiscount>1</AllowDiscount><ItemStatus>1</ItemStatus><ItemPrice>11.90</ItemPrice></item><item><PriceUpdateDate>2016-03-16 15:40:28</PriceUpdateDate><ItemCode>7290000412757</ItemCode><ItemType>1</ItemType><ItemName>חטיף ביסלי גריל 200</ItemName><ManufacturerName>ביסלי</ManufacturerName><ManufactureCountry>ישראל</ManufactureCountry><ManufacturerItemDescription>ביסלי גריל 200 גר</ManufacturerItemDescription><SoldByWeight/><Quantity>200.00</Quantity><UnitOfMeasure>גרם     </UnitOfMeasure><QtyInPackage>לא ידוע</QtyInPackage><UnitOfMeasurePrice>0.0395</UnitOfMeasurePrice><AllowDiscount>1</AllowDiscount><ItemStatus>1</ItemStatus><ItemPrice>7.90</ItemPrice></item><item><PriceUpdateDate>2016-03-16 15:40:28</PriceUpdateDate><ItemCode>7290000412771</ItemCode><ItemType>1</ItemType><ItemName>חטיף ביסלי ברביקיו 1</ItemName><ManufacturerName>ביסלי</ManufacturerName><ManufactureCountry>ישראל</ManufactureCountry><ManufacturerItemDescription>ביסלי ברביקיו 190 גר</ManufacturerItemDescription><SoldByWeight/><Quantity>190.00</Quantity><UnitOfMeasure>גרם     </UnitOfMeasure><QtyInPackage>לא ידוע</QtyInPackage><UnitOfMeasurePrice>0.0416</UnitOfMeasurePrice><AllowDiscount>1</AllowDiscount><ItemStatus>1</ItemStatus><ItemPrice>7.90</ItemPrice></item><item><PriceUpdateDate>2016-03-16 15:40:28</PriceUpdateDate><ItemCode>7290000412788</ItemCode><ItemType>1</ItemType><ItemName>חטיף ביסלי פיצה 200</ItemName><ManufacturerName>ביסלי</ManufacturerName><ManufactureCountry>ישראל</ManufactureCountry><ManufacturerItemDescription>ביסלי פיצה 200 גר</ManufacturerItemDescription><SoldByWeight/><Quantity>200.00</Quantity><UnitOfMeasure>גרם     </UnitOfMeasure><QtyInPackage>לא ידוע</QtyInPackage><UnitOfMeasurePrice>0.0395</UnitOfMeasurePrice><AllowDiscount>1</AllowDiscount><ItemStatus>1</ItemStatus><ItemPrice>7.90</ItemPrice></item><item><PriceUpdateDate>2016-05-30 22:01:59</PriceUpdateDate><ItemCode>7290000412795</ItemCode><ItemType>1</ItemType><ItemName>חטיף דובונים 40 גרם</ItemName><ManufacturerName>דובונים</ManufacturerName><ManufactureCountry>ישראל</ManufactureCountry><ManufacturerItemDescription>דובונים40 גר</ManufacturerItemDescription><SoldByWeight/><Quantity>40.00</Quantity><UnitOfMeasure>גרם     </UnitOfMeasure><QtyInPackage>לא ידוע</QtyInPackage><UnitOfMeasurePrice>0.1000</UnitOfMeasurePrice><AllowDiscount>1</AllowDiscount><ItemStatus>1</ItemStatus><ItemPrice>4.00</ItemPrice></item><item><PriceUpdateDate>2015-10-20 16:51:23</PriceUpdateDate><ItemCode>7290000412801</ItemCode><ItemType>1</ItemType><ItemName>במבה מתוקה תות 30 גר</ItemName><ManufacturerName>במבה</ManufacturerName><ManufactureCountry>ישראל</ManufactureCountry><ManufacturerItemDescription>במבה מתוקה תות 30 גר</ManufacturerItemDescription><SoldByWeight/><Quantity>30.00</Quantity><UnitOfMeasure>גרם     </UnitOfMeasure><QtyInPackage>לא ידוע</QtyInPackage><UnitOfMeasurePrice>0.1167</UnitOfMeasurePrice><AllowDiscount>1</AllowDiscount><ItemStatus>1</ItemStatus><ItemPrice>3.50</ItemPrice></item><item><PriceUpdateDate>2016-05-30 22:01:59</PriceUpdateDate><ItemCode>7290000412825</ItemCode><ItemType>1</ItemType><ItemName>במבה 80 גרם</ItemName><ManufacturerName>במבה</ManufacturerName><ManufactureCountry>ישראל</ManufactureCountry><ManufacturerItemDescription>במבה 80 גרם</ManufacturerItemDescription><SoldByWeight/><Quantity>80.00</Quantity><UnitOfMeasure>גרם     </UnitOfMeasure><QtyInPackage>לא ידוע</QtyInPackage><UnitOfMeasurePrice>0.0563</UnitOfMeasurePrice><AllowDiscount>1</AllowDiscount><ItemStatus>1</ItemStatus><ItemPrice>4.50</ItemPrice></item><item><PriceUpdateDate>2016-05-30 22:01:59</PriceUpdateDate><ItemCode>7290000412832</ItemCode><ItemType>1</ItemType><ItemName>חטיף אפרופו 50 גרם</ItemName><ManufacturerName>אפרופו</ManufacturerName><ManufactureCountry>ישראל</ManufactureCountry><ManufacturerItemDescription>אפרופו50 גר.שקית</ManufacturerItemDescription><SoldByWeight/><Quantity>14.00</Quantity><UnitOfMeasure>גרם     </UnitOfMeasure><QtyInPackage>לא ידוע</QtyInPackage><UnitOfMeasurePrice>0.3071</UnitOfMeasurePrice><AllowDiscount>1</AllowDiscount><ItemStatus>1</ItemStatus><ItemPrice>4.30</ItemPrice></item><item><PriceUpdateDate>2015-10-20 16:51:23</PriceUpdateDate><ItemCode>7290000412863</ItemCode><ItemType>1</ItemType><ItemName>חטיף פופקורן חמאה וד</ItemName><ManufacturerName>אסם</ManufacturerName><ManufactureCountry>ישראל</ManufactureCountry><ManufacturerItemDescription>חטיף פופקו תירס חמאה ודבש</ManufacturerItemDescription><SoldByWeight/><Quantity>80.00</Quantity><UnitOfMeasure>גרם     </UnitOfMeasure><QtyInPackage>לא ידוע</QtyInPackage><UnitOfMeasurePrice>0.0863</UnitOfMeasurePrice><AllowDiscount>1</AllowDiscount><ItemStatus>1</ItemStatus><ItemPrice>6.90</ItemPrice></item><item><PriceUpdateDate>2016-05-30 22:01:59</PriceUpdateDate><ItemCode>7290000412887</ItemCode><ItemType>1</ItemType><ItemName>תרכיז ויטמינציק ענבי</ItemName><ManufacturerName>ויטמינצק</ManufacturerName><ManufactureCountry>ישראל</ManufactureCountry><ManufacturerItemDescription>תרכיז ויטמינציק ענבי</ManufacturerItemDescription><SoldByWeight/><Quantity>1000.00</Quantity><UnitOfMeasure>מ"ל</UnitOfMeasure><QtyInPackage>לא ידוע</QtyInPackage><UnitOfMeasurePrice>0.0119</UnitOfMeasurePrice><AllowDiscount>1</AllowDiscount><ItemStatus>1</ItemStatus><ItemPrice>11.90</ItemPrice></item><item><PriceUpdateDate>2016-05-30 22:01:59</PriceUpdateDate><ItemCode>7290000412894</ItemCode><ItemType>1</ItemType><ItemName>תרכיז ויטמינציק תפו"</ItemName><ManufacturerName>ויטמינצק</ManufacturerName><ManufactureCountry>ישראל</ManufactureCountry><ManufacturerItemDescription>תרכיז ויטמינציק תפו"</ManufacturerItemDescription><SoldByWeight/><Quantity>1000.00</Quantity><UnitOfMeasure>מ"ל</UnitOfMeasure><QtyInPackage>לא ידוע</QtyInPackage><UnitOfMeasurePrice>0.0119</UnitOfMeasurePrice><AllowDiscount>1</AllowDiscount><ItemStatus>1</ItemStatus><ItemPrice>11.90</ItemPrice></item><item><PriceUpdateDate>2015-11-12 18:18:32</PriceUpdateDate><ItemCode>7290000412900</ItemCode><ItemType>1</ItemType><ItemName>עוגיות ממולאות שוקול</ItemName><ManufacturerName>לא ידוע</ManufacturerName><ManufactureCountry>ישראל</ManufactureCountry><ManufacturerItemDescription>עוגיות מיני ממולאות שוקול</ManufacturerItemDescription><SoldByWeight/><Quantity>300.00</Quantity><UnitOfMeasure>גרם     </UnitOfMeasure><QtyInPackage>לא ידוע</QtyInPackage><UnitOfMeasurePrice>0.0450</UnitOfMeasurePrice><AllowDiscount>1</AllowDiscount><ItemStatus>1</ItemStatus><ItemPrice>13.50</ItemPrice></item><item><PriceUpdateDate>2016-02-08 08:26:57</PriceUpdateDate><ItemCode>7290000412962</ItemCode><ItemType>1</ItemType><ItemName>חטיף ביסלי מולטיפק 6</ItemName><ManufacturerName>ביסלי</ManufacturerName><ManufactureCountry>ישראל</ManufactureCountry><ManufacturerItemDescription>חטיף ביסלי מולטיפק 6</ManufacturerItemDescription><SoldByWeight/><Quantity>210.00</Quantity><UnitOfMeasure>גרם     </UnitOfMeasure><QtyInPackage>לא ידוע</QtyInPackage><UnitOfMeasurePrice>0.0757</UnitOfMeasurePrice><AllowDiscount>1</AllowDiscount><ItemStatus>1</ItemStatus><ItemPrice>15.90</ItemPrice></item><item><PriceUpdateDate>2016-05-24 09:31:27</PriceUpdateDate><ItemCode>7290000413006</ItemCode><ItemType>1</ItemType><ItemName>פודינג טעם שוקולד כש</ItemName><ManufacturerName>אסם</ManufacturerName><ManufactureCountry>ישראל</ManufactureCountry><ManufacturerItemDescription>פודינג טעם שוקולד כש</ManufacturerItemDescription><SoldByWeight/><Quantity>95.00</Quantity><UnitOfMeasure>גרם     </UnitOfMeasure><QtyInPackage>לא ידוע</QtyInPackage><UnitOfMeasurePrice>0.0579</UnitOfMeasurePrice><AllowDiscount>1</AllowDiscount><ItemStatus>1</ItemStatus><ItemPrice>5.50</ItemPrice></item><item><PriceUpdateDate>2016-03-16 15:40:28</PriceUpdateDate><ItemCode>7290000413020</ItemCode><ItemType>1</ItemType><ItemName>פודינג בטעם וניל 80</ItemName><ManufacturerName>אסם</ManufacturerName><ManufactureCountry>ישראל</ManufactureCountry><ManufacturerItemDescription>פודינג וניל 80 גרם</ManufacturerItemDescription><SoldByWeight/><Quantity>80.00</Quantity><UnitOfMeasure>גרם     </UnitOfMeasure><QtyInPackage>לא ידוע</QtyInPackage><UnitOfMeasurePrice>0.0688</UnitOfMeasurePrice><AllowDiscount>1</AllowDiscount><ItemStatus>1</ItemStatus><ItemPrice>5.50</ItemPrice></item><item><PriceUpdateDate>2016-03-16 15:40:28</PriceUpdateDate><ItemCode>7290000413037</ItemCode><ItemType>1</ItemType><ItemName>פודינג בטעם שוקולד 9</ItemName><ManufacturerName>אסם</ManufacturerName><ManufactureCountry>ישראל</ManufactureCountry><ManufacturerItemDescription>פודינג בטעם שוקולד 95 גרם</ManufacturerItemDescription><SoldByWeight/><Quantity>95.00</Quantity><UnitOfMeasure>גרם     </UnitOfMeasure><QtyInPackage>לא ידוע</QtyInPackage><UnitOfMeasurePrice>0.0579</UnitOfMeasurePrice><AllowDiscount>1</AllowDiscount><ItemStatus>1</ItemStatus><ItemPrice>5.50</ItemPrice></item><item><PriceUpdateDate>2015-10-21 16:18:25</PriceUpdateDate><ItemCode>7290000413051</ItemCode><ItemType>1</ItemType><ItemName>אבקת ג''לי תות שדה</ItemName><ManufacturerName>אסם</ManufacturerName><ManufactureCountry>ישראל</ManufactureCountry><ManufacturerItemDescription>גלי בזק טעם תות שדה 90 גר</ManufacturerItemDescription><SoldByWeight/><Quantity>14.00</Quantity><UnitOfMeasure>גרם     </UnitOfMeasure><QtyInPackage>לא ידוע</QtyInPackage><UnitOfMeasurePrice>0.5571</UnitOfMeasurePrice><AllowDiscount>1</AllowDiscount><ItemStatus>1</ItemStatus><ItemPrice>7.80</ItemPrice></item><item><PriceUpdateDate>2015-10-21 16:18:25</PriceUpdateDate><ItemCode>7290000413075</ItemCode><ItemType>1</ItemType><ItemName>אבקת ג''לי 85 גרם</ItemName><ManufacturerName>אסם</ManufacturerName><ManufactureCountry>ישראל</ManufactureCountry><ManufacturerItemDescription>גלי בזק טעם פטל 85 גרם</ManufacturerItemDescription><SoldByWeight/><Quantity>14.00</Quantity><UnitOfMeasure>גרם     </UnitOfMeasure><QtyInPackage>לא ידוע</QtyInPackage><UnitOfMeasurePrice>0.5571</UnitOfMeasurePrice><AllowDiscount>1</AllowDiscount><ItemStatus>1</ItemStatus><ItemPrice>7.80</ItemPrice></item><item><PriceUpdateDate>2015-10-21 16:18:25</PriceUpdateDate><ItemCode>7290000413099</ItemCode><ItemType>1</ItemType><ItemName>אבקת ג''לי אננס</ItemName><ManufacturerName>אסם</ManufacturerName><ManufactureCountry>ישראל</ManufactureCountry><ManufacturerItemDescription>אבקת ג''לי אננס</ManufacturerItemDescription><SoldByWeight/><Quantity>14.00</Quantity><UnitOfMeasure>גרם     </UnitOfMeasure><QtyInPackage>לא ידוע</QtyInPackage><UnitOfMeasurePrice>0.5571</UnitOfMeasurePrice><AllowDiscount>1</AllowDiscount><ItemStatus>1</ItemStatus><ItemPrice>7.80</ItemPrice></item><item><PriceUpdateDate>2016-05-30 22:01:59</PriceUpdateDate><ItemCode>7290000413105</ItemCode><ItemType>1</ItemType><ItemName>מנה חמה תפו'א עם ירק</ItemName><ManufacturerName>אסם</ManufacturerName><ManufactureCountry>ישראל</ManufactureCountry><ManufacturerItemDescription>מנה חמה תפוא עם ירקות</ManufacturerItemDescription><SoldByWeight/><Quantity>47.00</Quantity><UnitOfMeasure>גרם     </UnitOfMeasure><QtyInPackage>לא ידוע</QtyInPackage><UnitOfMeasurePrice>0.1255</UnitOfMeasurePrice><AllowDiscount>1</AllowDiscount><ItemStatus>1</ItemStatus><ItemPrice>5.90</ItemPrice></item><item><PriceUpdateDate>2016-05-30 22:01:59</PriceUpdateDate><ItemCode>7290000413143</ItemCode><ItemType>1</ItemType><ItemName>במבה אסם 80 גרם</ItemName><ManufacturerName>במבה</ManufacturerName><ManufactureCountry>ישראל</ManufactureCountry><ManufacturerItemDescription>במבה אסם 80 גרם</ManufacturerItemDescription><SoldByWeight/><Quantity>14.00</Quantity><UnitOfMeasure>גרם     </UnitOfMeasure><QtyInPackage>לא ידוע</QtyInPackage><UnitOfMeasurePrice>0.3214</UnitOfMeasurePrice><AllowDiscount>0</AllowDiscount><ItemStatus>1</ItemStatus><ItemPrice>4.50</ItemPrice></item><item><PriceUpdateDate>2015-10-11 18:10:31</PriceUpdateDate><ItemCode>7290000413150</ItemCode><ItemType>1</ItemType><ItemName>במבה יום הולדת 25 גר</ItemName><ManufacturerName>במבה</ManufacturerName><ManufactureCountry>ישראל</ManufactureCountry><ManufacturerItemDescription>במבה יום הולדת 25 גר</ManufacturerItemDescription><SoldByWeight/><Quantity>25.00</Quantity><UnitOfMeasure>גרם     </UnitOfMeasure><QtyInPackage>לא ידוע</QtyInPackage><UnitOfMeasurePrice>0.1280</UnitOfMeasurePrice><AllowDiscount>1</AllowDiscount><ItemStatus>1</ItemStatus><ItemPrice>3.20</ItemPrice></item><item><PriceUpdateDate>2016-03-29 06:16:50</PriceUpdateDate><ItemCode>7290000413280</ItemCode><ItemType>1</ItemType><ItemName>תבשיל פסטה ברוטב פטר</ItemName><ManufacturerName>אסם</ManufacturerName><ManufactureCountry>ישראל</ManufactureCountry><ManufacturerItemDescription>תבשיל פסטה ברוטב פטריות14</ManufacturerItemDescription><SoldByWeight/><Quantity>143.00</Quantity><UnitOfMeasure>מ"ל</UnitOfMeasure><QtyInPackage>לא ידוע</QtyInPackage><UnitOfMeasurePrice>0.0902</UnitOfMeasurePrice><AllowDiscount>1</AllowDiscount><ItemStatus>1</ItemStatus><ItemPrice>12.90</ItemPrice></item><item><PriceUpdateDate>2016-05-30 22:01:59</PriceUpdateDate><ItemCode>7290000413297</ItemCode><ItemType>1</ItemType><ItemName>מב חטיפי קרקר 300 גר</ItemName><ManufacturerName>חטיפי קרקר- אסם</ManufacturerName><ManufactureCountry>ישראל</ManufactureCountry><ManufacturerItemDescription>מב חטיפי קרקר 300 גר</ManufacturerItemDescription><SoldByWeight/><Quantity>300.00</Quantity><UnitOfMeasure>גרם     </UnitOfMeasure><QtyInPackage>לא ידוע</QtyInPackage><UnitOfMeasurePrice>0.0330</UnitOfMeasurePrice><AllowDiscount>1</AllowDiscount><ItemStatus>1</ItemStatus><ItemPrice>9.90</ItemPrice></item><item><PriceUpdateDate>2016-05-01 21:45:59</PriceUpdateDate><ItemCode>7290000413358</ItemCode><ItemType>1</ItemType><ItemName>מרק עוף אמיתי אסם 40</ItemName><ManufacturerName>אסם</ManufacturerName><ManufactureCountry>ישראל</ManufactureCountry><ManufacturerItemDescription>מרק עוף אמיתי 400 גרם</ManufacturerItemDescription><SoldByWeight/><Quantity>400.00</Quantity><UnitOfMeasure>גרם     </UnitOfMeasure><QtyInPackage>לא ידוע</QtyInPackage><UnitOfMeasurePrice>0.0660</UnitOfMeasurePrice><AllowDiscount>1</AllowDiscount><ItemStatus>1</ItemStatus><ItemPrice>26.40</ItemPrice></item><item><PriceUpdateDate>2016-05-30 22:01:59</PriceUpdateDate><ItemCode>7290000413389</ItemCode><ItemType>1</ItemType><ItemName>מב אבקת מרק בצל במיכ</ItemName><ManufacturerName>אסם</ManufacturerName><ManufactureCountry>ישראל</ManufactureCountry><ManufacturerItemDescription>מרק בצל 400 גרם</ManufacturerItemDescription><SoldByWeight/><Quantity>400.00</Quantity><UnitOfMeasure>גרם     </UnitOfMeasure><QtyInPackage>לא ידוע</QtyInPackage><UnitOfMeasurePrice>0.0597</UnitOfMeasurePrice><AllowDiscount>1</AllowDiscount><ItemStatus>1</ItemStatus><ItemPrice>23.90</ItemPrice></item><item><PriceUpdateDate>2016-05-30 22:01:59</PriceUpdateDate><ItemCode>7290000413457</ItemCode><ItemType>1</ItemType><ItemName>מב רוטב לסלט אלף איי</ItemName><ManufacturerName>אסם</ManufacturerName><ManufactureCountry>ישראל</ManufactureCountry><ManufacturerItemDescription>רוטב אלף האיים 290 מל</ManufacturerItemDescription><SoldByWeight/><Quantity>290.00</Quantity><UnitOfMeasure>מ"ל</UnitOfMeasure><QtyInPackage>לא ידוע</QtyInPackage><UnitOfMeasurePrice>0.0376</UnitOfMeasurePrice><AllowDiscount>1</AllowDiscount><ItemStatus>1</ItemStatus><ItemPrice>10.90</ItemPrice></item><item><PriceUpdateDate>2016-05-30 22:01:59</PriceUpdateDate><ItemCode>7290000413464</ItemCode><ItemType>1</ItemType><ItemName>רוטב סויה סגנון סיני</ItemName><ManufacturerName>אסם</ManufacturerName><ManufactureCountry>ישראל</ManufactureCountry><ManufacturerItemDescription>רוטב סויה סגנון סיני 290</ManufacturerItemDescription><SoldByWeight/><Quantity>290.00</Quantity><UnitOfMeasure>מ"ל</UnitOfMeasure><QtyInPackage>לא ידוע</QtyInPackage><UnitOfMeasurePrice>0.0362</UnitOfMeasurePrice><AllowDiscount>1</AllowDiscount><ItemStatus>1</ItemStatus><ItemPrice>10.50</ItemPrice></item><item><PriceUpdateDate>2016-05-30 22:01:59</PriceUpdateDate><ItemCode>7290000413471</ItemCode><ItemType>1</ItemType><ItemName>רוטב פיצה 290 מ''ל</ItemName><ManufacturerName>אסם</ManufacturerName><ManufactureCountry>ישראל</ManufactureCountry><ManufacturerItemDescription>רוטב פיצה 290 מ''ל</ManufacturerItemDescription><SoldByWeight/><Quantity>290.00</Quantity><UnitOfMeasure>מ"ל</UnitOfMeasure><QtyInPackage>לא ידוע</QtyInPackage><UnitOfMeasurePrice>0.0362</UnitOfMeasurePrice><AllowDiscount>1</AllowDiscount><ItemStatus>1</ItemStatus><ItemPrice>10.50</ItemPrice></item><item><PriceUpdateDate>2016-05-30 22:02:00</PriceUpdateDate><ItemCode>7290000413532</ItemCode><ItemType>1</ItemType><ItemName>קטשופ אסם רכיבים טבע</ItemName><ManufacturerName>אסם</ManufacturerName><ManufactureCountry>ישראל</ManufactureCountry><ManufacturerItemDescription>קטשופ לחיץ רגיל 750 גרם</ManufacturerItemDescription><SoldByWeight/><Quantity>750.00</Quantity><UnitOfMeasure>גרם     </UnitOfMeasure><QtyInPackage>לא ידוע</QtyInPackage><UnitOfMeasurePrice>0.0153</UnitOfMeasurePrice><AllowDiscount>0</AllowDiscount><ItemStatus>1</ItemStatus><ItemPrice>11.50</ItemPrice></item><item><PriceUpdateDate>2016-05-30 22:02:00</PriceUpdateDate><ItemCode>7290000413570</ItemCode><ItemType>1</ItemType><ItemName>קפה נמס טסטר'ס צ'ויס</ItemName><ManufacturerName>טסטרס צויס</ManufacturerName><ManufactureCountry>ישראל</ManufactureCountry><ManufacturerItemDescription>קפה טסטרס צויס  'ויס200ג</ManufacturerItemDescription><SoldByWeight/><Quantity>200.00</Quantity><UnitOfMeasure>גרם     </UnitOfMeasure><QtyInPackage>לא ידוע</QtyInPackage><UnitOfMeasurePrice>0.1645</UnitOfMeasurePrice><AllowDiscount>1</AllowDiscount><ItemStatus>1</ItemStatus><ItemPrice>32.90</ItemPrice></item><item><PriceUpdateDate>2015-11-12 18:18:32</PriceUpdateDate><ItemCode>7290000413587</ItemCode><ItemType>1</ItemType><ItemName>קפה נמס טסטר'ס צ'ויס</ItemName><ManufacturerName>טסטרס צויס</ManufacturerName><ManufactureCountry>ישראל</ManufactureCountry><ManufacturerItemDescription>קפה נמס טסטר'ס צ'ויס</ManufacturerItemDescription><SoldByWeight/><Quantity>100.00</Quantity><UnitOfMeasure>גרם     </UnitOfMeasure><QtyInPackage>לא ידוע</QtyInPackage><UnitOfMeasurePrice>0.3220</UnitOfMeasurePrice><AllowDiscount>1</AllowDiscount><ItemStatus>1</ItemStatus><ItemPrice>32.20</ItemPrice></item><item><PriceUpdateDate>2016-05-30 22:02:00</PriceUpdateDate><ItemCode>7290000413594</ItemCode><ItemType>1</ItemType><ItemName>טסטר'ס צ'ויס נטול קפ</ItemName><ManufacturerName>ג'יקובס</ManufacturerName><ManufactureCountry>ישראל</ManufactureCountry><ManufacturerItemDescription>קפה טסטרס צויס  ופאין200</ManufacturerItemDescription><SoldByWeight/><Quantity>200.00</Quantity><UnitOfMeasure>גרם     </UnitOfMeasure><QtyInPackage>לא ידוע</QtyInPackage><UnitOfMeasurePrice>0.1985</UnitOfMeasurePrice><AllowDiscount>1</AllowDiscount><ItemStatus>1</ItemStatus><ItemPrice>39.70</ItemPrice></item><item><PriceUpdateDate>2016-05-30 22:02:00</PriceUpdateDate><ItemCode>7290000413631</ItemCode><ItemType>1</ItemType><ItemName>מב רוטב לסלט אלף האי</ItemName><ManufacturerName>אסם</ManufacturerName><ManufactureCountry>ישראל</ManufactureCountry><ManufacturerItemDescription>רוטב אלף האיים לייט 290 5</ManufacturerItemDescription><SoldByWeight/><Quantity>290.00</Quantity><UnitOfMeasure>מ"ל</UnitOfMeasure><QtyInPackage>לא ידוע</QtyInPackage><UnitOfMeasurePrice>0.0376</UnitOfMeasurePrice><AllowDiscount>1</AllowDiscount><ItemStatus>1</ItemStatus><ItemPrice>10.90</ItemPrice></item><item><PriceUpdateDate>2016-05-30 22:02:00</PriceUpdateDate><ItemCode>7290000413648</ItemCode><ItemType>1</ItemType><ItemName>מב רוטב שום 290 מ"ל</ItemName><ManufacturerName>אסם</ManufacturerName><ManufactureCountry>ישראל</ManufactureCountry><ManufacturerItemDescription>רוטב שום לייט 290 5% מל</ManufacturerItemDescription><SoldByWeight/><Quantity>290.00</Quantity><UnitOfMeasure>מ"ל</UnitOfMeasure><QtyInPackage>לא ידוע</QtyInPackage><UnitOfMeasurePrice>0.0376</UnitOfMeasurePrice><AllowDiscount>1</AllowDiscount><ItemStatus>1</ItemStatus><ItemPrice>10.90</ItemPrice></item><item><PriceUpdateDate>2016-05-02 08:05:31</PriceUpdateDate><ItemCode>7290000413655</ItemCode><ItemType>1</ItemType><ItemName>מב דגני בוקר סיני מי</ItemName><ManufacturerName>סיני מיני</ManufacturerName><ManufactureCountry>פולין</ManufactureCountry><ManufacturerItemDescription>הוטפופ מלח      ח100*5ג</ManufacturerItemDescription><SoldByWeight/><Quantity>500.00</Quantity><UnitOfMeasure>גרם     </UnitOfMeasure><QtyInPackage>לא ידוע</QtyInPackage><UnitOfMeasurePrice>0.0398</UnitOfMeasurePrice><AllowDiscount>1</AllowDiscount><ItemStatus>1</ItemStatus><ItemPrice>19.90</ItemPrice></item><item><PriceUpdateDate>2016-05-30 22:02:00</PriceUpdateDate><ItemCode>7290000413693</ItemCode><ItemType>1</ItemType><ItemName>מנה חמה נודלס איטריו</ItemName><ManufacturerName>אסם</ManufacturerName><ManufactureCountry>ישראל</ManufactureCountry><ManufacturerItemDescription>מנה חמה נודלס   עוף70גרם</ManufacturerItemDescription><SoldByWeight/><Quantity>70.00</Quantity><UnitOfMeasure>גרם     </UnitOfMeasure><QtyInPackage>לא ידוע</QtyInPackage><UnitOfMeasurePrice>0.0843</UnitOfMeasurePrice><AllowDiscount>1</AllowDiscount><ItemStatus>1</ItemStatus><ItemPrice>5.90</ItemPrice></item><item><PriceUpdateDate>2016-05-30 22:02:00</PriceUpdateDate><ItemCode>7290000413709</ItemCode><ItemType>1</ItemType><ItemName>מנה חמה נודלס טעם בק</ItemName><ManufacturerName>אסם</ManufacturerName><ManufactureCountry>ישראל</ManufactureCountry><ManufacturerItemDescription>מנה חמה נודלס טעם בק</ManufacturerItemDescription><SoldByWeight/><Quantity>70.00</Quantity><UnitOfMeasure>גרם     </UnitOfMeasure><QtyInPackage>לא ידוע</QtyInPackage><UnitOfMeasurePrice>0.0843</UnitOfMeasurePrice><AllowDiscount>1</AllowDiscount><ItemStatus>1</ItemStatus><ItemPrice>5.90</ItemPrice></item><item><PriceUpdateDate>2016-05-30 22:02:00</PriceUpdateDate><ItemCode>7290000413716</ItemCode><ItemType>1</ItemType><ItemName>מנה חמה נודלס טעם צי</ItemName><ManufacturerName>אסם</ManufacturerName><ManufactureCountry>ישראל</ManufactureCountry><ManufacturerItemDescription>מנה חמה נודלס טעם צי</ManufacturerItemDescription><SoldByWeight/><Quantity>70.00</Quantity><UnitOfMeasure>גרם     </UnitOfMeasure><QtyInPackage>לא ידוע</QtyInPackage><UnitOfMeasurePrice>0.0843</UnitOfMeasurePrice><AllowDiscount>1</AllowDiscount><ItemStatus>1</ItemStatus><ItemPrice>5.90</ItemPrice></item><item><PriceUpdateDate>2016-03-29 06:16:50</PriceUpdateDate><ItemCode>7290000413723</ItemCode><ItemType>1</ItemType><ItemName>מארז צ'יפסי 4*50 גרם</ItemName><ManufacturerName>ציפסי</ManufacturerName><ManufactureCountry>ישראל</ManufactureCountry><ManufacturerItemDescription>מארז צ'יפסי 4*50 גרם</ManufacturerItemDescription><SoldByWeight/><Quantity>200.00</Quantity><UnitOfMeasure>גרם     </UnitOfMeasure><QtyInPackage>לא ידוע</QtyInPackage><UnitOfMeasurePrice>0.0645</UnitOfMeasurePrice><AllowDiscount>1</AllowDiscount><ItemStatus>1</ItemStatus><ItemPrice>12.90</ItemPrice></item><item><PriceUpdateDate>2016-05-30 22:02:00</PriceUpdateDate><ItemCode>7290000413747</ItemCode><ItemType>1</ItemType><ItemName>פתי בר שוקו 500 גרם</ItemName><ManufacturerName>פתי בר אסם</ManufacturerName><ManufactureCountry>ישראל</ManufactureCountry><ManufacturerItemDescription>ביסקויט פתיבר שוקו 500 גר</ManufacturerItemDescription><SoldByWeight/><Quantity>500.00</Quantity><UnitOfMeasure>גרם     </UnitOfMeasure><QtyInPackage>לא ידוע</QtyInPackage><UnitOfMeasurePrice>0.0258</UnitOfMeasurePrice><AllowDiscount>1</AllowDiscount><ItemStatus>1</ItemStatus><ItemPrice>12.90</ItemPrice></item><item><PriceUpdateDate>2015-11-12 18:18:33</PriceUpdateDate><ItemCode>7290000413754</ItemCode><ItemType>1</ItemType><ItemName>פתי בר בינוני 250 גר</ItemName><ManufacturerName>לא ידוע</ManufacturerName><ManufactureCountry>ישראל</ManufactureCountry><ManufacturerItemDescription>פתיבר 250 גר</ManufacturerItemDescription><SoldByWeight/><Quantity>250.00</Quantity><UnitOfMeasure>גרם     </UnitOfMeasure><QtyInPackage>לא ידוע</QtyInPackage><UnitOfMeasurePrice>0.0348</UnitOfMeasurePrice><AllowDiscount>1</AllowDiscount><ItemStatus>1</ItemStatus><ItemPrice>8.70</ItemPrice></item><item><PriceUpdateDate>2016-03-16 15:40:29</PriceUpdateDate><ItemCode>7290000413761</ItemCode><ItemType>1</ItemType><ItemName>פתי בר וניל 500 גרם</ItemName><ManufacturerName>אסם</ManufacturerName><ManufactureCountry>ישראל</ManufactureCountry><ManufacturerItemDescription>ביסקויט פתיבר 500 גר</ManufacturerItemDescription><SoldByWeight/><Quantity>500.00</Quantity><UnitOfMeasure>גרם     </UnitOfMeasure><QtyInPackage>לא ידוע</QtyInPackage><UnitOfMeasurePrice>0.0218</UnitOfMeasurePrice><AllowDiscount>1</AllowDiscount><ItemStatus>1</ItemStatus><ItemPrice>10.90</ItemPrice></item><item><PriceUpdateDate>2016-05-09 06:43:00</PriceUpdateDate><ItemCode>7290000413778</ItemCode><ItemType>1</ItemType><ItemName>קרם קרקר 227 גרם</ItemName><ManufacturerName>קרקר אסם</ManufacturerName><ManufactureCountry>ישראל</ManufactureCountry><ManufacturerItemDescription>קרם קרקר250 גר</ManufacturerItemDescription><SoldByWeight/><Quantity>227.00</Quantity><UnitOfMeasure>גרם     </UnitOfMeasure><QtyInPackage>לא ידוע</QtyInPackage><UnitOfMeasurePrice>0.0436</UnitOfMeasurePrice><AllowDiscount>1</AllowDiscount><ItemStatus>1</ItemStatus><ItemPrice>9.90</ItemPrice></item><item><PriceUpdateDate>2015-10-22 16:10:09</PriceUpdateDate><ItemCode>7290000413785</ItemCode><ItemType>1</ItemType><ItemName>קרקר שומשום 250 גרם</ItemName><ManufacturerName>קרם קרקר אסם</ManufacturerName><ManufactureCountry>ישראל</ManufactureCountry><ManufacturerItemDescription>קרקר שומשום250 גר</ManufacturerItemDescription><SoldByWeight/><Quantity>250.00</Quantity><UnitOfMeasure>גרם     </UnitOfMeasure><QtyInPackage>לא ידוע</QtyInPackage><UnitOfMeasurePrice>0.0416</UnitOfMeasurePrice><AllowDiscount>1</AllowDiscount><ItemStatus>1</ItemStatus><ItemPrice>10.40</ItemPrice></item><item><PriceUpdateDate>2015-10-22 16:10:09</PriceUpdateDate><ItemCode>7290000413792</ItemCode><ItemType>1</ItemType><ItemName>קרקר פיקנטי 250 גרם</ItemName><ManufacturerName>קרקר אסם</ManufacturerName><ManufactureCountry>ישראל</ManufactureCountry><ManufacturerItemDescription>טבעון קרקר פיקנטי250 גר</ManufacturerItemDescription><SoldByWeight/><Quantity>250.00</Quantity><UnitOfMeasure>גרם     </UnitOfMeasure><QtyInPackage>לא ידוע</QtyInPackage><UnitOfMeasurePrice>0.0460</UnitOfMeasurePrice><AllowDiscount>1</AllowDiscount><ItemStatus>1</ItemStatus><ItemPrice>11.50</ItemPrice></item><item><PriceUpdateDate>2015-10-21 08:14:12</PriceUpdateDate><ItemCode>7290000413808</ItemCode><ItemType>1</ItemType><ItemName>לחמית עם סובין230 גר</ItemName><ManufacturerName>לחמית</ManufacturerName><ManufactureCountry>ישראל</ManufactureCountry><ManufacturerItemDescription>לחמית עם סובין 230 גרם</ManufacturerItemDescription><SoldByWeight/><Quantity>230.00</Quantity><UnitOfMeasure>גרם     </UnitOfMeasure><QtyInPackage>לא ידוע</QtyInPackage><UnitOfMeasurePrice>0.0430</UnitOfMeasurePrice><AllowDiscount>1</AllowDiscount><ItemStatus>1</ItemStatus><ItemPrice>9.90</ItemPrice></item><item><PriceUpdateDate>2016-05-30 22:02:00</PriceUpdateDate><ItemCode>7290000413839</ItemCode><ItemType>1</ItemType><ItemName>קרקר זהב 150 גרם</ItemName><ManufacturerName>קרקר אסם</ManufacturerName><ManufactureCountry>ישראל</ManufactureCountry><ManufacturerItemDescription>קרקר זהב 150 גרם</ManufacturerItemDescription><SoldByWeight/><Quantity>150.00</Quantity><UnitOfMeasure>גרם     </UnitOfMeasure><QtyInPackage>לא ידוע</QtyInPackage><UnitOfMeasurePrice>0.0487</UnitOfMeasurePrice><AllowDiscount>1</AllowDiscount><ItemStatus>1</ItemStatus><ItemPrice>7.30</ItemPrice></item><item><PriceUpdateDate>2015-11-12 18:18:33</PriceUpdateDate><ItemCode>7290000413846</ItemCode><ItemType>1</ItemType><ItemName>פתי בר בינוני 1 קג</ItemName><ManufacturerName>לא ידוע</ManufacturerName><ManufactureCountry>ישראל</ManufactureCountry><ManufacturerItemDescription>פתי בר בינוני 1 קג</ManufacturerItemDescription><SoldByWeight/><Quantity>1000.00</Quantity><UnitOfMeasure>גרם     </UnitOfMeasure><QtyInPackage>לא ידוע</QtyInPackage><UnitOfMeasurePrice>0.0233</UnitOfMeasurePrice><AllowDiscount>1</AllowDiscount><ItemStatus>1</ItemStatus><ItemPrice>23.30</ItemPrice></item><item><PriceUpdateDate>2015-10-22 16:10:09</PriceUpdateDate><ItemCode>7290000413853</ItemCode><ItemType>1</ItemType><ItemName>קרם קרקר 1 קג</ItemName><ManufacturerName>קרם קרקר אסם</ManufacturerName><ManufactureCountry>ישראל</ManufactureCountry><ManufacturerItemDescription>קרם קרקר 1 קג</ManufacturerItemDescription><SoldByWeight/><Quantity>1000.00</Quantity><UnitOfMeasure>גרם     </UnitOfMeasure><QtyInPackage>לא ידוע</QtyInPackage><UnitOfMeasurePrice>0.0334</UnitOfMeasurePrice><AllowDiscount>1</AllowDiscount><ItemStatus>1</ItemStatus><ItemPrice>33.40</ItemPrice></item><item><PriceUpdateDate>2015-10-22 16:10:09</PriceUpdateDate><ItemCode>7290000413945</ItemCode><ItemType>1</ItemType><ItemName>עוגיות מיני שוקוצ'יפ</ItemName><ManufacturerName>לא ממותג</ManufacturerName><ManufactureCountry>ישראל</ManufactureCountry><ManufacturerItemDescription>עוגיות מיני שוקוצ'יפ</ManufacturerItemDescription><SoldByWeight/><Quantity>225.00</Quantity><UnitOfMeasure>גרם     </UnitOfMeasure><QtyInPackage>לא ידוע</QtyInPackage><UnitOfMeasurePrice>0.0560</UnitOfMeasurePrice><AllowDiscount>1</AllowDiscount><ItemStatus>1</ItemStatus><ItemPrice>12.60</ItemPrice></item><item><PriceUpdateDate>2016-02-08 09:04:52</PriceUpdateDate><ItemCode>7290000413952</ItemCode><ItemType>1</ItemType><ItemName>עוגיות שוקוצ'יפס קלא</ItemName><ManufacturerName>אסם</ManufacturerName><ManufactureCountry>ישראל</ManufactureCountry><ManufacturerItemDescription>עוגיות משהו וניל שוקוציפס</ManufacturerItemDescription><SoldByWeight/><Quantity>200.00</Quantity><UnitOfMeasure>גרם     </UnitOfMeasure><QtyInPackage>לא ידוע</QtyInPackage><UnitOfMeasurePrice>0.0645</UnitOfMeasurePrice><AllowDiscount>1</AllowDiscount><ItemStatus>1</ItemStatus><ItemPrice>12.90</ItemPrice></item><item><PriceUpdateDate>2015-10-21 08:14:12</PriceUpdateDate><ItemCode>7290000413969</ItemCode><ItemType>1</ItemType><ItemName>לחמית חיטה מלאה 250</ItemName><ManufacturerName>לחמית</ManufacturerName><ManufactureCountry>ישראל</ManufactureCountry><ManufacturerItemDescription>לחמית קרקר חיטה מלאה 250</ManufacturerItemDescription><SoldByWeight/><Quantity>250.00</Quantity><UnitOfMeasure>גרם     </UnitOfMeasure><QtyInPackage>לא ידוע</QtyInPackage><UnitOfMeasurePrice>0.0396</UnitOfMeasurePrice><AllowDiscount>1</AllowDiscount><ItemStatus>1</ItemStatus><ItemPrice>9.90</ItemPrice></item><item><PriceUpdateDate>2016-03-01 06:42:14</PriceUpdateDate><ItemCode>7290000413990</ItemCode><ItemType>1</ItemType><ItemName>עוגת הבית שמרים בריו</ItemName><ManufacturerName>אסם</ManufacturerName><ManufactureCountry>ישראל</ManufactureCountry><ManufacturerItemDescription>עוגת הבית שמרים בריוש שוק</ManufacturerItemDescription><SoldByWeight/><Quantity>360.00</Quantity><UnitOfMeasure>גרם     </UnitOfMeasure><QtyInPackage>לא ידוע</QtyInPackage><UnitOfMeasurePrice>0.0536</UnitOfMeasurePrice><AllowDiscount>1</AllowDiscount><ItemStatus>1</ItemStatus><ItemPrice>19.30</ItemPrice></item><item><PriceUpdateDate>2016-05-02 08:05:31</PriceUpdateDate><ItemCode>7290000414027</ItemCode><ItemType>1</ItemType><ItemName>מב בייגלה שמיניות קט</ItemName><ManufacturerName>בייגלה אסם</ManufacturerName><ManufactureCountry>ישראל</ManufactureCountry><ManufacturerItemDescription>ביגלה שמיניות קטנות 400 ג</ManufacturerItemDescription><SoldByWeight/><Quantity>400.00</Quantity><UnitOfMeasure>גרם     </UnitOfMeasure><QtyInPackage>לא ידוע</QtyInPackage><UnitOfMeasurePrice>0.0273</UnitOfMeasurePrice><AllowDiscount>1</AllowDiscount><ItemStatus>1</ItemStatus><ItemPrice>10.90</ItemPrice></item><item><PriceUpdateDate>2015-11-12 18:18:33</PriceUpdateDate><ItemCode>7290000414034</ItemCode><ItemType>1</ItemType><ItemName>נס קוויק אבקה להכנת</ItemName><ManufacturerName>נסקוויק</ManufacturerName><ManufactureCountry>ישראל</ManufactureCountry><ManufacturerItemDescription>אבקה להכנת משקה שוקולד נס</ManufacturerItemDescription><SoldByWeight/><Quantity>450.00</Quantity><UnitOfMeasure>גרם     </UnitOfMeasure><QtyInPackage>לא ידוע</QtyInPackage><UnitOfMeasurePrice>0.0393</UnitOfMeasurePrice><AllowDiscount>1</AllowDiscount><ItemStatus>1</ItemStatus><ItemPrice>17.70</ItemPrice></item><item><PriceUpdateDate>2016-01-18 09:38:18</PriceUpdateDate><ItemCode>7290000414072</ItemCode><ItemType>1</ItemType><ItemName>טוסטעים חיטה מלאה  1</ItemName><ManufacturerName>טוסטעים</ManufacturerName><ManufactureCountry>ישראל</ManufactureCountry><ManufacturerItemDescription>טוסטעיםחיטה מלאהה 100גרם</ManufacturerItemDescription><SoldByWeight/><Quantity>100.00</Quantity><UnitOfMeasure>גרם     </UnitOfMeasure><QtyInPackage>לא ידוע</QtyInPackage><UnitOfMeasurePrice>0.1190</UnitOfMeasurePrice><AllowDiscount>1</AllowDiscount><ItemStatus>1</ItemStatus><ItemPrice>11.90</ItemPrice></item><item><PriceUpdateDate>2016-02-08 09:04:52</PriceUpdateDate><ItemCode>7290000414096</ItemCode><ItemType>1</ItemType><ItemName>עוגיות קרמוגית במילו</ItemName><ManufacturerName>אסם</ManufacturerName><ManufactureCountry>ישראל</ManufactureCountry><ManufacturerItemDescription>עוגיות משהו קרמוגית שוקול</ManufacturerItemDescription><SoldByWeight/><Quantity>200.00</Quantity><UnitOfMeasure>גרם     </UnitOfMeasure><QtyInPackage>לא ידוע</QtyInPackage><UnitOfMeasurePrice>0.0645</UnitOfMeasurePrice><AllowDiscount>1</AllowDiscount><ItemStatus>1</ItemStatus><ItemPrice>12.90</ItemPrice></item><item><PriceUpdateDate>2015-10-22 16:10:09</PriceUpdateDate><ItemCode>7290000414126</ItemCode><ItemType>1</ItemType><ItemName>לחמית כפרית 190 גרם</ItemName><ManufacturerName>לחמית</ManufacturerName><ManufactureCountry>ישראל</ManufactureCountry><ManufacturerItemDescription>לחמית כפרית 190 גרם</ManufacturerItemDescription><SoldByWeight/><Quantity>190.00</Quantity><UnitOfMeasure>גרם     </UnitOfMeasure><QtyInPackage>לא ידוע</QtyInPackage><UnitOfMeasurePrice>0.0642</UnitOfMeasurePrice><AllowDiscount>1</AllowDiscount><ItemStatus>1</ItemStatus><ItemPrice>12.20</ItemPrice></item><item><PriceUpdateDate>2016-01-18 09:38:18</PriceUpdateDate><ItemCode>7290000414157</ItemCode><ItemType>1</ItemType><ItemName>טוסטעים עגולים חיטה</ItemName><ManufacturerName>אסם</ManufacturerName><ManufactureCountry>ישראל</ManufactureCountry><ManufacturerItemDescription>טוסטעים צנימים  גולים125</ManufacturerItemDescription><SoldByWeight/><Quantity>125.00</Quantity><UnitOfMeasure>גרם     </UnitOfMeasure><QtyInPackage>לא ידוע</QtyInPackage><UnitOfMeasurePrice>0.0952</UnitOfMeasurePrice><AllowDiscount>1</AllowDiscount><ItemStatus>1</ItemStatus><ItemPrice>11.90</ItemPrice></item><item><PriceUpdateDate>2015-11-12 18:18:33</PriceUpdateDate><ItemCode>7290000414188</ItemCode><ItemType>1</ItemType><ItemName>קרוטונים מתובלים 250</ItemName><ManufacturerName>אסם</ManufacturerName><ManufactureCountry>ישראל</ManufactureCountry><ManufacturerItemDescription>קרוטונים מתובלים 250</ManufacturerItemDescription><SoldByWeight/><Quantity>250.00</Quantity><UnitOfMeasure>גרם     </UnitOfMeasure><QtyInPackage>לא ידוע</QtyInPackage><UnitOfMeasurePrice>0.0620</UnitOfMeasurePrice><AllowDiscount>1</AllowDiscount><ItemStatus>1</ItemStatus><ItemPrice>15.50</ItemPrice></item><item><PriceUpdateDate>2015-10-21 16:18:25</PriceUpdateDate><ItemCode>7290000414225</ItemCode><ItemType>1</ItemType><ItemName>חטיפי פריכונים בטעם</ItemName><ManufacturerName>פריכונים</ManufacturerName><ManufactureCountry>ישראל</ManufactureCountry><ManufacturerItemDescription>חטיפי פריכונים בטעם</ManufacturerItemDescription><SoldByWeight/><Quantity>14.00</Quantity><UnitOfMeasure>גרם     </UnitOfMeasure><QtyInPackage>לא ידוע</QtyInPackage><UnitOfMeasurePrice>0.6286</UnitOfMeasurePrice><AllowDiscount>1</AllowDiscount><ItemStatus>1</ItemStatus><ItemPrice>8.80</ItemPrice></item><item><PriceUpdateDate>2016-05-09 06:43:00</PriceUpdateDate><ItemCode>7290000414249</ItemCode><ItemType>1</ItemType><ItemName>קרם קרקר דל נתרן 250</ItemName><ManufacturerName>אסם</ManufacturerName><ManufactureCountry>ישראל</ManufactureCountry><ManufacturerItemDescription>קרם קרקר דל נתרן 250</ManufacturerItemDescription><SoldByWeight/><Quantity>250.00</Quantity><UnitOfMeasure>גרם     </UnitOfMeasure><QtyInPackage>לא ידוע</QtyInPackage><UnitOfMeasurePrice>0.0476</UnitOfMeasurePrice><AllowDiscount>1</AllowDiscount><ItemStatus>1</ItemStatus><ItemPrice>11.90</ItemPrice></item><item><PriceUpdateDate>2016-03-29 13:00:14</PriceUpdateDate><ItemCode>7290000414256</ItemCode><ItemType>1</ItemType><ItemName>חמים וטעים תבשיל אור</ItemName><ManufacturerName>אסם</ManufacturerName><ManufactureCountry>ישראל</ManufactureCountry><ManufacturerItemDescription>תבשיל אורז ספרדי 140 גר</ManufacturerItemDescription><SoldByWeight/><Quantity>140.00</Quantity><UnitOfMeasure>גרם     </UnitOfMeasure><QtyInPackage>לא ידוע</QtyInPackage><UnitOfMeasurePrice>0.0921</UnitOfMeasurePrice><AllowDiscount>1</AllowDiscount><ItemStatus>1</ItemStatus><ItemPrice>12.90</ItemPrice></item><item><PriceUpdateDate>2016-05-30 22:02:00</PriceUpdateDate><ItemCode>7290000414300</ItemCode><ItemType>1</ItemType><ItemName>מב סלט טורקי רפי כהן</ItemName><ManufacturerName>צבר</ManufacturerName><ManufactureCountry>ישראל</ManufactureCountry><ManufacturerItemDescription>סלט טורקי רפי 400 גרם</ManufacturerItemDescription><SoldByWeight/><Quantity>400.00</Quantity><UnitOfMeasure>גרם     </UnitOfMeasure><QtyInPackage>לא ידוע</QtyInPackage><UnitOfMeasurePrice>0.0348</UnitOfMeasurePrice><AllowDiscount>1</AllowDiscount><ItemStatus>1</ItemStatus><ItemPrice>13.90</ItemPrice></item><item><PriceUpdateDate>2016-05-30 22:02:00</PriceUpdateDate><ItemCode>7290000414317</ItemCode><ItemType>1</ItemType><ItemName>מב סלט קישוא עם בצל</ItemName><ManufacturerName>צבר</ManufacturerName><ManufactureCountry>ישראל</ManufactureCountry><ManufacturerItemDescription>מב סלט קישוא עם בצל</ManufacturerItemDescription><SoldByWeight/><Quantity>400.00</Quantity><UnitOfMeasure>גרם     </UnitOfMeasure><QtyInPackage>לא ידוע</QtyInPackage><UnitOfMeasurePrice>0.0348</UnitOfMeasurePrice><AllowDiscount>1</AllowDiscount><ItemStatus>1</ItemStatus><ItemPrice>13.90</ItemPrice></item><item><PriceUpdateDate>2016-05-30 22:02:00</PriceUpdateDate><ItemCode>7290000414324</ItemCode><ItemType>1</ItemType><ItemName>מב סלט חציל בטעם כבד</ItemName><ManufacturerName>צבר</ManufacturerName><ManufactureCountry>ישראל</ManufactureCountry><ManufacturerItemDescription>מב סלט חציל בטעם כבד</ManufacturerItemDescription><SoldByWeight/><Quantity>400.00</Quantity><UnitOfMeasure>גרם     </UnitOfMeasure><QtyInPackage>לא ידוע</QtyInPackage><UnitOfMeasurePrice>0.0348</UnitOfMeasurePrice><AllowDiscount>1</AllowDiscount><ItemStatus>1</ItemStatus><ItemPrice>13.90</ItemPrice></item><item><PriceUpdateDate>2016-01-18 09:38:18</PriceUpdateDate><ItemCode>7290000414348</ItemCode><ItemType>1</ItemType><ItemName>טוסטעים פת קליה 100</ItemName><ManufacturerName>אסם</ManufacturerName><ManufactureCountry>ישראל</ManufactureCountry><ManufacturerItemDescription>טוסטעים פת קלוי  100 גרם</ManufacturerItemDescription><SoldByWeight/><Quantity>100.00</Quantity><UnitOfMeasure>גרם     </UnitOfMeasure><QtyInPackage>לא ידוע</QtyInPackage><UnitOfMeasurePrice>0.1190</UnitOfMeasurePrice><AllowDiscount>1</AllowDiscount><ItemStatus>1</ItemStatus><ItemPrice>11.90</ItemPrice></item><item><PriceUpdateDate>2016-01-18 09:38:18</PriceUpdateDate><ItemCode>7290000414355</ItemCode><ItemType>1</ItemType><ItemName>טוסטעים פת שומשום 10</ItemName><ManufacturerName>אסם</ManufacturerName><ManufactureCountry>ישראל</ManufactureCountry><ManufacturerItemDescription>טוסטעים +שומשו  שומשו100</ManufacturerItemDescription><SoldByWeight/><Quantity>100.00</Quantity><UnitOfMeasure>גרם     </UnitOfMeasure><QtyInPackage>לא ידוע</QtyInPackage><UnitOfMeasurePrice>0.1190</UnitOfMeasurePrice><AllowDiscount>1</AllowDiscount><ItemStatus>1</ItemStatus><ItemPrice>11.90</ItemPrice></item><item><PriceUpdateDate>2015-10-11 18:10:31</PriceUpdateDate><ItemCode>7290000414362</ItemCode><ItemType>1</ItemType><ItemName>חטיף צ'יפסי טבעי 50</ItemName><ManufacturerName>ציפסי</ManufacturerName><ManufactureCountry>ישראל</ManufactureCountry><ManufacturerItemDescription>חטיף ציפסי 50 גרם</ManufacturerItemDescription><SoldByWeight/><Quantity>50.00</Quantity><UnitOfMeasure>גרם     </UnitOfMeasure><QtyInPackage>לא ידוע</QtyInPackage><UnitOfMeasurePrice>0.0760</UnitOfMeasurePrice><AllowDiscount>1</AllowDiscount><ItemStatus>1</ItemStatus><ItemPrice>3.80</ItemPrice></item><item><PriceUpdateDate>2016-05-02 08:05:31</PriceUpdateDate><ItemCode>7290000414386</ItemCode><ItemType>1</ItemType><ItemName>מב לקט להקצפה עם פסט</ItemName><ManufacturerName>סנפרוסט</ManufacturerName><ManufactureCountry>ישראל</ManufactureCountry><ManufacturerItemDescription>מב לקט להקצפה עם פסט</ManufacturerItemDescription><SoldByWeight/><Quantity>800.00</Quantity><UnitOfMeasure>גרם     </UnitOfMeasure><QtyInPackage>לא ידוע</QtyInPackage><UnitOfMeasurePrice>0.0199</UnitOfMeasurePrice><AllowDiscount>1</AllowDiscount><ItemStatus>1</ItemStatus><ItemPrice>15.90</ItemPrice></item><item><PriceUpdateDate>2016-05-01 21:45:59</PriceUpdateDate><ItemCode>7290000414430</ItemCode><ItemType>1</ItemType><ItemName>סנפרוסט שעועית אדומה</ItemName><ManufacturerName>סנפרוסט</ManufacturerName><ManufactureCountry>ישראל</ManufactureCountry><ManufacturerItemDescription>שעועית אדומה מבושלת 800 ג</ManufacturerItemDescription><SoldByWeight/><Quantity>800.00</Quantity><UnitOfMeasure>גרם     </UnitOfMeasure><QtyInPackage>לא ידוע</QtyInPackage><UnitOfMeasurePrice>0.0249</UnitOfMeasurePrice><AllowDiscount>1</AllowDiscount><ItemStatus>1</ItemStatus><ItemPrice>19.90</ItemPrice></item><item><PriceUpdateDate>2016-05-30 22:02:00</PriceUpdateDate><ItemCode>7290000414447</ItemCode><ItemType>1</ItemType><ItemName>אפונה עדינה 600 גרם</ItemName><ManufacturerName>סנפרוסט</ManufacturerName><ManufactureCountry>ישראל</ManufactureCountry><ManufacturerItemDescription>אפונה עדינה 600 גר</ManufacturerItemDescription><SoldByWeight/><Quantity>600.00</Quantity><UnitOfMeasure>גרם     </UnitOfMeasure><QtyInPackage>לא ידוע</QtyInPackage><UnitOfMeasurePrice>0.0298</UnitOfMeasurePrice><AllowDiscount>1</AllowDiscount><ItemStatus>1</ItemStatus><ItemPrice>17.90</ItemPrice></item><item><PriceUpdateDate>2016-05-01 21:45:59</PriceUpdateDate><ItemCode>7290000414454</ItemCode><ItemType>1</ItemType><ItemName>במיה סנפרוסט</ItemName><ManufacturerName>סנפרוסט</ManufacturerName><ManufactureCountry>ישראל</ManufactureCountry><ManufacturerItemDescription>במיה 600 גר</ManufacturerItemDescription><SoldByWeight/><Quantity>600.00</Quantity><UnitOfMeasure>גרם     </UnitOfMeasure><QtyInPackage>לא ידוע</QtyInPackage><UnitOfMeasurePrice>0.0342</UnitOfMeasurePrice><AllowDiscount>1</AllowDiscount><ItemStatus>1</ItemStatus><ItemPrice>20.50</ItemPrice></item><item><PriceUpdateDate>2016-05-01 21:45:59</PriceUpdateDate><ItemCode>7290000414461</ItemCode><ItemType>1</ItemType><ItemName>בצל קצוץ 600 גרם</ItemName><ManufacturerName>סנפרוסט</ManufacturerName><ManufactureCountry>ישראל</ManufactureCountry><ManufacturerItemDescription>בצל קצוץ 600 גר</ManufacturerItemDescription><SoldByWeight/><Quantity>600.00</Quantity><UnitOfMeasure>גרם     </UnitOfMeasure><QtyInPackage>לא ידוע</QtyInPackage><UnitOfMeasurePrice>0.0325</UnitOfMeasurePrice><AllowDiscount>1</AllowDiscount><ItemStatus>1</ItemStatus><ItemPrice>19.50</ItemPrice></item><item><PriceUpdateDate>2016-05-30 22:02:01</PriceUpdateDate><ItemCode>7290000414478</ItemCode><ItemType>1</ItemType><ItemName>מב לקט לפשטידה 800 ג</ItemName><ManufacturerName>סנפרוסט</ManufacturerName><ManufactureCountry>ישראל</ManufactureCountry><ManufacturerItemDescription>לקט לפשטידה 800 גרם</ManufacturerItemDescription><SoldByWeight/><Quantity>800.00</Quantity><UnitOfMeasure>גרם     </UnitOfMeasure><QtyInPackage>לא ידוע</QtyInPackage><UnitOfMeasurePrice>0.0199</UnitOfMeasurePrice><AllowDiscount>1</AllowDiscount><ItemStatus>1</ItemStatus><ItemPrice>15.90</ItemPrice></item><item><PriceUpdateDate>2016-05-30 22:02:01</PriceUpdateDate><ItemCode>7290000414485</ItemCode><ItemType>1</ItemType><ItemName>אפונת גינה סנפרוסט 8</ItemName><ManufacturerName>סנפרוסט</ManufacturerName><ManufactureCountry>ישראל</ManufactureCountry><ManufacturerItemDescription>אפונת גינה 800 גר</ManufacturerItemDescription><SoldByWeight/><Quantity>800.00</Quantity><UnitOfMeasure>גרם     </UnitOfMeasure><QtyInPackage>לא ידוע</QtyInPackage><UnitOfMeasurePrice>0.0199</UnitOfMeasurePrice><AllowDiscount>1</AllowDiscount><ItemStatus>1</ItemStatus><ItemPrice>15.90</ItemPrice></item><item><PriceUpdateDate>2016-05-30 22:02:01</PriceUpdateDate><ItemCode>7290000414492</ItemCode><ItemType>1</ItemType><ItemName>מב שעועית שלמה סנפרו</ItemName><ManufacturerName>סנפרוסט</ManufacturerName><ManufactureCountry>ישראל</ManufactureCountry><ManufacturerItemDescription>שעועית ירוקה שלמה 800 גר</ManufacturerItemDescription><SoldByWeight/><Quantity>800.00</Quantity><UnitOfMeasure>גרם     </UnitOfMeasure><QtyInPackage>לא ידוע</QtyInPackage><UnitOfMeasurePrice>0.0199</UnitOfMeasurePrice><AllowDiscount>1</AllowDiscount><ItemStatus>1</ItemStatus><ItemPrice>15.90</ItemPrice></item><item><PriceUpdateDate>2016-05-30 22:02:01</PriceUpdateDate><ItemCode>7290000414508</ItemCode><ItemType>1</ItemType><ItemName>גרעיני תירס 800 גרם</ItemName><ManufacturerName>סנפרוסט</ManufacturerName><ManufactureCountry>ישראל</ManufactureCountry><ManufacturerItemDescription>תירס גרעינים 800 גר</ManufacturerItemDescription><SoldByWeight/><Quantity>800.00</Quantity><UnitOfMeasure>גרם     </UnitOfMeasure><QtyInPackage>לא ידוע</QtyInPackage><UnitOfMeasurePrice>0.0199</UnitOfMeasurePrice><AllowDiscount>1</AllowDiscount><ItemStatus>1</ItemStatus><ItemPrice>15.90</ItemPrice></item><item><PriceUpdateDate>2016-06-01 06:53:40</PriceUpdateDate><ItemCode>7290000414515</ItemCode><ItemType>1</ItemType><ItemName>גזר גמדי סנפרוסט 800</ItemName><ManufacturerName>סנפרוסט</ManufacturerName><ManufactureCountry>ישראל</ManufactureCountry><ManufacturerItemDescription>גזר גמדי 800 גר</ManufacturerItemDescription><SoldByWeight/><Quantity>800.00</Quantity><UnitOfMeasure>גרם     </UnitOfMeasure><QtyInPackage>לא ידוע</QtyInPackage><UnitOfMeasurePrice>0.0249</UnitOfMeasurePrice><AllowDiscount>1</AllowDiscount><ItemStatus>1</ItemStatus><ItemPrice>19.90</ItemPrice></item><item><PriceUpdateDate>2016-05-01 21:45:59</PriceUpdateDate><ItemCode>7290000414522</ItemCode><ItemType>1</ItemType><ItemName>פול ירוק 800 גרם</ItemName><ManufacturerName>סנפרוסט</ManufacturerName><ManufactureCountry>ישראל</ManufactureCountry><ManufacturerItemDescription>פול ירוק 800 גר</ManufacturerItemDescription><SoldByWeight/><Quantity>800.00</Quantity><UnitOfMeasure>גרם     </UnitOfMeasure><QtyInPackage>לא ידוע</QtyInPackage><UnitOfMeasurePrice>0.0349</UnitOfMeasurePrice><AllowDiscount>1</AllowDiscount><ItemStatus>1</ItemStatus><ItemPrice>27.90</ItemPrice></item><item><PriceUpdateDate>2016-05-30 22:02:01</PriceUpdateDate><ItemCode>7290000414539</ItemCode><ItemType>1</ItemType><ItemName>שעועית ירוקה חתוכה 8</ItemName><ManufacturerName>סנפרוסט</ManufacturerName><ManufactureCountry>ישראל</ManufactureCountry><ManufacturerItemDescription>שעועית ירוקה חתוכה 800 גר</ManufacturerItemDescription><SoldByWeight/><Quantity>800.00</Quantity><UnitOfMeasure>גרם     </UnitOfMeasure><QtyInPackage>לא ידוע</QtyInPackage><UnitOfMeasurePrice>0.0216</UnitOfMeasurePrice><AllowDiscount>1</AllowDiscount><ItemStatus>1</ItemStatus><ItemPrice>17.30</ItemPrice></item><item><PriceUpdateDate>2016-05-01 21:45:59</PriceUpdateDate><ItemCode>7290000414546</ItemCode><ItemType>1</ItemType><ItemName>מב שעועית צהובה חתוך</ItemName><ManufacturerName>סנפרוסט</ManufacturerName><ManufactureCountry>ישראל</ManufactureCountry><ManufacturerItemDescription>מב שעועית צהובה חתוך</ManufacturerItemDescription><SoldByWeight/><Quantity>800.00</Quantity><UnitOfMeasure>גרם     </UnitOfMeasure><QtyInPackage>לא ידוע</QtyInPackage><UnitOfMeasurePrice>0.0174</UnitOfMeasurePrice><AllowDiscount>1</AllowDiscount><ItemStatus>1</ItemStatus><ItemPrice>13.90</ItemPrice></item><item><PriceUpdateDate>2016-05-02 08:05:31</PriceUpdateDate><ItemCode>7290000414560</ItemCode><ItemType>1</ItemType><ItemName>מב כרוב ניצנים 800 ג</ItemName><ManufacturerName>סנפרוסט</ManufacturerName><ManufactureCountry>ישראל</ManufactureCountry><ManufacturerItemDescription>מב כרוב ניצנים 800 ג</ManufacturerItemDescription><SoldByWeight/><Quantity>800.00</Quantity><UnitOfMeasure>גרם     </UnitOfMeasure><QtyInPackage>לא ידוע</QtyInPackage><UnitOfMeasurePrice>0.0199</UnitOfMeasurePrice><AllowDiscount>1</AllowDiscount><ItemStatus>1</ItemStatus><ItemPrice>15.90</ItemPrice></item><item><PriceUpdateDate>2016-05-30 22:02:01</PriceUpdateDate><ItemCode>7290000414577</ItemCode><ItemType>1</ItemType><ItemName>מב תרד עלים 800 גרם</ItemName><ManufacturerName>סנפרוסט</ManufacturerName><ManufactureCountry>ישראל</ManufactureCountry><ManufacturerItemDescription>מב תרד עלים 800 גרם</ManufacturerItemDescription><SoldByWeight/><Quantity>800.00</Quantity><UnitOfMeasure>גרם     </UnitOfMeasure><QtyInPackage>לא ידוע</QtyInPackage><UnitOfMeasurePrice>0.0199</UnitOfMeasurePrice><AllowDiscount>1</AllowDiscount><ItemStatus>1</ItemStatus><ItemPrice>15.90</ItemPrice></item><item><PriceUpdateDate>2016-05-30 22:02:01</PriceUpdateDate><ItemCode>7290000414584</ItemCode><ItemType>1</ItemType><ItemName>מב תרד מדליונים 800</ItemName><ManufacturerName>סנפרוסט</ManufacturerName><ManufactureCountry>ישראל</ManufactureCountry><ManufacturerItemDescription>ת.מדליונים 800-גר</ManufacturerItemDescription><SoldByWeight/><Quantity>800.00</Quantity><UnitOfMeasure>גרם     </UnitOfMeasure><QtyInPackage>לא ידוע</QtyInPackage><UnitOfMeasurePrice>0.0199</UnitOfMeasurePrice><AllowDiscount>1</AllowDiscount><ItemStatus>1</ItemStatus><ItemPrice>15.90</ItemPrice></item><item><PriceUpdateDate>2016-05-01 21:46:00</PriceUpdateDate><ItemCode>7290000414591</ItemCode><ItemType>1</ItemType><ItemName>שעועית לבנה מבושלת 8</ItemName><ManufacturerName>סנפרוסט</ManufacturerName><ManufactureCountry>ישראל</ManufactureCountry><ManufacturerItemDescription>שעועית לבנה מבושלת קפואה8</ManufacturerItemDescription><SoldByWeight/><Quantity>800.00</Quantity><UnitOfMeasure>גרם     </UnitOfMeasure><QtyInPackage>לא ידוע</QtyInPackage><UnitOfMeasurePrice>0.0269</UnitOfMeasurePrice><AllowDiscount>1</AllowDiscount><ItemStatus>1</ItemStatus><ItemPrice>21.50</ItemPrice></item><item><PriceUpdateDate>2016-05-30 22:02:01</PriceUpdateDate><ItemCode>7290000414607</ItemCode><ItemType>1</ItemType><ItemName>מב גרגרי חומוס מבושל</ItemName><ManufacturerName>סנפרוסט</ManufacturerName><ManufactureCountry>ישראל</ManufactureCountry><ManufacturerItemDescription>גרגרי חומוס מבושלים קפואי</ManufacturerItemDescription><SoldByWeight/><Quantity>800.00</Quantity><UnitOfMeasure>גרם     </UnitOfMeasure><QtyInPackage>לא ידוע</QtyInPackage><UnitOfMeasurePrice>0.0174</UnitOfMeasurePrice><AllowDiscount>0</AllowDiscount><ItemStatus>1</ItemStatus><ItemPrice>13.90</ItemPrice></item><item><PriceUpdateDate>2016-05-01 21:46:00</PriceUpdateDate><ItemCode>7290000414614</ItemCode><ItemType>1</ItemType><ItemName>מב קלחוני תירס 1 ק"ג</ItemName><ManufacturerName>סנפרוסט</ManufacturerName><ManufactureCountry>ישראל</ManufactureCountry><ManufacturerItemDescription>קלחוני תירס 1 קג</ManufacturerItemDescription><SoldByWeight/><Quantity>700.00</Quantity><UnitOfMeasure>גרם     </UnitOfMeasure><QtyInPackage>לא ידוע</QtyInPackage><UnitOfMeasurePrice>0.0199</UnitOfMeasurePrice><AllowDiscount>1</AllowDiscount><ItemStatus>1</ItemStatus><ItemPrice>13.90</ItemPrice></item><item><PriceUpdateDate>2016-05-30 22:02:01</PriceUpdateDate><ItemCode>7290000414621</ItemCode><ItemType>1</ItemType><ItemName>שעועית עדינה שלמה סנ</ItemName><ManufacturerName>סנפרוסט</ManufacturerName><ManufactureCountry>ישראל</ManufactureCountry><ManufacturerItemDescription>שעועית עדינה שלמה 600 גרם</ManufacturerItemDescription><SoldByWeight/><Quantity>600.00</Quantity><UnitOfMeasure>גרם     </UnitOfMeasure><QtyInPackage>לא ידוע</QtyInPackage><UnitOfMeasurePrice>0.0332</UnitOfMeasurePrice><AllowDiscount>1</AllowDiscount><ItemStatus>1</ItemStatus><ItemPrice>19.90</ItemPrice></item><item><PriceUpdateDate>2016-05-30 22:02:01</PriceUpdateDate><ItemCode>7290000414645</ItemCode><ItemType>1</ItemType><ItemName>לקט לקוסקוס 800 גרם</ItemName><ManufacturerName>סנפרוסט</ManufacturerName><ManufactureCountry>ישראל</ManufactureCountry><ManufacturerItemDescription>לקט לקוסקוס</ManufacturerItemDescription><SoldByWeight/><Quantity>800.00</Quantity><UnitOfMeasure>גרם     </UnitOfMeasure><QtyInPackage>לא ידוע</QtyInPackage><UnitOfMeasurePrice>0.0325</UnitOfMeasurePrice><AllowDiscount>1</AllowDiscount><ItemStatus>1</ItemStatus><ItemPrice>26.00</ItemPrice></item><item><PriceUpdateDate>2016-05-30 22:02:01</PriceUpdateDate><ItemCode>7290000414683</ItemCode><ItemType>1</ItemType><ItemName>לקט נורמנדי 800 גרם</ItemName><ManufacturerName>סנפרוסט</ManufacturerName><ManufactureCountry>ישראל</ManufactureCountry><ManufacturerItemDescription>לקט נורמנדי800 גר</ManufacturerItemDescription><SoldByWeight/><Quantity>800.00</Quantity><UnitOfMeasure>גרם     </UnitOfMeasure><QtyInPackage>לא ידוע</QtyInPackage><UnitOfMeasurePrice>0.0325</UnitOfMeasurePrice><AllowDiscount>1</AllowDiscount><ItemStatus>1</ItemStatus><ItemPrice>26.00</ItemPrice></item><item><PriceUpdateDate>2016-05-30 22:02:01</PriceUpdateDate><ItemCode>7290000414751</ItemCode><ItemType>1</ItemType><ItemName>מב חטיף סויה אדממה 4</ItemName><ManufacturerName>סנפרוסט</ManufacturerName><ManufactureCountry>ישראל</ManufactureCountry><ManufacturerItemDescription>חטיף פולי סויה אדממה 400</ManufacturerItemDescription><SoldByWeight/><Quantity>400.00</Quantity><UnitOfMeasure>גרם     </UnitOfMeasure><QtyInPackage>לא ידוע</QtyInPackage><UnitOfMeasurePrice>0.0223</UnitOfMeasurePrice><AllowDiscount>1</AllowDiscount><ItemStatus>1</ItemStatus><ItemPrice>8.90</ItemPrice></item><item><PriceUpdateDate>2016-05-01 21:46:00</PriceUpdateDate><ItemCode>7290000414768</ItemCode><ItemType>1</ItemType><ItemName>תחתיות ארטישוק 400 ג</ItemName><ManufacturerName>סנפרוסט</ManufacturerName><ManufactureCountry>ישראל</ManufactureCountry><ManufacturerItemDescription>תחתיות ארטישוק 400 גר</ManufacturerItemDescription><SoldByWeight/><Quantity>400.00</Quantity><UnitOfMeasure>גרם     </UnitOfMeasure><QtyInPackage>לא ידוע</QtyInPackage><UnitOfMeasurePrice>0.0628</UnitOfMeasurePrice><AllowDiscount>1</AllowDiscount><ItemStatus>1</ItemStatus><ItemPrice>25.10</ItemPrice></item><item><PriceUpdateDate>2016-05-01 21:46:00</PriceUpdateDate><ItemCode>7290000414799</ItemCode><ItemType>1</ItemType><ItemName>תפרחת ברוקולי סנפרוס</ItemName><ManufacturerName>סנפרוסט</ManufacturerName><ManufactureCountry>ישראל</ManufactureCountry><ManufacturerItemDescription>תפרחות ברוקולי 800 גר</ManufacturerItemDescription><SoldByWeight/><Quantity>800.00</Quantity><UnitOfMeasure>גרם     </UnitOfMeasure><QtyInPackage>לא ידוע</QtyInPackage><UnitOfMeasurePrice>0.0355</UnitOfMeasurePrice><AllowDiscount>1</AllowDiscount><ItemStatus>1</ItemStatus><ItemPrice>28.40</ItemPrice></item><item><PriceUpdateDate>2016-05-30 22:02:01</PriceUpdateDate><ItemCode>7290000414829</ItemCode><ItemType>1</ItemType><ItemName>מרגרינה בלו בנד בלי</ItemName><ManufacturerName>בלובנד</ManufacturerName><ManufactureCountry>ישראל</ManufactureCountry><ManufacturerItemDescription>מרגרינה בלו בנד בלי</ManufacturerItemDescription><SoldByWeight/><Quantity>200.00</Quantity><UnitOfMeasure>מ"ל</UnitOfMeasure><QtyInPackage>לא ידוע</QtyInPackage><UnitOfMeasurePrice>0.0235</UnitOfMeasurePrice><AllowDiscount>1</AllowDiscount><ItemStatus>1</ItemStatus><ItemPrice>4.70</ItemPrice></item><item><PriceUpdateDate>2015-10-11 18:10:31</PriceUpdateDate><ItemCode>7290000414836</ItemCode><ItemType>1</ItemType><ItemName>מרגרינה בטעם חמאה 20</ItemName><ManufacturerName>בלובנד</ManufacturerName><ManufactureCountry>ישראל</ManufactureCountry><ManufacturerItemDescription>מרגרינה בטעם חמאה 20</ManufacturerItemDescription><SoldByWeight/><Quantity>200.00</Quantity><UnitOfMeasure>מ"ל</UnitOfMeasure><QtyInPackage>לא ידוע</QtyInPackage><UnitOfMeasurePrice>0.0270</UnitOfMeasurePrice><AllowDiscount>1</AllowDiscount><ItemStatus>1</ItemStatus><ItemPrice>5.40</ItemPrice></item><item><PriceUpdateDate>2015-10-11 12:00:27</PriceUpdateDate><ItemCode>7290000414874</ItemCode><ItemType>1</ItemType><ItemName>חטיף כיפלי גריל בד"צ</ItemName><ManufacturerName>כיפלי</ManufacturerName><ManufactureCountry>ישראל</ManufactureCountry><ManufacturerItemDescription>חטיף כיפלי גריל בד"צ</ManufacturerItemDescription><SoldByWeight/><Quantity>14.00</Quantity><UnitOfMeasure>גרם     </UnitOfMeasure><QtyInPackage>לא ידוע</QtyInPackage><UnitOfMeasurePrice>0.4857</UnitOfMeasurePrice><AllowDiscount>1</AllowDiscount><ItemStatus>1</ItemStatus><ItemPrice>6.80</ItemPrice></item><item><PriceUpdateDate>2015-10-11 12:00:27</PriceUpdateDate><ItemCode>7290000414881</ItemCode><ItemType>1</ItemType><ItemName>חטיף כיפלי בצל בד"צ</ItemName><ManufacturerName>כיפלי</ManufacturerName><ManufactureCountry>ישראל</ManufactureCountry><ManufacturerItemDescription>חטיף כיפלי בצל בד"צ</ManufacturerItemDescription><SoldByWeight/><Quantity>70.00</Quantity><UnitOfMeasure>גרם     </UnitOfMeasure><QtyInPackage>לא ידוע</QtyInPackage><UnitOfMeasurePrice>0.0971</UnitOfMeasurePrice><AllowDiscount>1</AllowDiscount><ItemStatus>1</ItemStatus><ItemPrice>6.80</ItemPrice></item><item><PriceUpdateDate>2015-11-12 15:11:51</PriceUpdateDate><ItemCode>7290000414898</ItemCode><ItemType>1</ItemType><ItemName>מיונז 250 גרם</ItemName><ManufacturerName>תלמה</ManufacturerName><ManufactureCountry>ישראל</ManufactureCountry><ManufacturerItemDescription>מיונז 250 גרם</ManufacturerItemDescription><SoldByWeight/><Quantity>250.00</Quantity><UnitOfMeasure>גרם     </UnitOfMeasure><QtyInPackage>לא ידוע</QtyInPackage><UnitOfMeasurePrice>0.0308</UnitOfMeasurePrice><AllowDiscount>1</AllowDiscount><ItemStatus>1</ItemStatus><ItemPrice>7.70</ItemPrice></item><item><PriceUpdateDate>2016-05-30 22:02:02</PriceUpdateDate><ItemCode>7290000414928</ItemCode><ItemType>1</ItemType><ItemName>מיונז אמיתי תלמה 500</ItemName><ManufacturerName>תלמה</ManufacturerName><ManufactureCountry>ישראל</ManufactureCountry><ManufacturerItemDescription>מיונז אמיתי תלמה 500</ManufacturerItemDescription><SoldByWeight/><Quantity>500.00</Quantity><UnitOfMeasure>גרם     </UnitOfMeasure><QtyInPackage>לא ידוע</QtyInPackage><UnitOfMeasurePrice>0.0190</UnitOfMeasurePrice><AllowDiscount>1</AllowDiscount><ItemStatus>1</ItemStatus><ItemPrice>9.50</ItemPrice></item><item><PriceUpdateDate>2016-05-30 22:02:02</PriceUpdateDate><ItemCode>7290000414942</ItemCode><ItemType>1</ItemType><ItemName>מיונז 1 ק'ג</ItemName><ManufacturerName>תלמה</ManufacturerName><ManufactureCountry>ישראל</ManufactureCountry><ManufacturerItemDescription>מיונז 1 ק'ג</ManufacturerItemDescription><SoldByWeight/><Quantity>1000.00</Quantity><UnitOfMeasure>גרם     </UnitOfMeasure><QtyInPackage>לא ידוע</QtyInPackage><UnitOfMeasurePrice>0.0166</UnitOfMeasurePrice><AllowDiscount>1</AllowDiscount><ItemStatus>1</ItemStatus><ItemPrice>16.60</ItemPrice></item><item><PriceUpdateDate>2015-11-12 15:11:51</PriceUpdateDate><ItemCode>7290000414959</ItemCode><ItemType>1</ItemType><ItemName>חרדל אמיתי 250 גרם</ItemName><ManufacturerName>תלמה</ManufacturerName><ManufactureCountry>ישראל</ManufactureCountry><ManufacturerItemDescription>חרדל אמיתי 250 גרם</ManufacturerItemDescription><SoldByWeight/><Quantity>250.00</Quantity><UnitOfMeasure>גרם     </UnitOfMeasure><QtyInPackage>לא ידוע</QtyInPackage><UnitOfMeasurePrice>0.0348</UnitOfMeasurePrice><AllowDiscount>1</AllowDiscount><ItemStatus>1</ItemStatus><ItemPrice>8.70</ItemPrice></item><item><PriceUpdateDate>2015-11-12 15:11:51</PriceUpdateDate><ItemCode>7290000414966</ItemCode><ItemType>1</ItemType><ItemName>חרדל אמיתי תלמה 550</ItemName><ManufacturerName>תלמה</ManufacturerName><ManufactureCountry>ישראל</ManufactureCountry><ManufacturerItemDescription>חרדל אמיתי תלמה 550</ManufacturerItemDescription><SoldByWeight/><Quantity>550.00</Quantity><UnitOfMeasure>גרם     </UnitOfMeasure><QtyInPackage>לא ידוע</QtyInPackage><UnitOfMeasurePrice>0.0233</UnitOfMeasurePrice><AllowDiscount>1</AllowDiscount><ItemStatus>1</ItemStatus><ItemPrice>12.80</ItemPrice></item><item><PriceUpdateDate>2016-02-02 06:49:51</PriceUpdateDate><ItemCode>7290000415000</ItemCode><ItemType>1</ItemType><ItemName>מרק קנור עוף איטריות</ItemName><ManufacturerName>קנור</ManufacturerName><ManufactureCountry>ישראל</ManufactureCountry><ManufacturerItemDescription>מרקנור עשיר איטריות</ManufacturerItemDescription><SoldByWeight/><Quantity>14.00</Quantity><UnitOfMeasure>גרם     </UnitOfMeasure><QtyInPackage>לא ידוע</QtyInPackage><UnitOfMeasurePrice>0.8286</UnitOfMeasurePrice><AllowDiscount>1</AllowDiscount><ItemStatus>1</ItemStatus><ItemPrice>11.60</ItemPrice></item><item><PriceUpdateDate>2016-05-30 22:02:02</PriceUpdateDate><ItemCode>7290000415031</ItemCode><ItemType>1</ItemType><ItemName>קנור מרק עוף 400 גרם</ItemName><ManufacturerName>קנור</ManufacturerName><ManufactureCountry>ישראל</ManufactureCountry><ManufacturerItemDescription>מרק עוף אמיתי 400 גרם קופ</ManufacturerItemDescription><SoldByWeight/><Quantity>400.00</Quantity><UnitOfMeasure>גרם     </UnitOfMeasure><QtyInPackage>לא ידוע</QtyInPackage><UnitOfMeasurePrice>0.0472</UnitOfMeasurePrice><AllowDiscount>1</AllowDiscount><ItemStatus>1</ItemStatus><ItemPrice>18.90</ItemPrice></item><item><PriceUpdateDate>2015-10-20 16:50:49</PriceUpdateDate><ItemCode>7290000415109</ItemCode><ItemType>1</ItemType><ItemName>חטיף כיפלי צ'יפס קטש</ItemName><ManufacturerName>כיפלי</ManufacturerName><ManufactureCountry>ישראל</ManufactureCountry><ManufacturerItemDescription>חטיף כיפלי צ'יפס קטש</ManufacturerItemDescription><SoldByWeight/><Quantity>14.00</Quantity><UnitOfMeasure>גרם     </UnitOfMeasure><QtyInPackage>לא ידוע</QtyInPackage><UnitOfMeasurePrice>0.4357</UnitOfMeasurePrice><AllowDiscount>1</AllowDiscount><ItemStatus>1</ItemStatus><ItemPrice>6.10</ItemPrice></item><item><PriceUpdateDate>2015-10-11 10:46:06</PriceUpdateDate><ItemCode>7290000415116</ItemCode><ItemType>1</ItemType><ItemName>מרק נמס בכוס לייט זו</ItemName><ManufacturerName>קנור</ManufacturerName><ManufactureCountry>ישראל</ManufactureCountry><ManufacturerItemDescription>מרקלייט נמס ירקות 034  גר</ManufacturerItemDescription><SoldByWeight/><Quantity>14.00</Quantity><UnitOfMeasure>גרם     </UnitOfMeasure><QtyInPackage>לא ידוע</QtyInPackage><UnitOfMeasurePrice>0.5929</UnitOfMeasurePrice><AllowDiscount>1</AllowDiscount><ItemStatus>1</ItemStatus><ItemPrice>8.30</ItemPrice></item><item><PriceUpdateDate>2016-03-29 13:00:15</PriceUpdateDate><ItemCode>7290000415468</ItemCode><ItemType>1</ItemType><ItemName>חטיף דגנים שוגי שוקו</ItemName><ManufacturerName>שוגי</ManufacturerName><ManufactureCountry>ישראל</ManufactureCountry><ManufacturerItemDescription>חטיף דגנים שוקו שוגי208 1</ManufacturerItemDescription><SoldByWeight/><Quantity>208.00</Quantity><UnitOfMeasure>גרם     </UnitOfMeasure><QtyInPackage>לא ידוע</QtyInPackage><UnitOfMeasurePrice>0.1077</UnitOfMeasurePrice><AllowDiscount>1</AllowDiscount><ItemStatus>1</ItemStatus><ItemPrice>22.40</ItemPrice></item><item><PriceUpdateDate>2016-03-29 13:00:15</PriceUpdateDate><ItemCode>7290000415475</ItemCode><ItemType>1</ItemType><ItemName>חטיף דגנים קוקומן 8</ItemName><ManufacturerName>קוקומן</ManufacturerName><ManufactureCountry>ישראל</ManufactureCountry><ManufacturerItemDescription>חטיף דגנים קוקומן 8</ManufacturerItemDescription><SoldByWeight/><Quantity>168.00</Quantity><UnitOfMeasure>גרם     </UnitOfMeasure><QtyInPackage>לא ידוע</QtyInPackage><UnitOfMeasurePrice>0.1333</UnitOfMeasurePrice><AllowDiscount>1</AllowDiscount><ItemStatus>1</ItemStatus><ItemPrice>22.40</ItemPrice></item><item><PriceUpdateDate>2015-10-11 10:46:06</PriceUpdateDate><ItemCode>7290000415499</ItemCode><ItemType>1</ItemType><ItemName>זוג מרק נמס בכוס קנו</ItemName><ManufacturerName>קנור</ManufacturerName><ManufactureCountry>ישראל</ManufactureCountry><ManufacturerItemDescription>מרק נמס בכוס פטריות</ManufacturerItemDescription><SoldByWeight/><Quantity>43.00</Quantity><UnitOfMeasure>גרם     </UnitOfMeasure><QtyInPackage>לא ידוע</QtyInPackage><UnitOfMeasurePrice>0.1930</UnitOfMeasurePrice><AllowDiscount>1</AllowDiscount><ItemStatus>1</ItemStatus><ItemPrice>8.30</ItemPrice></item><item><PriceUpdateDate>2015-10-11 10:46:06</PriceUpdateDate><ItemCode>7290000415536</ItemCode><ItemType>1</ItemType><ItemName>מרק נמס ברוקולי 2 שק</ItemName><ManufacturerName>קנור</ManufacturerName><ManufactureCountry>ישראל</ManufactureCountry><ManufacturerItemDescription>מרק נמס בכוס ברוקולי 42 ג</ManufacturerItemDescription><SoldByWeight/><Quantity>14.00</Quantity><UnitOfMeasure>גרם     </UnitOfMeasure><QtyInPackage>לא ידוע</QtyInPackage><UnitOfMeasurePrice>0.5929</UnitOfMeasurePrice><AllowDiscount>1</AllowDiscount><ItemStatus>1</ItemStatus><ItemPrice>8.30</ItemPrice></item><item><PriceUpdateDate>2016-05-01 21:46:00</PriceUpdateDate><ItemCode>7290000415635</ItemCode><ItemType>1</ItemType><ItemName>פנטסטיק סיף ג'ל אקונ</ItemName><ManufacturerName>סיף-פנטסטיק</ManufacturerName><ManufactureCountry>ישראל</ManufactureCountry><ManufacturerItemDescription>פנטסטיק סיף ג'ל אקונ</ManufacturerItemDescription><SoldByWeight/><Quantity>750.00</Quantity><UnitOfMeasure>מ"ל</UnitOfMeasure><QtyInPackage>לא ידוע</QtyInPackage><UnitOfMeasurePrice>0.0205</UnitOfMeasurePrice><AllowDiscount>1</AllowDiscount><ItemStatus>1</ItemStatus><ItemPrice>15.40</ItemPrice></item><item><PriceUpdateDate>2015-11-03 08:37:33</PriceUpdateDate><ItemCode>7290000415673</ItemCode><ItemType>1</ItemType><ItemName>שוקולד קליק לבן עם ש</ItemName><ManufacturerName>קליק ורד הגליל</ManufacturerName><ManufactureCountry>ישראל</ManufactureCountry><ManufacturerItemDescription>שוקולד קליק לבן עם ש</ManufacturerItemDescription><SoldByWeight/><Quantity>100.00</Quantity><UnitOfMeasure>גרם     </UnitOfMeasure><QtyInPackage>לא ידוע</QtyInPackage><UnitOfMeasurePrice>0.0710</UnitOfMeasurePrice><AllowDiscount>1</AllowDiscount><ItemStatus>1</ItemStatus><ItemPrice>7.10</ItemPrice></item><item><PriceUpdateDate>2016-02-08 09:01:59</PriceUpdateDate><ItemCode>7290000415703</ItemCode><ItemType>1</ItemType><ItemName>מיונז הלמנס 424 גרם</ItemName><ManufacturerName>הלמנס</ManufacturerName><ManufactureCountry>ארצות הברית</ManufactureCountry><ManufacturerItemDescription>מחצלת לגלגול סושי 1 יחיד</ManufacturerItemDescription><SoldByWeight/><Quantity>424.00</Quantity><UnitOfMeasure>גרם     </UnitOfMeasure><QtyInPackage>לא ידוע</QtyInPackage><UnitOfMeasurePrice>0.0351</UnitOfMeasurePrice><AllowDiscount>1</AllowDiscount><ItemStatus>1</ItemStatus><ItemPrice>14.90</ItemPrice></item><item><PriceUpdateDate>2015-11-12 15:11:51</PriceUpdateDate><ItemCode>7290000415888</ItemCode><ItemType>1</ItemType><ItemName>תמצית וניל אפיכל 50</ItemName><ManufacturerName>אפיכל</ManufacturerName><ManufactureCountry>ישראל</ManufactureCountry><ManufacturerItemDescription>תמצית וניל אפיכל 50</ManufacturerItemDescription><SoldByWeight/><Quantity>14.00</Quantity><UnitOfMeasure>מ"ל</UnitOfMeasure><QtyInPackage>לא ידוע</QtyInPackage><UnitOfMeasurePrice>0.4286</UnitOfMeasurePrice><AllowDiscount>1</AllowDiscount><ItemStatus>1</ItemStatus><ItemPrice>6.00</ItemPrice></item><item><PriceUpdateDate>2015-11-12 16:54:35</PriceUpdateDate><ItemCode>7290000415963</ItemCode><ItemType>1</ItemType><ItemName>ארוחה זה מאמא קובה מ</ItemName><ManufacturerName>יסמין</ManufacturerName><ManufactureCountry>ישראל</ManufactureCountry><ManufacturerItemDescription>ארוחה זה מאמא קובה מ</ManufacturerItemDescription><SoldByWeight/><Quantity>500.00</Quantity><UnitOfMeasure>גרם     </UnitOfMeasure><QtyInPackage>לא ידוע</QtyInPackage><UnitOfMeasurePrice>0.0488</UnitOfMeasurePrice><AllowDiscount>1</AllowDiscount><ItemStatus>1</ItemStatus><ItemPrice>24.40</ItemPrice></item><item><PriceUpdateDate>2015-10-20 16:45:17</PriceUpdateDate><ItemCode>7290000415994</ItemCode><ItemType>1</ItemType><ItemName>מרגרינה מזולה 250גרם</ItemName><ManufacturerName>מזולה</ManufacturerName><ManufactureCountry>ישראל</ManufactureCountry><ManufacturerItemDescription>מרגרינה מזולה 250גרם</ManufacturerItemDescription><SoldByWeight/><Quantity>250.00</Quantity><UnitOfMeasure>גרם     </UnitOfMeasure><QtyInPackage>לא ידוע</QtyInPackage><UnitOfMeasurePrice>0.0448</UnitOfMeasurePrice><AllowDiscount>1</AllowDiscount><ItemStatus>1</ItemStatus><ItemPrice>11.20</ItemPrice></item><item><PriceUpdateDate>2015-10-20 16:45:17</PriceUpdateDate><ItemCode>7290000416007</ItemCode><ItemType>1</ItemType><ItemName>מרגרינה מזולה 250 גר</ItemName><ManufacturerName>מזולה</ManufacturerName><ManufactureCountry>ישראל</ManufactureCountry><ManufacturerItemDescription>מרגרינה מזולה 250 גר</ManufacturerItemDescription><SoldByWeight/><Quantity>250.00</Quantity><UnitOfMeasure>גרם     </UnitOfMeasure><QtyInPackage>לא ידוע</QtyInPackage><UnitOfMeasurePrice>0.0412</UnitOfMeasurePrice><AllowDiscount>1</AllowDiscount><ItemStatus>1</ItemStatus><ItemPrice>10.30</ItemPrice></item><item><PriceUpdateDate>2015-11-12 14:23:34</PriceUpdateDate><ItemCode>7290000416014</ItemCode><ItemType>1</ItemType><ItemName>מרגרינה מזולה עם שמן</ItemName><ManufacturerName>מזולה</ManufacturerName><ManufactureCountry>ישראל</ManufactureCountry><ManufacturerItemDescription>מרגרינה מזולה עם שמן</ManufacturerItemDescription><SoldByWeight/><Quantity>250.00</Quantity><UnitOfMeasure>מ"ל</UnitOfMeasure><QtyInPackage>לא ידוע</QtyInPackage><UnitOfMeasurePrice>0.0448</UnitOfMeasurePrice><AllowDiscount>1</AllowDiscount><ItemStatus>1</ItemStatus><ItemPrice>11.20</ItemPrice></item><item><PriceUpdateDate>2016-05-01 21:46:34</PriceUpdateDate><ItemCode>7290000416021</ItemCode><ItemType>1</ItemType><ItemName>ממרח השחר העולה 500</ItemName><ManufacturerName>השחר</ManufacturerName><ManufactureCountry>ישראל</ManufactureCountry><ManufacturerItemDescription>ממרח שוקולד השחר500 גר</ManufacturerItemDescription><SoldByWeight/><Quantity>500.00</Quantity><UnitOfMeasure>גרם     </UnitOfMeasure><QtyInPackage>לא ידוע</QtyInPackage><UnitOfMeasurePrice>0.0238</UnitOfMeasurePrice><AllowDiscount>1</AllowDiscount><ItemStatus>1</ItemStatus><ItemPrice>11.90</ItemPrice></item><item><PriceUpdateDate>2016-02-02 06:50:55</PriceUpdateDate><ItemCode>7290000416045</ItemCode><ItemType>1</ItemType><ItemName>ממרח השחר העולה 1 ק"</ItemName><ManufacturerName>השחר</ManufacturerName><ManufactureCountry>ישראל</ManufactureCountry><ManufacturerItemDescription>ממרח השחר העולה 1 ק"</ManufacturerItemDescription><SoldByWeight/><Quantity>1000.00</Quantity><UnitOfMeasure>גרם     </UnitOfMeasure><QtyInPackage>לא ידוע</QtyInPackage><UnitOfMeasurePrice>0.0234</UnitOfMeasurePrice><AllowDiscount>1</AllowDiscount><ItemStatus>1</ItemStatus><ItemPrice>23.40</ItemPrice></item><item><PriceUpdateDate>2015-11-12 15:05:00</PriceUpdateDate><ItemCode>7290000416137</ItemCode><ItemType>1</ItemType><ItemName>שמפו כביסה בדיו 2 לי</ItemName><ManufacturerName>קלין-סיף</ManufacturerName><ManufactureCountry>ישראל</ManufactureCountry><ManufacturerItemDescription>שמפו כביסה בדיו 2 לי</ManufacturerItemDescription><SoldByWeight/><Quantity>2000.00</Quantity><UnitOfMeasure>מ"ל</UnitOfMeasure><QtyInPackage>לא ידוע</QtyInPackage><UnitOfMeasurePrice>0.0140</UnitOfMeasurePrice><AllowDiscount>1</AllowDiscount><ItemStatus>1</ItemStatus><ItemPrice>28.00</ItemPrice></item><item><PriceUpdateDate>2016-06-06 11:50:47</PriceUpdateDate><ItemCode>7290000416182</ItemCode><ItemType>1</ItemType><ItemName>מב קונפיטור 778 משמש</ItemName><ManufacturerName>778</ManufacturerName><ManufactureCountry>ישראל</ManufactureCountry><ManufacturerItemDescription>מב קונפיטור 778 משמש</ManufacturerItemDescription><SoldByWeight/><Quantity>330.00</Quantity><UnitOfMeasure>גרם     </UnitOfMeasure><QtyInPackage>לא ידוע</QtyInPackage><UnitOfMeasurePrice>0.0361</UnitOfMeasurePrice><AllowDiscount>1</AllowDiscount><ItemStatus>1</ItemStatus><ItemPrice>11.90</ItemPrice></item><item><PriceUpdateDate>2016-06-06 11:50:47</PriceUpdateDate><ItemCode>7290000416199</ItemCode><ItemType>1</ItemType><ItemName>מב קונפיטור 778 תות</ItemName><ManufacturerName>778</ManufacturerName><ManufactureCountry>ישראל</ManufactureCountry><ManufacturerItemDescription>מב קונפיטור 778 תות</ManufacturerItemDescription><SoldByWeight/><Quantity>330.00</Quantity><UnitOfMeasure>גרם     </UnitOfMeasure><QtyInPackage>לא ידוע</QtyInPackage><UnitOfMeasurePrice>0.0361</UnitOfMeasurePrice><AllowDiscount>1</AllowDiscount><ItemStatus>1</ItemStatus><ItemPrice>11.90</ItemPrice></item><item><PriceUpdateDate>2016-06-06 11:50:47</PriceUpdateDate><ItemCode>7290000416212</ItemCode><ItemType>1</ItemType><ItemName>מב קונפיטור 778 פובי</ItemName><ManufacturerName>778</ManufacturerName><ManufactureCountry>ישראל</ManufactureCountry><ManufacturerItemDescription>מב קונפיטור 778 פובי</ManufacturerItemDescription><SoldByWeight/><Quantity>340.00</Quantity><UnitOfMeasure>גרם     </UnitOfMeasure><QtyInPackage>לא ידוע</QtyInPackage><UnitOfMeasurePrice>0.0350</UnitOfMeasurePrice><AllowDiscount>1</AllowDiscount><ItemStatus>1</ItemStatus><ItemPrice>11.90</ItemPrice></item><item><PriceUpdateDate>2016-02-02 06:49:52</PriceUpdateDate><ItemCode>7290000416298</ItemCode><ItemType>1</ItemType><ItemName>תיבוליות עשבי תיבול</ItemName><ManufacturerName>קנור</ManufacturerName><ManufactureCountry>ישראל</ManufactureCountry><ManufacturerItemDescription>תיבוליות עשבי תיבול</ManufacturerItemDescription><SoldByWeight/><Quantity>72.00</Quantity><UnitOfMeasure>גרם     </UnitOfMeasure><QtyInPackage>לא ידוע</QtyInPackage><UnitOfMeasurePrice>0.1625</UnitOfMeasurePrice><AllowDiscount>1</AllowDiscount><ItemStatus>1</ItemStatus><ItemPrice>11.70</ItemPrice></item><item><PriceUpdateDate>2015-11-12 15:11:51</PriceUpdateDate><ItemCode>7290000416380</ItemCode><ItemType>1</ItemType><ItemName>רוטב פטריות 28 גרם</ItemName><ManufacturerName>קנור</ManufacturerName><ManufactureCountry>ישראל</ManufactureCountry><ManufacturerItemDescription>רוטב פטריות 28 גרם</ManufacturerItemDescription><SoldByWeight/><Quantity>28.00</Quantity><UnitOfMeasure>גרם     </UnitOfMeasure><QtyInPackage>לא ידוע</QtyInPackage><UnitOfMeasurePrice>0.1929</UnitOfMeasurePrice><AllowDiscount>1</AllowDiscount><ItemStatus>1</ItemStatus><ItemPrice>5.40</ItemPrice></item><item><PriceUpdateDate>2015-10-21 13:52:44</PriceUpdateDate><ItemCode>7290000416410</ItemCode><ItemType>1</ItemType><ItemName>קוקומן חום לבן 750 ג</ItemName><ManufacturerName>קוקומן</ManufacturerName><ManufactureCountry>ישראל</ManufactureCountry><ManufacturerItemDescription>קוקומן חום לבן 750 ג</ManufacturerItemDescription><SoldByWeight/><Quantity>750.00</Quantity><UnitOfMeasure>גרם     </UnitOfMeasure><QtyInPackage>לא ידוע</QtyInPackage><UnitOfMeasurePrice>0.0461</UnitOfMeasurePrice><AllowDiscount>1</AllowDiscount><ItemStatus>1</ItemStatus><ItemPrice>34.60</ItemPrice></item><item><PriceUpdateDate>2016-05-30 22:02:02</PriceUpdateDate><ItemCode>7290000416427</ItemCode><ItemType>1</ItemType><ItemName>מרכך כביסה בדין ירוק</ItemName><ManufacturerName>בדין</ManufacturerName><ManufactureCountry>ישראל</ManufactureCountry><ManufacturerItemDescription>מרכך כביסה בדין ירוק</ManufacturerItemDescription><SoldByWeight/><Quantity>4000.00</Quantity><UnitOfMeasure>מ"ל</UnitOfMeasure><QtyInPackage>לא ידוע</QtyInPackage><UnitOfMeasurePrice>0.0050</UnitOfMeasurePrice><AllowDiscount>1</AllowDiscount><ItemStatus>1</ItemStatus><ItemPrice>19.90</ItemPrice></item><item><PriceUpdateDate>2016-03-01 06:48:33</PriceUpdateDate><ItemCode>7290000416434</ItemCode><ItemType>1</ItemType><ItemName>משקה ג'אמפ תפוזים 1.</ItemName><ManufacturerName>גאמפ</ManufacturerName><ManufactureCountry>ישראל</ManufactureCountry><ManufacturerItemDescription>משקל גאמפ תפוזים 1.5 ל</ManufacturerItemDescription><SoldByWeight/><Quantity>1500.00</Quantity><UnitOfMeasure>מ"ל</UnitOfMeasure><QtyInPackage>לא ידוע</QtyInPackage><UnitOfMeasurePrice>0.0046</UnitOfMeasurePrice><AllowDiscount>1</AllowDiscount><ItemStatus>1</ItemStatus><ItemPrice>6.90</ItemPrice></item><item><PriceUpdateDate>2016-03-01 06:48:33</PriceUpdateDate><ItemCode>7290000416458</ItemCode><ItemType>1</ItemType><ItemName>משקה ג'אמפ תות בננה</ItemName><ManufacturerName>גאמפ</ManufacturerName><ManufactureCountry>ישראל</ManufactureCountry><ManufacturerItemDescription>משקה ג'אמפ תות בננה</ManufacturerItemDescription><SoldByWeight/><Quantity>1500.00</Quantity><UnitOfMeasure>מ"ל</UnitOfMeasure><QtyInPackage>לא ידוע</QtyInPackage><UnitOfMeasurePrice>0.0046</UnitOfMeasurePrice><AllowDiscount>1</AllowDiscount><ItemStatus>1</ItemStatus><ItemPrice>6.90</ItemPrice></item><item><PriceUpdateDate>2016-03-16 15:40:29</PriceUpdateDate><ItemCode>7290000416533</ItemCode><ItemType>1</ItemType><ItemName>שמפו הוואי לגבר 700</ItemName><ManufacturerName>הוואי</ManufacturerName><ManufactureCountry>ישראל</ManufactureCountry><ManufacturerItemDescription>הוואי שמפו לגבר 700 מל</ManufacturerItemDescription><SoldByWeight/><Quantity>700.00</Quantity><UnitOfMeasure>מ"ל</UnitOfMeasure><QtyInPackage>לא ידוע</QtyInPackage><UnitOfMeasurePrice>0.0141</UnitOfMeasurePrice><AllowDiscount>0</AllowDiscount><ItemStatus>1</ItemStatus><ItemPrice>9.90</ItemPrice></item><item><PriceUpdateDate>2016-03-16 15:40:29</PriceUpdateDate><ItemCode>7290000416571</ItemCode><ItemType>1</ItemType><ItemName>שמפו הוואי לשיער רגי</ItemName><ManufacturerName>הוואי</ManufacturerName><ManufactureCountry>ישראל</ManufactureCountry><ManufacturerItemDescription>הוואי שמפו לשיער רגיל 700</ManufacturerItemDescription><SoldByWeight/><Quantity>700.00</Quantity><UnitOfMeasure>מ"ל</UnitOfMeasure><QtyInPackage>לא ידוע</QtyInPackage><UnitOfMeasurePrice>0.0141</UnitOfMeasurePrice><AllowDiscount>0</AllowDiscount><ItemStatus>1</ItemStatus><ItemPrice>9.90</ItemPrice></item><item><PriceUpdateDate>2016-03-16 15:40:29</PriceUpdateDate><ItemCode>7290000416595</ItemCode><ItemType>1</ItemType><ItemName>שמפו הוואי למניעת קש</ItemName><ManufacturerName>הוואי</ManufacturerName><ManufactureCountry>ישראל</ManufactureCountry><ManufacturerItemDescription>הוואי שמפו למניעת קשקשים7</ManufacturerItemDescription><SoldByWeight/><Quantity>700.00</Quantity><UnitOfMeasure>מ"ל</UnitOfMeasure><QtyInPackage>לא ידוע</QtyInPackage><UnitOfMeasurePrice>0.0141</UnitOfMeasurePrice><AllowDiscount>0</AllowDiscount><ItemStatus>1</ItemStatus><ItemPrice>9.90</ItemPrice></item><item><PriceUpdateDate>2016-03-16 15:40:29</PriceUpdateDate><ItemCode>7290000416601</ItemCode><ItemType>1</ItemType><ItemName>מרכך הוואי לשיער רגי</ItemName><ManufacturerName>הוואי</ManufacturerName><ManufactureCountry>ישראל</ManufactureCountry><ManufacturerItemDescription>הוואי מרכך לשיער רגיל 700</ManufacturerItemDescription><SoldByWeight/><Quantity>700.00</Quantity><UnitOfMeasure>מ"ל</UnitOfMeasure><QtyInPackage>לא ידוע</QtyInPackage><UnitOfMeasurePrice>0.0141</UnitOfMeasurePrice><AllowDiscount>0</AllowDiscount><ItemStatus>1</ItemStatus><ItemPrice>9.90</ItemPrice></item><item><PriceUpdateDate>2016-05-30 22:03:32</PriceUpdateDate><ItemCode>7290000416618</ItemCode><ItemType>1</ItemType><ItemName>מב ממרח פרווה השחר 4</ItemName><ManufacturerName>השחר</ManufacturerName><ManufactureCountry>ישראל</ManufactureCountry><ManufacturerItemDescription>ממרח שוקולד השחר400ג.בדץ</ManufacturerItemDescription><SoldByWeight/><Quantity>400.00</Quantity><UnitOfMeasure>גרם     </UnitOfMeasure><QtyInPackage>לא ידוע</QtyInPackage><UnitOfMeasurePrice>0.0323</UnitOfMeasurePrice><AllowDiscount>1</AllowDiscount><ItemStatus>1</ItemStatus><ItemPrice>12.90</ItemPrice></item><item><PriceUpdateDate>2015-11-12 13:48:40</PriceUpdateDate><ItemCode>7290000416649</ItemCode><ItemType>1</ItemType><ItemName>אבקת כביסה פרסיל 4 ק</ItemName><ManufacturerName>פרסיל</ManufacturerName><ManufactureCountry>ישראל</ManufactureCountry><ManufacturerItemDescription>אבקת כביסה פרסיל 4 ק</ManufacturerItemDescription><SoldByWeight/><Quantity>4000.00</Quantity><UnitOfMeasure>גרם     </UnitOfMeasure><QtyInPackage>לא ידוע</QtyInPackage><UnitOfMeasurePrice>0.0123</UnitOfMeasurePrice><AllowDiscount>1</AllowDiscount><ItemStatus>1</ItemStatus><ItemPrice>49.40</ItemPrice></item><item><PriceUpdateDate>2015-10-20 17:06:00</PriceUpdateDate><ItemCode>7290000416878</ItemCode><ItemType>1</ItemType><ItemName>סבון מוצק הוואי לגבר</ItemName><ManufacturerName>הוואי</ManufacturerName><ManufactureCountry>ישראל</ManufactureCountry><ManufacturerItemDescription>סבון מוצק הוואי לגבר</ManufacturerItemDescription><SoldByWeight/><Quantity>400.00</Quantity><UnitOfMeasure>גרם     </UnitOfMeasure><QtyInPackage>לא ידוע</QtyInPackage><UnitOfMeasurePrice>0.0380</UnitOfMeasurePrice><AllowDiscount>1</AllowDiscount><ItemStatus>1</ItemStatus><ItemPrice>15.20</ItemPrice></item><item><PriceUpdateDate>2016-05-30 22:02:02</PriceUpdateDate><ItemCode>7290000416946</ItemCode><ItemType>1</ItemType><ItemName>מב משחת שינים טום וג</ItemName><ManufacturerName>טום אנד גרי</ManufacturerName><ManufactureCountry>ישראל</ManufactureCountry><ManufacturerItemDescription>מב משחת שינים טום וג</ManufacturerItemDescription><SoldByWeight/><Quantity>1.00</Quantity><UnitOfMeasure>יח'</UnitOfMeasure><QtyInPackage>לא ידוע</QtyInPackage><UnitOfMeasurePrice>5.9000</UnitOfMeasurePrice><AllowDiscount>1</AllowDiscount><ItemStatus>1</ItemStatus><ItemPrice>5.90</ItemPrice></item><item><PriceUpdateDate>2016-05-30 22:02:02</PriceUpdateDate><ItemCode>7290000416960</ItemCode><ItemType>1</ItemType><ItemName>מב משחת שיניים טום ו</ItemName><ManufacturerName>טום אנד גרי</ManufacturerName><ManufactureCountry>ישראל</ManufactureCountry><ManufacturerItemDescription>מב משחת שיניים טום ו</ManufacturerItemDescription><SoldByWeight/><Quantity>1.00</Quantity><UnitOfMeasure>יח'</UnitOfMeasure><QtyInPackage>לא ידוע</QtyInPackage><UnitOfMeasurePrice>5.9000</UnitOfMeasurePrice><AllowDiscount>1</AllowDiscount><ItemStatus>1</ItemStatus><ItemPrice>5.90</ItemPrice></item><item><PriceUpdateDate>2016-04-01 11:49:36</PriceUpdateDate><ItemCode>7290000417011</ItemCode><ItemType>1</ItemType><ItemName>מב מיץ פריגת סחוט תפ</ItemName><ManufacturerName>פריגת</ManufacturerName><ManufactureCountry>ישראל</ManufactureCountry><ManufacturerItemDescription>מיץ סחוט תפוזים2 ל</ManufacturerItemDescription><SoldByWeight/><Quantity>2000.00</Quantity><UnitOfMeasure>מ"ל</UnitOfMeasure><QtyInPackage>לא ידוע</QtyInPackage><UnitOfMeasurePrice>0.0109</UnitOfMeasurePrice><AllowDiscount>1</AllowDiscount><ItemStatus>1</ItemStatus><ItemPrice>21.90</ItemPrice></item><item><PriceUpdateDate>2015-11-12 16:43:44</PriceUpdateDate><ItemCode>7290000417035</ItemCode><ItemType>1</ItemType><ItemName>גרעיני דלעת קליית גת</ItemName><ManufacturerName>ליימן חטיבת המותגים</ManufacturerName><ManufactureCountry>ישראל</ManufactureCountry><ManufacturerItemDescription>גרעיני דלעת 200 גרם</ManufacturerItemDescription><SoldByWeight/><Quantity>200.00</Quantity><UnitOfMeasure>גרם     </UnitOfMeasure><QtyInPackage>לא ידוע</QtyInPackage><UnitOfMeasurePrice>0.0570</UnitOfMeasurePrice><AllowDiscount>1</AllowDiscount><ItemStatus>1</ItemStatus><ItemPrice>11.40</ItemPrice></item><item><PriceUpdateDate>2016-05-30 22:02:02</PriceUpdateDate><ItemCode>7290000417059</ItemCode><ItemType>1</ItemType><ItemName>קשיו 200 גרם קליית ג</ItemName><ManufacturerName>ליימן חטיבת המותגים</ManufacturerName><ManufactureCountry>ישראל</ManufactureCountry><ManufacturerItemDescription>אגוז קשיו מטוגן 200 גרם</ManufacturerItemDescription><SoldByWeight/><Quantity>200.00</Quantity><UnitOfMeasure>גרם     </UnitOfMeasure><QtyInPackage>לא ידוע</QtyInPackage><UnitOfMeasurePrice>0.1185</UnitOfMeasurePrice><AllowDiscount>1</AllowDiscount><ItemStatus>1</ItemStatus><ItemPrice>23.70</ItemPrice></item><item><PriceUpdateDate>2015-10-21 13:55:21</PriceUpdateDate><ItemCode>7290000417066</ItemCode><ItemType>1</ItemType><ItemName>גת גרעיני חמניה 200</ItemName><ManufacturerName>ליימן חטיבת המותגים</ManufacturerName><ManufactureCountry>ישראל</ManufactureCountry><ManufacturerItemDescription>גרעיני חמניה 200 גרם</ManufacturerItemDescription><SoldByWeight/><Quantity>200.00</Quantity><UnitOfMeasure>גרם     </UnitOfMeasure><QtyInPackage>לא ידוע</QtyInPackage><UnitOfMeasurePrice>0.0405</UnitOfMeasurePrice><AllowDiscount>0</AllowDiscount><ItemStatus>1</ItemStatus><ItemPrice>8.10</ItemPrice></item><item><PriceUpdateDate>2016-05-30 22:02:02</PriceUpdateDate><ItemCode>7290000417073</ItemCode><ItemType>1</ItemType><ItemName>מב גת שקד קלוי שקית</ItemName><ManufacturerName>ליימן חטיבת המותגים</ManufacturerName><ManufactureCountry>ישראל</ManufactureCountry><ManufacturerItemDescription>שקדים קלויים 200 גרם</ManufacturerItemDescription><SoldByWeight/><Quantity>200.00</Quantity><UnitOfMeasure>גרם     </UnitOfMeasure><QtyInPackage>לא ידוע</QtyInPackage><UnitOfMeasurePrice>0.0845</UnitOfMeasurePrice><AllowDiscount>1</AllowDiscount><ItemStatus>1</ItemStatus><ItemPrice>16.90</ItemPrice></item><item><PriceUpdateDate>2016-05-02 08:05:31</PriceUpdateDate><ItemCode>7290000417370</ItemCode><ItemType>1</ItemType><ItemName>מב נקניק פסטרמה פולנ</ItemName><ManufacturerName>עוף טוב</ManufacturerName><ManufactureCountry>ישראל</ManufactureCountry><ManufacturerItemDescription>פסטרמה פולנית 300 גרם</ManufacturerItemDescription><SoldByWeight/><Quantity>300.00</Quantity><UnitOfMeasure>גרם     </UnitOfMeasure><QtyInPackage>לא ידוע</QtyInPackage><UnitOfMeasurePrice>0.0663</UnitOfMeasurePrice><AllowDiscount>1</AllowDiscount><ItemStatus>1</ItemStatus><ItemPrice>19.90</ItemPrice></item><item><PriceUpdateDate>2015-11-12 14:23:34</PriceUpdateDate><ItemCode>7290000417547</ItemCode><ItemType>1</ItemType><ItemName>גולדבנד גביע 250 גרם</ItemName><ManufacturerName>גולדבנד</ManufacturerName><ManufactureCountry>ישראל</ManufactureCountry><ManufacturerItemDescription>גולדבנד גביע 250 גרם</ManufacturerItemDescription><SoldByWeight/><Quantity>250.00</Quantity><UnitOfMeasure>גרם     </UnitOfMeasure><QtyInPackage>לא ידוע</QtyInPackage><UnitOfMeasurePrice>0.0372</UnitOfMeasurePrice><AllowDiscount>1</AllowDiscount><ItemStatus>1</ItemStatus><ItemPrice>9.30</ItemPrice></item><item><PriceUpdateDate>2015-11-12 14:23:34</PriceUpdateDate><ItemCode>7290000417554</ItemCode><ItemType>1</ItemType><ItemName>מחמאה גביע 250 גרם</ItemName><ManufacturerName>מחמאה</ManufacturerName><ManufactureCountry>ישראל</ManufactureCountry><ManufacturerItemDescription>מחמאה גביע 250 גרם</ManufacturerItemDescription><SoldByWeight/><Quantity>250.00</Quantity><UnitOfMeasure>גרם     </UnitOfMeasure><QtyInPackage>לא ידוע</QtyInPackage><UnitOfMeasurePrice>0.0352</UnitOfMeasurePrice><AllowDiscount>1</AllowDiscount><ItemStatus>1</ItemStatus><ItemPrice>8.80</ItemPrice></item><item><PriceUpdateDate>2016-05-01 21:46:01</PriceUpdateDate><ItemCode>7290000417578</ItemCode><ItemType>1</ItemType><ItemName>מיונז אמיתי משמן קנו</ItemName><ManufacturerName>תלמה</ManufacturerName><ManufactureCountry>ישראל</ManufactureCountry><ManufacturerItemDescription>מיונז אמיתי משמן קנו</ManufacturerItemDescription><SoldByWeight/><Quantity>500.00</Quantity><UnitOfMeasure>גרם     </UnitOfMeasure><QtyInPackage>לא ידוע</QtyInPackage><UnitOfMeasurePrice>0.0318</UnitOfMeasurePrice><AllowDiscount>1</AllowDiscount><ItemStatus>1</ItemStatus><ItemPrice>15.90</ItemPrice></item><item><PriceUpdateDate>2016-05-30 22:02:02</PriceUpdateDate><ItemCode>7290000417622</ItemCode><ItemType>1</ItemType><ItemName>שוקולד פרה חלב 100 ג</ItemName><ManufacturerName>פרה</ManufacturerName><ManufactureCountry>ישראל</ManufactureCountry><ManufacturerItemDescription>שוקולד פרה חלב שטוח 100 ג</ManufacturerItemDescription><SoldByWeight/><Quantity>100.00</Quantity><UnitOfMeasure>גרם     </UnitOfMeasure><QtyInPackage>לא ידוע</QtyInPackage><UnitOfMeasurePrice>0.0540</UnitOfMeasurePrice><AllowDiscount>0</AllowDiscount><ItemStatus>1</ItemStatus><ItemPrice>5.40</ItemPrice></item><item><PriceUpdateDate>2016-05-30 22:02:02</PriceUpdateDate><ItemCode>7290000417639</ItemCode><ItemType>1</ItemType><ItemName>שוקולד פרה מריר 100</ItemName><ManufacturerName>פרה</ManufacturerName><ManufactureCountry>ישראל</ManufactureCountry><ManufacturerItemDescription>שוקולד פרה מריר שטוח 100</ManufacturerItemDescription><SoldByWeight/><Quantity>100.00</Quantity><UnitOfMeasure>גרם     </UnitOfMeasure><QtyInPackage>לא ידוע</QtyInPackage><UnitOfMeasurePrice>0.0540</UnitOfMeasurePrice><AllowDiscount>0</AllowDiscount><ItemStatus>1</ItemStatus><ItemPrice>5.40</ItemPrice></item><item><PriceUpdateDate>2016-02-16 15:55:39</PriceUpdateDate><ItemCode>7290000417653</ItemCode><ItemType>1</ItemType><ItemName>שוקולד פרה קרם נוגט</ItemName><ManufacturerName>פרה</ManufacturerName><ManufactureCountry>ישראל</ManufactureCountry><ManufacturerItemDescription>שוקולד פרה קרם נוגט 100 ג</ManufacturerItemDescription><SoldByWeight/><Quantity>100.00</Quantity><UnitOfMeasure>גרם     </UnitOfMeasure><QtyInPackage>לא ידוע</QtyInPackage><UnitOfMeasurePrice>0.0690</UnitOfMeasurePrice><AllowDiscount>0</AllowDiscount><ItemStatus>1</ItemStatus><ItemPrice>6.90</ItemPrice></item><item><PriceUpdateDate>2015-10-11 11:22:33</PriceUpdateDate><ItemCode>7290000417677</ItemCode><ItemType>1</ItemType><ItemName>חטיף כיף כף בודד 45</ItemName><ManufacturerName>כיף כף</ManufacturerName><ManufactureCountry>ישראל</ManufactureCountry><ManufacturerItemDescription>חטיף כיף כף45 גר</ManufacturerItemDescription><SoldByWeight/><Quantity>0.00</Quantity><UnitOfMeasure>גרם     </UnitOfMeasure><QtyInPackage>לא ידוע</QtyInPackage><UnitOfMeasurePrice>0.0000</UnitOfMeasurePrice><AllowDiscount>1</AllowDiscount><ItemStatus>1</ItemStatus><ItemPrice>5.00</ItemPrice></item><item><PriceUpdateDate>2016-05-02 08:05:31</PriceUpdateDate><ItemCode>7290000417707</ItemCode><ItemType>1</ItemType><ItemName>בפלות בטעם לימון 500</ItemName><ManufacturerName>עלית</ManufacturerName><ManufactureCountry>ישראל</ManufactureCountry><ManufacturerItemDescription>וופל לימון 500 גר</ManufacturerItemDescription><SoldByWeight/><Quantity>500.00</Quantity><UnitOfMeasure>גרם     </UnitOfMeasure><QtyInPackage>לא ידוע</QtyInPackage><UnitOfMeasurePrice>0.0278</UnitOfMeasurePrice><AllowDiscount>1</AllowDiscount><ItemStatus>1</ItemStatus><ItemPrice>13.90</ItemPrice></item><item><PriceUpdateDate>2016-05-30 22:02:02</PriceUpdateDate><ItemCode>7290000417714</ItemCode><ItemType>1</ItemType><ItemName>בפלות שוקולד 1 ק"ג ע</ItemName><ManufacturerName>עלית</ManufacturerName><ManufactureCountry>ישראל</ManufactureCountry><ManufacturerItemDescription>בפלות שוקולד 1 ק"ג ע</ManufacturerItemDescription><SoldByWeight/><Quantity>1000.00</Quantity><UnitOfMeasure>גרם     </UnitOfMeasure><QtyInPackage>לא ידוע</QtyInPackage><UnitOfMeasurePrice>0.0193</UnitOfMeasurePrice><AllowDiscount>1</AllowDiscount><ItemStatus>1</ItemStatus><ItemPrice>19.30</ItemPrice></item><item><PriceUpdateDate>2016-05-02 08:05:31</PriceUpdateDate><ItemCode>7290000417721</ItemCode><ItemType>1</ItemType><ItemName>בפלות בטעם שוקו 500</ItemName><ManufacturerName>עלית</ManufacturerName><ManufactureCountry>ישראל</ManufactureCountry><ManufacturerItemDescription>וופל שוקולד 500 גר</ManufacturerItemDescription><SoldByWeight/><Quantity>500.00</Quantity><UnitOfMeasure>גרם     </UnitOfMeasure><QtyInPackage>לא ידוע</QtyInPackage><UnitOfMeasurePrice>0.0278</UnitOfMeasurePrice><AllowDiscount>1</AllowDiscount><ItemStatus>1</ItemStatus><ItemPrice>13.90</ItemPrice></item><item><PriceUpdateDate>2016-05-30 22:02:02</PriceUpdateDate><ItemCode>7290000417738</ItemCode><ItemType>1</ItemType><ItemName>אבקת שוקולית 500 גרם</ItemName><ManufacturerName>שוקולית</ManufacturerName><ManufactureCountry>ישראל</ManufactureCountry><ManufacturerItemDescription>שוקולית עלית 500 גרם</ManufacturerItemDescription><SoldByWeight/><Quantity>500.00</Quantity><UnitOfMeasure>גרם     </UnitOfMeasure><QtyInPackage>לא ידוע</QtyInPackage><UnitOfMeasurePrice>0.0270</UnitOfMeasurePrice><AllowDiscount>1</AllowDiscount><ItemStatus>1</ItemStatus><ItemPrice>13.50</ItemPrice></item><item><PriceUpdateDate>2016-03-16 15:40:29</PriceUpdateDate><ItemCode>7290000417776</ItemCode><ItemType>1</ItemType><ItemName>קפה טורקי עלית בשקית</ItemName><ManufacturerName>עלית</ManufacturerName><ManufactureCountry>ישראל</ManufactureCountry><ManufacturerItemDescription>קפה טורקי בצלופן 100 גרם</ManufacturerItemDescription><SoldByWeight/><Quantity>100.00</Quantity><UnitOfMeasure>גרם     </UnitOfMeasure><QtyInPackage>לא ידוע</QtyInPackage><UnitOfMeasurePrice>0.0880</UnitOfMeasurePrice><AllowDiscount>0</AllowDiscount><ItemStatus>1</ItemStatus><ItemPrice>8.80</ItemPrice></item><item><PriceUpdateDate>2016-02-16 15:55:39</PriceUpdateDate><ItemCode>7290000417783</ItemCode><ItemType>1</ItemType><ItemName>קפה טורקי עלית עם הל</ItemName><ManufacturerName>טורקי עלית</ManufacturerName><ManufactureCountry>ישראל</ManufactureCountry><ManufacturerItemDescription>קפה עם הל 100 גר</ManufacturerItemDescription><SoldByWeight/><Quantity>100.00</Quantity><UnitOfMeasure>גרם     </UnitOfMeasure><QtyInPackage>לא ידוע</QtyInPackage><UnitOfMeasurePrice>0.0990</UnitOfMeasurePrice><AllowDiscount>1</AllowDiscount><ItemStatus>1</ItemStatus><ItemPrice>9.90</ItemPrice></item><item><PriceUpdateDate>2015-11-12 14:57:18</PriceUpdateDate><ItemCode>7290000417806</ItemCode><ItemType>1</ItemType><ItemName>קפה טורקי אלדין וקום</ItemName><ManufacturerName>אלדין</ManufacturerName><ManufactureCountry>ישראל</ManufactureCountry><ManufacturerItemDescription>קפה טורקי אלדין וקום</ManufacturerItemDescription><SoldByWeight/><Quantity>200.00</Quantity><UnitOfMeasure>גרם     </UnitOfMeasure><QtyInPackage>לא ידוע</QtyInPackage><UnitOfMeasurePrice>0.1240</UnitOfMeasurePrice><AllowDiscount>1</AllowDiscount><ItemStatus>1</ItemStatus><ItemPrice>24.80</ItemPrice></item><item><PriceUpdateDate>2016-06-01 06:53:48</PriceUpdateDate><ItemCode>7290000417844</ItemCode><ItemType>1</ItemType><ItemName>קפה נמס עלית 50 גרם</ItemName><ManufacturerName>עלית נמס</ManufacturerName><ManufactureCountry>ישראל</ManufactureCountry><ManufacturerItemDescription>קפה נמס עלית 50 גר</ManufacturerItemDescription><SoldByWeight/><Quantity>14.00</Quantity><UnitOfMeasure>גרם     </UnitOfMeasure><QtyInPackage>לא ידוע</QtyInPackage><UnitOfMeasurePrice>0.7071</UnitOfMeasurePrice><AllowDiscount>0</AllowDiscount><ItemStatus>1</ItemStatus><ItemPrice>9.90</ItemPrice></item><item><PriceUpdateDate>2016-03-16 15:40:29</PriceUpdateDate><ItemCode>7290000417851</ItemCode><ItemType>1</ItemType><ItemName>קפה נמס עלית 200 גרם</ItemName><ManufacturerName>עלית נמס</ManufacturerName><ManufactureCountry>ישראל</ManufactureCountry><ManufacturerItemDescription>קפה נמס עלית פחית 200 גר</ManufacturerItemDescription><SoldByWeight/><Quantity>200.00</Quantity><UnitOfMeasure>גרם     </UnitOfMeasure><QtyInPackage>לא ידוע</QtyInPackage><UnitOfMeasurePrice>0.0995</UnitOfMeasurePrice><AllowDiscount>1</AllowDiscount><ItemStatus>1</ItemStatus><ItemPrice>19.90</ItemPrice></item><item><PriceUpdateDate>2016-03-14 06:44:35</PriceUpdateDate><ItemCode>7290000417868</ItemCode><ItemType>1</ItemType><ItemName>קפה נמס האג 50 גרם</ItemName><ManufacturerName>עלית</ManufacturerName><ManufactureCountry>ישראל</ManufactureCountry><ManufacturerItemDescription>קפה נמס האג עלית 50 גר</ManufacturerItemDescription><SoldByWeight/><Quantity>50.00</Quantity><UnitOfMeasure>גרם     </UnitOfMeasure><QtyInPackage>לא ידוע</QtyInPackage><UnitOfMeasurePrice>0.2380</UnitOfMeasurePrice><AllowDiscount>1</AllowDiscount><ItemStatus>1</ItemStatus><ItemPrice>11.90</ItemPrice></item><item><PriceUpdateDate>2016-05-25 06:42:52</PriceUpdateDate><ItemCode>7290000417875</ItemCode><ItemType>1</ItemType><ItemName>קפה נמס האג 200 גרם</ItemName><ManufacturerName>האג</ManufacturerName><ManufactureCountry>ישראל</ManufactureCountry><ManufacturerItemDescription>קפה נמס האג 200 גרם</ManufacturerItemDescription><SoldByWeight/><Quantity>200.00</Quantity><UnitOfMeasure>גרם     </UnitOfMeasure><QtyInPackage>לא ידוע</QtyInPackage><UnitOfMeasurePrice>0.1995</UnitOfMeasurePrice><AllowDiscount>1</AllowDiscount><ItemStatus>1</ItemStatus><ItemPrice>39.90</ItemPrice></item><item><PriceUpdateDate>2016-05-30 22:02:02</PriceUpdateDate><ItemCode>7290000417899</ItemCode><ItemType>1</ItemType><ItemName>שוקולד פרה לבן 100 ג</ItemName><ManufacturerName>פרה</ManufacturerName><ManufactureCountry>ישראל</ManufactureCountry><ManufacturerItemDescription>שוקולד פרה לבן 100 גר</ManufacturerItemDescription><SoldByWeight/><Quantity>100.00</Quantity><UnitOfMeasure>גרם     </UnitOfMeasure><QtyInPackage>לא ידוע</QtyInPackage><UnitOfMeasurePrice>0.0540</UnitOfMeasurePrice><AllowDiscount>0</AllowDiscount><ItemStatus>1</ItemStatus><ItemPrice>5.40</ItemPrice></item><item><PriceUpdateDate>2016-05-30 22:02:02</PriceUpdateDate><ItemCode>7290000417905</ItemCode><ItemType>1</ItemType><ItemName>קפה טורקי עלית בואקו</ItemName><ManufacturerName>עלית</ManufacturerName><ManufactureCountry>ישראל</ManufactureCountry><ManufacturerItemDescription>קפה טורקי קלוי טחוןבואקום</ManufacturerItemDescription><SoldByWeight/><Quantity>200.00</Quantity><UnitOfMeasure>גרם     </UnitOfMeasure><QtyInPackage>לא ידוע</QtyInPackage><UnitOfMeasurePrice>0.0945</UnitOfMeasurePrice><AllowDiscount>1</AllowDiscount><ItemStatus>1</ItemStatus><ItemPrice>18.90</ItemPrice></item><item><PriceUpdateDate>2015-11-12 14:58:32</PriceUpdateDate><ItemCode>7290000417936</ItemCode><ItemType>1</ItemType><ItemName>וופל שוקו מצופה שוקו</ItemName><ManufacturerName>עלית</ManufacturerName><ManufactureCountry>ישראל</ManufactureCountry><ManufacturerItemDescription>וופל שוקו מצופה שוקו</ManufacturerItemDescription><SoldByWeight/><Quantity>500.00</Quantity><UnitOfMeasure>גרם     </UnitOfMeasure><QtyInPackage>לא ידוע</QtyInPackage><UnitOfMeasurePrice>0.0358</UnitOfMeasurePrice><AllowDiscount>1</AllowDiscount><ItemStatus>1</ItemStatus><ItemPrice>17.90</ItemPrice></item><item><PriceUpdateDate>2015-09-30 23:37:36</PriceUpdateDate><ItemCode>7290000417943</ItemCode><ItemType>1</ItemType><ItemName>חטיף תפוציפס טבעי 50</ItemName><ManufacturerName>תפוצ'יפס</ManufacturerName><ManufactureCountry>ישראל</ManufactureCountry><ManufacturerItemDescription>תפוציפס מלוח 50 גר</ManufacturerItemDescription><SoldByWeight/><Quantity>14.00</Quantity><UnitOfMeasure>גרם     </UnitOfMeasure><QtyInPackage>לא ידוע</QtyInPackage><UnitOfMeasurePrice>0.2786</UnitOfMeasurePrice><AllowDiscount>1</AllowDiscount><ItemStatus>1</ItemStatus><ItemPrice>3.90</ItemPrice></item><item><PriceUpdateDate>2016-06-01 06:54:03</PriceUpdateDate><ItemCode>7290000417967</ItemCode><ItemType>1</ItemType><ItemName>מב תפוצ'יפס טבעי 200</ItemName><ManufacturerName>תפוצ'יפס</ManufacturerName><ManufactureCountry>ישראל</ManufactureCountry><ManufacturerItemDescription>תפוציפס מלוח 200 גר</ManufacturerItemDescription><SoldByWeight/><Quantity>200.00</Quantity><UnitOfMeasure>גרם     </UnitOfMeasure><QtyInPackage>לא ידוע</QtyInPackage><UnitOfMeasurePrice>0.0445</UnitOfMeasurePrice><AllowDiscount>1</AllowDiscount><ItemStatus>1</ItemStatus><ItemPrice>8.90</ItemPrice></item><item><PriceUpdateDate>2016-03-21 09:57:01</PriceUpdateDate><ItemCode>7290000417974</ItemCode><ItemType>1</ItemType><ItemName>מסטיק בזוקה 30 יח' ב</ItemName><ManufacturerName>בזוקה</ManufacturerName><ManufactureCountry>ישראל</ManufactureCountry><ManufacturerItemDescription>מסטיק בזוקה 1/30 בשקית 18</ManufacturerItemDescription><SoldByWeight/><Quantity>30.00</Quantity><UnitOfMeasure>יח'</UnitOfMeasure><QtyInPackage>לא ידוע</QtyInPackage><UnitOfMeasurePrice>0.2967</UnitOfMeasurePrice><AllowDiscount>1</AllowDiscount><ItemStatus>1</ItemStatus><ItemPrice>8.90</ItemPrice></item><item><PriceUpdateDate>2016-02-16 15:55:39</PriceUpdateDate><ItemCode>7290000417981</ItemCode><ItemType>1</ItemType><ItemName>שוקולד פרה עם שברי א</ItemName><ManufacturerName>פרה</ManufacturerName><ManufactureCountry>ישראל</ManufactureCountry><ManufacturerItemDescription>שוקולד פרה מריר אגוזים100</ManufacturerItemDescription><SoldByWeight/><Quantity>100.00</Quantity><UnitOfMeasure>גרם     </UnitOfMeasure><QtyInPackage>לא ידוע</QtyInPackage><UnitOfMeasurePrice>0.0690</UnitOfMeasurePrice><AllowDiscount>0</AllowDiscount><ItemStatus>1</ItemStatus><ItemPrice>6.90</ItemPrice></item><item><PriceUpdateDate>2015-12-16 07:19:23</PriceUpdateDate><ItemCode>7290000417998</ItemCode><ItemType>1</ItemType><ItemName>ביסקוויט עד חצות חלב</ItemName><ManufacturerName>פרה</ManufacturerName><ManufactureCountry>ישראל</ManufactureCountry><ManufacturerItemDescription>ביסקוויט חלב 200 גר</ManufacturerItemDescription><SoldByWeight/><Quantity>200.00</Quantity><UnitOfMeasure>גרם     </UnitOfMeasure><QtyInPackage>לא ידוע</QtyInPackage><UnitOfMeasurePrice>0.0745</UnitOfMeasurePrice><AllowDiscount>1</AllowDiscount><ItemStatus>1</ItemStatus><ItemPrice>14.90</ItemPrice></item><item><PriceUpdateDate>2016-05-01 21:46:01</PriceUpdateDate><ItemCode>7290000418001</ItemCode><ItemType>1</ItemType><ItemName>ממרחית חלב עלית 500</ItemName><ManufacturerName>פרה</ManufacturerName><ManufactureCountry>ישראל</ManufactureCountry><ManufacturerItemDescription>ממרח חלב500 גר</ManufacturerItemDescription><SoldByWeight/><Quantity>500.00</Quantity><UnitOfMeasure>גרם     </UnitOfMeasure><QtyInPackage>לא ידוע</QtyInPackage><UnitOfMeasurePrice>0.0278</UnitOfMeasurePrice><AllowDiscount>1</AllowDiscount><ItemStatus>1</ItemStatus><ItemPrice>13.90</ItemPrice></item><item><PriceUpdateDate>2016-05-30 22:02:03</PriceUpdateDate><ItemCode>7290000418087</ItemCode><ItemType>1</ItemType><ItemName>נ.טואלט לילי קלאסיק</ItemName><ManufacturerName>לילי</ManufacturerName><ManufactureCountry>ישראל</ManufactureCountry><ManufacturerItemDescription>נייר טואלט לילי לבן 32 יח</ManufacturerItemDescription><SoldByWeight/><Quantity>589.00</Quantity><UnitOfMeasure>מטר</UnitOfMeasure><QtyInPackage>לא ידוע</QtyInPackage><UnitOfMeasurePrice>0.0657</UnitOfMeasurePrice><AllowDiscount>1</AllowDiscount><ItemStatus>1</ItemStatus><ItemPrice>38.70</ItemPrice></item><item><PriceUpdateDate>2016-05-02 08:05:31</PriceUpdateDate><ItemCode>7290000418094</ItemCode><ItemType>1</ItemType><ItemName>מב נייר טואלט לילי פ</ItemName><ManufacturerName>לילי</ManufacturerName><ManufactureCountry>ישראל</ManufactureCountry><ManufacturerItemDescription>נייר טואלט לילי פסטל</ManufacturerItemDescription><SoldByWeight/><Quantity>589.00</Quantity><UnitOfMeasure>מטר</UnitOfMeasure><QtyInPackage>לא ידוע</QtyInPackage><UnitOfMeasurePrice>0.0593</UnitOfMeasurePrice><AllowDiscount>1</AllowDiscount><ItemStatus>1</ItemStatus><ItemPrice>34.90</ItemPrice></item><item><PriceUpdateDate>2015-10-21 13:59:49</PriceUpdateDate><ItemCode>7290000418148</ItemCode><ItemType>1</ItemType><ItemName>מגבונים קלינקס אולטר</ItemName><ManufacturerName>קלינקס</ManufacturerName><ManufactureCountry>ישראל</ManufactureCountry><ManufacturerItemDescription>מגבונים קלינקס אולטר</ManufacturerItemDescription><SoldByWeight/><Quantity>100.00</Quantity><UnitOfMeasure>בודד</UnitOfMeasure><QtyInPackage>לא ידוע</QtyInPackage><UnitOfMeasurePrice>0.2150</UnitOfMeasurePrice><AllowDiscount>1</AllowDiscount><ItemStatus>1</ItemStatus><ItemPrice>21.50</ItemPrice></item><item><PriceUpdateDate>2016-05-01 21:46:01</PriceUpdateDate><ItemCode>7290000418230</ItemCode><ItemType>1</ItemType><ItemName>ניקול סופר מטלית</ItemName><ManufacturerName>ניקול</ManufacturerName><ManufactureCountry>ישראל</ManufactureCountry><ManufacturerItemDescription>מגבת ניקול סופר מטלית</ManufacturerItemDescription><SoldByWeight/><Quantity>1.00</Quantity><UnitOfMeasure>יח'</UnitOfMeasure><QtyInPackage>לא ידוע</QtyInPackage><UnitOfMeasurePrice>19.9000</UnitOfMeasurePrice><AllowDiscount>1</AllowDiscount><ItemStatus>1</ItemStatus><ItemPrice>19.90</ItemPrice></item><item><PriceUpdateDate>2016-05-30 22:02:03</PriceUpdateDate><ItemCode>7290000418247</ItemCode><ItemType>1</ItemType><ItemName>מב מטלית הקסם לשיש נ</ItemName><ManufacturerName>ניקול</ManufacturerName><ManufactureCountry>סין</ManufactureCountry><ManufacturerItemDescription>דאודורנט        ורט50גרם</ManufacturerItemDescription><SoldByWeight/><Quantity>0.00</Quantity><UnitOfMeasure>יח'</UnitOfMeasure><QtyInPackage>לא ידוע</QtyInPackage><UnitOfMeasurePrice>0.0000</UnitOfMeasurePrice><AllowDiscount>1</AllowDiscount><ItemStatus>1</ItemStatus><ItemPrice>5.00</ItemPrice></item><item><PriceUpdateDate>2015-10-21 13:58:10</PriceUpdateDate><ItemCode>7290000418339</ItemCode><ItemType>1</ItemType><ItemName>תבניות אפייה חד פעמי</ItemName><ManufacturerName>ניקול</ManufacturerName><ManufactureCountry>ישראל</ManufactureCountry><ManufacturerItemDescription>תבניות אפייה חד פעמי</ManufacturerItemDescription><SoldByWeight/><Quantity>3.00</Quantity><UnitOfMeasure>בודד</UnitOfMeasure><QtyInPackage>לא ידוע</QtyInPackage><UnitOfMeasurePrice>4.1333</UnitOfMeasurePrice><AllowDiscount>1</AllowDiscount><ItemStatus>1</ItemStatus><ItemPrice>12.40</ItemPrice></item><item><PriceUpdateDate>2015-10-21 13:58:10</PriceUpdateDate><ItemCode>7290000418346</ItemCode><ItemType>1</ItemType><ItemName>תבניות אפייה חד פעמי</ItemName><ManufacturerName>ניקול</ManufacturerName><ManufactureCountry>ישראל</ManufactureCountry><ManufacturerItemDescription>תבנית אפייה קרטון אינגליש</ManufacturerItemDescription><SoldByWeight/><Quantity>5.00</Quantity><UnitOfMeasure>בודד</UnitOfMeasure><QtyInPackage>לא ידוע</QtyInPackage><UnitOfMeasurePrice>2.4800</UnitOfMeasurePrice><AllowDiscount>1</AllowDiscount><ItemStatus>1</ItemStatus><ItemPrice>12.40</ItemPrice></item><item><PriceUpdateDate>2016-06-07 12:22:49</PriceUpdateDate><ItemCode>7290000418377</ItemCode><ItemType>1</ItemType><ItemName>מב אשפתון זוג ניקול</ItemName><ManufacturerName>ניקול</ManufacturerName><ManufactureCountry>ישראל</ManufactureCountry><ManufacturerItemDescription>ש.אשפה מתכלות זוג 20 יחיד</ManufacturerItemDescription><SoldByWeight/><Quantity>20.00</Quantity><UnitOfMeasure>בודד</UnitOfMeasure><QtyInPackage>לא ידוע</QtyInPackage><UnitOfMeasurePrice>1.1450</UnitOfMeasurePrice><AllowDiscount>1</AllowDiscount><ItemStatus>1</ItemStatus><ItemPrice>22.90</ItemPrice></item><item><PriceUpdateDate>2016-06-07 12:22:49</PriceUpdateDate><ItemCode>7290000418407</ItemCode><ItemType>1</ItemType><ItemName>מב מטליות לחות חד"פ</ItemName><ManufacturerName>ניקול</ManufacturerName><ManufactureCountry>ישראל</ManufactureCountry><ManufacturerItemDescription>מגבוני ניקול לניקוי כללי5</ManufacturerItemDescription><SoldByWeight/><Quantity>50.00</Quantity><UnitOfMeasure>יח'</UnitOfMeasure><QtyInPackage>לא ידוע</QtyInPackage><UnitOfMeasurePrice>0.2180</UnitOfMeasurePrice><AllowDiscount>1</AllowDiscount><ItemStatus>1</ItemStatus><ItemPrice>10.90</ItemPrice></item><item><PriceUpdateDate>2016-05-30 22:02:03</PriceUpdateDate><ItemCode>7290000418469</ItemCode><ItemType>1</ItemType><ItemName>אשפתון 60 שקיות ניקו</ItemName><ManufacturerName>ניקול</ManufacturerName><ManufactureCountry>ישראל</ManufactureCountry><ManufacturerItemDescription>ש.אשפה מתכלות 60 יח</ManufacturerItemDescription><SoldByWeight/><Quantity>60.00</Quantity><UnitOfMeasure>חב'</UnitOfMeasure><QtyInPackage>לא ידוע</QtyInPackage><UnitOfMeasurePrice>0.3650</UnitOfMeasurePrice><AllowDiscount>1</AllowDiscount><ItemStatus>1</ItemStatus><ItemPrice>21.90</ItemPrice></item><item><PriceUpdateDate>2016-05-22 09:34:00</PriceUpdateDate><ItemCode>7290000418490</ItemCode><ItemType>1</ItemType><ItemName>מפיות ניקול 100 יחיד</ItemName><ManufacturerName>ניקול</ManufacturerName><ManufactureCountry>ישראל</ManufactureCountry><ManufacturerItemDescription>מפיות נייר ניקול 100 יח</ManufacturerItemDescription><SoldByWeight/><Quantity>0.00</Quantity><UnitOfMeasure>יח'</UnitOfMeasure><QtyInPackage>לא ידוע</QtyInPackage><UnitOfMeasurePrice>0.0000</UnitOfMeasurePrice><AllowDiscount>1</AllowDiscount><ItemStatus>1</ItemStatus><ItemPrice>9.90</ItemPrice></item><item><PriceUpdateDate>2016-05-01 21:46:01</PriceUpdateDate><ItemCode>7290000418513</ItemCode><ItemType>1</ItemType><ItemName>מפיות ניקול 3  שכבות</ItemName><ManufacturerName>ניקול</ManufacturerName><ManufactureCountry>ישראל</ManufactureCountry><ManufacturerItemDescription>מפיות ניקול 3  שכבות</ManufacturerItemDescription><SoldByWeight/><Quantity>20.00</Quantity><UnitOfMeasure>חב'</UnitOfMeasure><QtyInPackage>לא ידוע</QtyInPackage><UnitOfMeasurePrice>0.5750</UnitOfMeasurePrice><AllowDiscount>1</AllowDiscount><ItemStatus>1</ItemStatus><ItemPrice>11.50</ItemPrice></item><item><PriceUpdateDate>2016-06-07 12:23:03</PriceUpdateDate><ItemCode>7290000418520</ItemCode><ItemType>1</ItemType><ItemName>מב זוג מפיות חלקות ח</ItemName><ManufacturerName>ניקול</ManufacturerName><ManufactureCountry>ישראל</ManufactureCountry><ManufacturerItemDescription>מב זוג מפיות חלקות ח</ManufacturerItemDescription><SoldByWeight/><Quantity>170.00</Quantity><UnitOfMeasure>יח'</UnitOfMeasure><QtyInPackage>לא ידוע</QtyInPackage><UnitOfMeasurePrice>0.0641</UnitOfMeasurePrice><AllowDiscount>1</AllowDiscount><ItemStatus>1</ItemStatus><ItemPrice>10.90</ItemPrice></item><item><PriceUpdateDate>2016-06-07 12:23:03</PriceUpdateDate><ItemCode>7290000418582</ItemCode><ItemType>1</ItemType><ItemName>מב זוג מפיות מודפסות</ItemName><ManufacturerName>ניקול</ManufacturerName><ManufactureCountry>ישראל</ManufactureCountry><ManufacturerItemDescription>מב זוג מפיות מודפסות</ManufacturerItemDescription><SoldByWeight/><Quantity>170.00</Quantity><UnitOfMeasure>יח'</UnitOfMeasure><QtyInPackage>לא ידוע</QtyInPackage><UnitOfMeasurePrice>0.0641</UnitOfMeasurePrice><AllowDiscount>1</AllowDiscount><ItemStatus>1</ItemStatus><ItemPrice>10.90</ItemPrice></item><item><PriceUpdateDate>2016-02-02 06:49:53</PriceUpdateDate><ItemCode>7290000418599</ItemCode><ItemType>1</ItemType><ItemName>מגבוני מולט שביעייה</ItemName><ManufacturerName>מולט</ManufacturerName><ManufactureCountry>ישראל</ManufactureCountry><ManufacturerItemDescription>מגבוני מולט שביעייה</ManufacturerItemDescription><SoldByWeight/><Quantity>700.00</Quantity><UnitOfMeasure>בודד</UnitOfMeasure><QtyInPackage>לא ידוע</QtyInPackage><UnitOfMeasurePrice>0.0310</UnitOfMeasurePrice><AllowDiscount>1</AllowDiscount><ItemStatus>1</ItemStatus><ItemPrice>21.70</ItemPrice></item><item><PriceUpdateDate>2016-05-30 22:02:03</PriceUpdateDate><ItemCode>7290000418643</ItemCode><ItemType>1</ItemType><ItemName>נייר טישו לילי צבעונ</ItemName><ManufacturerName>לילי</ManufacturerName><ManufactureCountry>ישראל</ManufactureCountry><ManufacturerItemDescription>נייר טישו לילי צבעונ</ManufacturerItemDescription><SoldByWeight/><Quantity>5.00</Quantity><UnitOfMeasure>חב'</UnitOfMeasure><QtyInPackage>לא ידוע</QtyInPackage><UnitOfMeasurePrice>2.5000</UnitOfMeasurePrice><AllowDiscount>1</AllowDiscount><ItemStatus>1</ItemStatus><ItemPrice>12.50</ItemPrice></item><item><PriceUpdateDate>2015-11-13 10:30:03</PriceUpdateDate><ItemCode>7290000418711</ItemCode><ItemType>1</ItemType><ItemName>תחבושות לילי אינטרלו</ItemName><ManufacturerName>לילי</ManufacturerName><ManufactureCountry>ישראל</ManufactureCountry><ManufacturerItemDescription>תחבושות לילי אינטרלו</ManufacturerItemDescription><SoldByWeight/><Quantity>50.00</Quantity><UnitOfMeasure>בודד</UnitOfMeasure><QtyInPackage>לא ידוע</QtyInPackage><UnitOfMeasurePrice>0.2500</UnitOfMeasurePrice><AllowDiscount>1</AllowDiscount><ItemStatus>1</ItemStatus><ItemPrice>12.50</ItemPrice></item><item><PriceUpdateDate>2016-01-05 08:48:14</PriceUpdateDate><ItemCode>7290000418759</ItemCode><ItemType>1</ItemType><ItemName>תחבושות לילי 20 יחי</ItemName><ManufacturerName>לילי</ManufacturerName><ManufactureCountry>ישראל</ManufactureCountry><ManufacturerItemDescription>תחבושות לילי 20 יחי</ManufacturerItemDescription><SoldByWeight/><Quantity>20.00</Quantity><UnitOfMeasure>בודד</UnitOfMeasure><QtyInPackage>לא ידוע</QtyInPackage><UnitOfMeasurePrice>0.9850</UnitOfMeasurePrice><AllowDiscount>1</AllowDiscount><ItemStatus>1</ItemStatus><ItemPrice>19.70</ItemPrice></item><item><PriceUpdateDate>2016-01-05 08:48:14</PriceUpdateDate><ItemCode>7290000418834</ItemCode><ItemType>1</ItemType><ItemName>תחבושות לילי סופר +</ItemName><ManufacturerName>לילי</ManufacturerName><ManufactureCountry>ישראל</ManufactureCountry><ManufacturerItemDescription>תחבושות לילי סופר +</ManufacturerItemDescription><SoldByWeight/><Quantity>24.00</Quantity><UnitOfMeasure>בודד</UnitOfMeasure><QtyInPackage>לא ידוע</QtyInPackage><UnitOfMeasurePrice>0.8208</UnitOfMeasurePrice><AllowDiscount>1</AllowDiscount><ItemStatus>1</ItemStatus><ItemPrice>19.70</ItemPrice></item><item><PriceUpdateDate>2015-11-12 18:18:35</PriceUpdateDate><ItemCode>7290000419107</ItemCode><ItemType>1</ItemType><ItemName>קפה שחור לנדוור מקור</ItemName><ManufacturerName>לנדוור</ManufacturerName><ManufactureCountry>ישראל</ManufactureCountry><ManufacturerItemDescription>קפה שחור לנדוור מקור</ManufacturerItemDescription><SoldByWeight/><Quantity>100.00</Quantity><UnitOfMeasure>גרם     </UnitOfMeasure><QtyInPackage>לא ידוע</QtyInPackage><UnitOfMeasurePrice>0.0910</UnitOfMeasurePrice><AllowDiscount>1</AllowDiscount><ItemStatus>1</ItemStatus><ItemPrice>9.10</ItemPrice></item><item><PriceUpdateDate>2016-05-01 21:46:02</PriceUpdateDate><ItemCode>7290000419183</ItemCode><ItemType>1</ItemType><ItemName>מב מגבוני האגיס רביע</ItemName><ManufacturerName>האגיס</ManufacturerName><ManufactureCountry>ישראל</ManufactureCountry><ManufacturerItemDescription>מב מגבוני האגיס רביע</ManufacturerItemDescription><SoldByWeight/><Quantity>0.00</Quantity><UnitOfMeasure>יח'</UnitOfMeasure><QtyInPackage>לא ידוע</QtyInPackage><UnitOfMeasurePrice>0.0000</UnitOfMeasurePrice><AllowDiscount>1</AllowDiscount><ItemStatus>1</ItemStatus><ItemPrice>21.90</ItemPrice></item><item><PriceUpdateDate>2016-06-07 12:22:49</PriceUpdateDate><ItemCode>7290000419190</ItemCode><ItemType>1</ItemType><ItemName>מב זוג מפות שולחן חד</ItemName><ManufacturerName>ניקול</ManufacturerName><ManufactureCountry>ישראל</ManufactureCountry><ManufacturerItemDescription>מפות ניקול זוג</ManufacturerItemDescription><SoldByWeight/><Quantity>2.00</Quantity><UnitOfMeasure>יח'</UnitOfMeasure><QtyInPackage>לא ידוע</QtyInPackage><UnitOfMeasurePrice>5.4500</UnitOfMeasurePrice><AllowDiscount>1</AllowDiscount><ItemStatus>1</ItemStatus><ItemPrice>10.90</ItemPrice></item><item><PriceUpdateDate>2016-06-07 12:22:49</PriceUpdateDate><ItemCode>7290000419206</ItemCode><ItemType>1</ItemType><ItemName>מב מפת שולחן מהודרת</ItemName><ManufacturerName>ניקול</ManufacturerName><ManufactureCountry>ישראל</ManufactureCountry><ManufacturerItemDescription>מב מפת שולחן מהודרת</ManufacturerItemDescription><SoldByWeight/><Quantity>1.00</Quantity><UnitOfMeasure>יח'</UnitOfMeasure><QtyInPackage>לא ידוע</QtyInPackage><UnitOfMeasurePrice>10.9000</UnitOfMeasurePrice><AllowDiscount>1</AllowDiscount><ItemStatus>1</ItemStatus><ItemPrice>10.90</ItemPrice></item><item><PriceUpdateDate>2015-11-12 18:18:35</PriceUpdateDate><ItemCode>7290000419220</ItemCode><ItemType>1</ItemType><ItemName>מארז קפה שחור לנדוור</ItemName><ManufacturerName>לנדוור</ManufacturerName><ManufactureCountry>ישראל</ManufactureCountry><ManufacturerItemDescription>מארז קפה שחור לנדוור</ManufacturerItemDescription><SoldByWeight/><Quantity>300.00</Quantity><UnitOfMeasure>גרם     </UnitOfMeasure><QtyInPackage>לא ידוע</QtyInPackage><UnitOfMeasurePrice>0.0933</UnitOfMeasurePrice><AllowDiscount>1</AllowDiscount><ItemStatus>1</ItemStatus><ItemPrice>28.00</ItemPrice></item><item><PriceUpdateDate>2015-11-16 11:40:27</PriceUpdateDate><ItemCode>7290000419237</ItemCode><ItemType>1</ItemType><ItemName>ניילונית חסכוני 150</ItemName><ManufacturerName>ניקול</ManufacturerName><ManufactureCountry>ישראל</ManufactureCountry><ManufacturerItemDescription>ניילונית חסכוני 150</ManufacturerItemDescription><SoldByWeight/><Quantity>0.00</Quantity><UnitOfMeasure>יח'</UnitOfMeasure><QtyInPackage>לא ידוע</QtyInPackage><UnitOfMeasurePrice>0.0000</UnitOfMeasurePrice><AllowDiscount>1</AllowDiscount><ItemStatus>1</ItemStatus><ItemPrice>35.10</ItemPrice></item><item><PriceUpdateDate>2016-05-01 21:46:02</PriceUpdateDate><ItemCode>7290000419312</ItemCode><ItemType>1</ItemType><ItemName>מב אשפתון ניקול 50 י</ItemName><ManufacturerName>ניקול</ManufacturerName><ManufactureCountry>ישראל</ManufactureCountry><ManufacturerItemDescription>אשפתון ענק 50 75*90 יחידו</ManufacturerItemDescription><SoldByWeight/><Quantity>50.00</Quantity><UnitOfMeasure>בודד</UnitOfMeasure><QtyInPackage>לא ידוע</QtyInPackage><UnitOfMeasurePrice>0.4380</UnitOfMeasurePrice><AllowDiscount>1</AllowDiscount><ItemStatus>1</ItemStatus><ItemPrice>21.90</ItemPrice></item><item><PriceUpdateDate>2016-06-07 12:22:49</PriceUpdateDate><ItemCode>7290000419350</ItemCode><ItemType>1</ItemType><ItemName>מב זוג ניילון נצמד נ</ItemName><ManufacturerName>ניקול</ManufacturerName><ManufactureCountry>ישראל</ManufactureCountry><ManufacturerItemDescription>ניילונית ניקול זוג</ManufacturerItemDescription><SoldByWeight/><Quantity>60.00</Quantity><UnitOfMeasure>מטר</UnitOfMeasure><QtyInPackage>לא ידוע</QtyInPackage><UnitOfMeasurePrice>0.1817</UnitOfMeasurePrice><AllowDiscount>1</AllowDiscount><ItemStatus>1</ItemStatus><ItemPrice>10.90</ItemPrice></item><item><PriceUpdateDate>2014-11-03 06:36:51</PriceUpdateDate><ItemCode>7290000419374</ItemCode><ItemType>1</ItemType><ItemName>נייר אפייה לתנור 38</ItemName><ManufacturerName>ניקול</ManufacturerName><ManufactureCountry>ישראל</ManufactureCountry><ManufacturerItemDescription>ניקול - נייר אפיה לתנור</ManufacturerItemDescription><SoldByWeight/><Quantity>0.00</Quantity><UnitOfMeasure>יח'</UnitOfMeasure><QtyInPackage>לא ידוע</QtyInPackage><UnitOfMeasurePrice>0.0000</UnitOfMeasurePrice><AllowDiscount>1</AllowDiscount><ItemStatus>1</ItemStatus><ItemPrice>12.20</ItemPrice></item><item><PriceUpdateDate>2016-02-02 06:49:53</PriceUpdateDate><ItemCode>7290000419381</ItemCode><ItemType>1</ItemType><ItemName>תבניות אפייה חד פעמי</ItemName><ManufacturerName>ניקול</ManufacturerName><ManufactureCountry>ישראל</ManufactureCountry><ManufacturerItemDescription>תבנית אלומיניום קטן 4 יח</ManufacturerItemDescription><SoldByWeight/><Quantity>4.00</Quantity><UnitOfMeasure>יח'</UnitOfMeasure><QtyInPackage>לא ידוע</QtyInPackage><UnitOfMeasurePrice>3.1250</UnitOfMeasurePrice><AllowDiscount>1</AllowDiscount><ItemStatus>1</ItemStatus><ItemPrice>12.50</ItemPrice></item><item><PriceUpdateDate>2016-02-02 06:49:53</PriceUpdateDate><ItemCode>7290000419398</ItemCode><ItemType>1</ItemType><ItemName>תבניות אפייה חד פעמי</ItemName><ManufacturerName>ניקול</ManufacturerName><ManufactureCountry>ישראל</ManufactureCountry><ManufacturerItemDescription>תבנית אלומיניום גדול 4 יח</ManufacturerItemDescription><SoldByWeight/><Quantity>0.00</Quantity><UnitOfMeasure>יח'</UnitOfMeasure><QtyInPackage>לא ידוע</QtyInPackage><UnitOfMeasurePrice>0.0000</UnitOfMeasurePrice><AllowDiscount>1</AllowDiscount><ItemStatus>1</ItemStatus><ItemPrice>12.20</ItemPrice></item><item><PriceUpdateDate>2016-02-02 06:49:53</PriceUpdateDate><ItemCode>7290000419404</ItemCode><ItemType>1</ItemType><ItemName>תבנית אפיה חד פעמי א</ItemName><ManufacturerName>ניקול</ManufacturerName><ManufactureCountry>ישראל</ManufactureCountry><ManufacturerItemDescription>תבנית אלומיניום ענק 2 יח</ManufacturerItemDescription><SoldByWeight/><Quantity>1.00</Quantity><UnitOfMeasure>יח'</UnitOfMeasure><QtyInPackage>לא ידוע</QtyInPackage><UnitOfMeasurePrice>13.5000</UnitOfMeasurePrice><AllowDiscount>1</AllowDiscount><ItemStatus>1</ItemStatus><ItemPrice>13.50</ItemPrice></item><item><PriceUpdateDate>2016-05-02 08:05:32</PriceUpdateDate><ItemCode>7290000419442</ItemCode><ItemType>1</ItemType><ItemName>מב תחבושות קוטקס לנע</ItemName><ManufacturerName>קוטקס</ManufacturerName><ManufactureCountry>ישראל</ManufactureCountry><ManufacturerItemDescription>קוטקס תחבושות לנערות 28</ManufacturerItemDescription><SoldByWeight/><Quantity>28.00</Quantity><UnitOfMeasure>בודד</UnitOfMeasure><QtyInPackage>לא ידוע</QtyInPackage><UnitOfMeasurePrice>0.6036</UnitOfMeasurePrice><AllowDiscount>1</AllowDiscount><ItemStatus>1</ItemStatus><ItemPrice>16.90</ItemPrice></item><item><PriceUpdateDate>2016-05-02 08:05:32</PriceUpdateDate><ItemCode>7290000419558</ItemCode><ItemType>1</ItemType><ItemName>מטליות רב שימושי ניק</ItemName><ManufacturerName>ניקול</ManufacturerName><ManufactureCountry>ישראל</ManufactureCountry><ManufacturerItemDescription>מטלית ניקול</ManufacturerItemDescription><SoldByWeight/><Quantity>1.00</Quantity><UnitOfMeasure>יח'</UnitOfMeasure><QtyInPackage>לא ידוע</QtyInPackage><UnitOfMeasurePrice>10.9000</UnitOfMeasurePrice><AllowDiscount>1</AllowDiscount><ItemStatus>1</ItemStatus><ItemPrice>10.90</ItemPrice></item><item><PriceUpdateDate>2016-05-01 21:46:02</PriceUpdateDate><ItemCode>7290000419572</ItemCode><ItemType>1</ItemType><ItemName>מטליות רב שימושיות ב</ItemName><ManufacturerName>ניקול</ManufacturerName><ManufactureCountry>ישראל</ManufactureCountry><ManufacturerItemDescription>מטליות רב שימושיות ב</ManufacturerItemDescription><SoldByWeight/><Quantity>40.00</Quantity><UnitOfMeasure>חב'</UnitOfMeasure><QtyInPackage>לא ידוע</QtyInPackage><UnitOfMeasurePrice>0.5950</UnitOfMeasurePrice><AllowDiscount>1</AllowDiscount><ItemStatus>1</ItemStatus><ItemPrice>23.80</ItemPrice></item><item><PriceUpdateDate>2016-05-30 22:02:03</PriceUpdateDate><ItemCode>7290000419589</ItemCode><ItemType>1</ItemType><ItemName>ניקול ספוגית הקסם שי</ItemName><ManufacturerName>ניקול</ManufacturerName><ManufactureCountry>ישראל</ManufactureCountry><ManufacturerItemDescription>ספוגית הקסם</ManufacturerItemDescription><SoldByWeight/><Quantity>0.00</Quantity><UnitOfMeasure>יח'</UnitOfMeasure><QtyInPackage>לא ידוע</QtyInPackage><UnitOfMeasurePrice>0.0000</UnitOfMeasurePrice><AllowDiscount>1</AllowDiscount><ItemStatus>1</ItemStatus><ItemPrice>17.70</ItemPrice></item><item><PriceUpdateDate>2016-05-30 22:02:03</PriceUpdateDate><ItemCode>7290000419633</ItemCode><ItemType>1</ItemType><ItemName>מב מלווח מעדנות 700</ItemName><ManufacturerName>מעדנות</ManufacturerName><ManufactureCountry>ישראל</ManufactureCountry><ManufacturerItemDescription>מלווח 700 גר</ManufacturerItemDescription><SoldByWeight/><Quantity>700.00</Quantity><UnitOfMeasure>גרם     </UnitOfMeasure><QtyInPackage>לא ידוע</QtyInPackage><UnitOfMeasurePrice>0.0184</UnitOfMeasurePrice><AllowDiscount>1</AllowDiscount><ItemStatus>1</ItemStatus><ItemPrice>12.90</ItemPrice></item><item><PriceUpdateDate>2016-05-30 22:02:03</PriceUpdateDate><ItemCode>7290000419657</ItemCode><ItemType>1</ItemType><ItemName>מב בורקס תפו"א מעדנו</ItemName><ManufacturerName>מעדנות</ManufacturerName><ManufactureCountry>ישראל</ManufactureCountry><ManufacturerItemDescription>בורקס תפוא800 גר .יחידה</ManufacturerItemDescription><SoldByWeight/><Quantity>800.00</Quantity><UnitOfMeasure>גרם     </UnitOfMeasure><QtyInPackage>לא ידוע</QtyInPackage><UnitOfMeasurePrice>0.0199</UnitOfMeasurePrice><AllowDiscount>1</AllowDiscount><ItemStatus>1</ItemStatus><ItemPrice>15.90</ItemPrice></item><item><PriceUpdateDate>2016-05-30 22:02:03</PriceUpdateDate><ItemCode>7290000419688</ItemCode><ItemType>1</ItemType><ItemName>מב עלי בלינצ'ס חביתי</ItemName><ManufacturerName>מעדנות</ManufacturerName><ManufactureCountry>ישראל</ManufactureCountry><ManufacturerItemDescription>מב עלי בלינצ'ס חביתי</ManufacturerItemDescription><SoldByWeight/><Quantity>700.00</Quantity><UnitOfMeasure>גרם     </UnitOfMeasure><QtyInPackage>לא ידוע</QtyInPackage><UnitOfMeasurePrice>0.0284</UnitOfMeasurePrice><AllowDiscount>1</AllowDiscount><ItemStatus>1</ItemStatus><ItemPrice>19.90</ItemPrice></item><item><PriceUpdateDate>2016-05-02 08:05:32</PriceUpdateDate><ItemCode>7290000419817</ItemCode><ItemType>1</ItemType><ItemName>מב קרם ידיים ולווטה</ItemName><ManufacturerName>ולוטה</ManufacturerName><ManufactureCountry>ישראל</ManufactureCountry><ManufacturerItemDescription>קרם ולוטה 80 גר</ManufacturerItemDescription><SoldByWeight/><Quantity>100.00</Quantity><UnitOfMeasure>גרם     </UnitOfMeasure><QtyInPackage>לא ידוע</QtyInPackage><UnitOfMeasurePrice>0.0590</UnitOfMeasurePrice><AllowDiscount>1</AllowDiscount><ItemStatus>1</ItemStatus><ItemPrice>5.90</ItemPrice></item><item><PriceUpdateDate>2015-11-12 18:18:36</PriceUpdateDate><ItemCode>7290000419893</ItemCode><ItemType>1</ItemType><ItemName>קפה לנדוור לבוקר 100</ItemName><ManufacturerName>לנדוור</ManufacturerName><ManufactureCountry>ישראל</ManufactureCountry><ManufacturerItemDescription>קפה לנדוור לבוקר 100</ManufacturerItemDescription><SoldByWeight/><Quantity>100.00</Quantity><UnitOfMeasure>גרם     </UnitOfMeasure><QtyInPackage>לא ידוע</QtyInPackage><UnitOfMeasurePrice>0.0910</UnitOfMeasurePrice><AllowDiscount>1</AllowDiscount><ItemStatus>1</ItemStatus><ItemPrice>9.10</ItemPrice></item><item><PriceUpdateDate>2015-11-12 18:18:36</PriceUpdateDate><ItemCode>7290000419909</ItemCode><ItemType>1</ItemType><ItemName>קפה לנדוור אספרסו טח</ItemName><ManufacturerName>לנדוור</ManufacturerName><ManufactureCountry>ישראל</ManufactureCountry><ManufacturerItemDescription>קפה לנדוור אספרסו טח</ManufacturerItemDescription><SoldByWeight/><Quantity>100.00</Quantity><UnitOfMeasure>גרם     </UnitOfMeasure><QtyInPackage>לא ידוע</QtyInPackage><UnitOfMeasurePrice>0.0910</UnitOfMeasurePrice><AllowDiscount>1</AllowDiscount><ItemStatus>1</ItemStatus><ItemPrice>9.10</ItemPrice></item><item><PriceUpdateDate>2016-05-01 21:46:02</PriceUpdateDate><ItemCode>7290000419961</ItemCode><ItemType>1</ItemType><ItemName>ג'ל כביסה פרסיל קולו</ItemName><ManufacturerName>פרסיל</ManufacturerName><ManufactureCountry>ישראל</ManufactureCountry><ManufacturerItemDescription>ג'ל כביסה פרסיל קולו</ManufacturerItemDescription><SoldByWeight/><Quantity>3000.00</Quantity><UnitOfMeasure>מ"ל</UnitOfMeasure><QtyInPackage>לא ידוע</QtyInPackage><UnitOfMeasurePrice>0.0110</UnitOfMeasurePrice><AllowDiscount>1</AllowDiscount><ItemStatus>1</ItemStatus><ItemPrice>32.90</ItemPrice></item><item><PriceUpdateDate>2016-02-08 09:05:21</PriceUpdateDate><ItemCode>7290000420004</ItemCode><ItemType>1</ItemType><ItemName>אבקת כביסה סוד שושן</ItemName><ManufacturerName>סוד</ManufacturerName><ManufactureCountry>ישראל</ManufactureCountry><ManufacturerItemDescription>אבקת כביסה סוד שושן</ManufacturerItemDescription><SoldByWeight/><Quantity>1250.00</Quantity><UnitOfMeasure>גרם     </UnitOfMeasure><QtyInPackage>לא ידוע</QtyInPackage><UnitOfMeasurePrice>0.0119</UnitOfMeasurePrice><AllowDiscount>1</AllowDiscount><ItemStatus>1</ItemStatus><ItemPrice>14.90</ItemPrice></item><item><PriceUpdateDate>2016-02-08 09:05:21</PriceUpdateDate><ItemCode>7290000420011</ItemCode><ItemType>1</ItemType><ItemName>אבקת כביסה סוד לבנדר</ItemName><ManufacturerName>סוד</ManufacturerName><ManufactureCountry>ישראל</ManufactureCountry><ManufacturerItemDescription>אבקת כביסה סוד לבנדר</ManufacturerItemDescription><SoldByWeight/><Quantity>1250.00</Quantity><UnitOfMeasure>גרם     </UnitOfMeasure><QtyInPackage>לא ידוע</QtyInPackage><UnitOfMeasurePrice>0.0119</UnitOfMeasurePrice><AllowDiscount>1</AllowDiscount><ItemStatus>1</ItemStatus><ItemPrice>14.90</ItemPrice></item><item><PriceUpdateDate>2016-02-08 09:05:21</PriceUpdateDate><ItemCode>7290000420028</ItemCode><ItemType>1</ItemType><ItemName>אבקת כביסה סוד קולור</ItemName><ManufacturerName>סוד</ManufacturerName><ManufactureCountry>ישראל</ManufactureCountry><ManufacturerItemDescription>אבקת כביסה סוד קולור</ManufacturerItemDescription><SoldByWeight/><Quantity>1250.00</Quantity><UnitOfMeasure>גרם     </UnitOfMeasure><QtyInPackage>לא ידוע</QtyInPackage><UnitOfMeasurePrice>0.0119</UnitOfMeasurePrice><AllowDiscount>1</AllowDiscount><ItemStatus>1</ItemStatus><ItemPrice>14.90</ItemPrice></item><item><PriceUpdateDate>2016-02-08 09:05:21</PriceUpdateDate><ItemCode>7290000420127</ItemCode><ItemType>1</ItemType><ItemName>מרכך כביסה סוד ורוד</ItemName><ManufacturerName>סוד</ManufacturerName><ManufactureCountry>ישראל</ManufactureCountry><ManufacturerItemDescription>מרכך כביסה סוד ורוד</ManufacturerItemDescription><SoldByWeight/><Quantity>4000.00</Quantity><UnitOfMeasure>מ"ל</UnitOfMeasure><QtyInPackage>לא ידוע</QtyInPackage><UnitOfMeasurePrice>0.0050</UnitOfMeasurePrice><AllowDiscount>1</AllowDiscount><ItemStatus>1</ItemStatus><ItemPrice>19.90</ItemPrice></item><item><PriceUpdateDate>2016-02-08 09:05:21</PriceUpdateDate><ItemCode>7290000420134</ItemCode><ItemType>1</ItemType><ItemName>מרכך כביסה סוד כחול</ItemName><ManufacturerName>סוד</ManufacturerName><ManufactureCountry>ישראל</ManufactureCountry><ManufacturerItemDescription>מרכך כביסה סוד כחול</ManufacturerItemDescription><SoldByWeight/><Quantity>4000.00</Quantity><UnitOfMeasure>מ"ל</UnitOfMeasure><QtyInPackage>לא ידוע</QtyInPackage><UnitOfMeasurePrice>0.0050</UnitOfMeasurePrice><AllowDiscount>1</AllowDiscount><ItemStatus>1</ItemStatus><ItemPrice>19.90</ItemPrice></item><item><PriceUpdateDate>2016-02-16 15:55:39</PriceUpdateDate><ItemCode>7290000420165</ItemCode><ItemType>1</ItemType><ItemName>שוקולד פרה חלב עם פצ</ItemName><ManufacturerName>פרה</ManufacturerName><ManufactureCountry>ישראל</ManufactureCountry><ManufacturerItemDescription>שוקולד חלב פרה+פצפוצי אור</ManufacturerItemDescription><SoldByWeight/><Quantity>100.00</Quantity><UnitOfMeasure>גרם     </UnitOfMeasure><QtyInPackage>לא ידוע</QtyInPackage><UnitOfMeasurePrice>0.0690</UnitOfMeasurePrice><AllowDiscount>0</AllowDiscount><ItemStatus>1</ItemStatus><ItemPrice>6.90</ItemPrice></item><item><PriceUpdateDate>2016-01-05 08:48:15</PriceUpdateDate><ItemCode>7290000420172</ItemCode><ItemType>1</ItemType><ItemName>מב נייר טואלט מולט 3</ItemName><ManufacturerName>מולט</ManufacturerName><ManufactureCountry>ישראל</ManufactureCountry><ManufacturerItemDescription>נ.ט.מולט לבבות 32 יחידות</ManufacturerItemDescription><SoldByWeight/><Quantity>0.00</Quantity><UnitOfMeasure>יח'</UnitOfMeasure><QtyInPackage>לא ידוע</QtyInPackage><UnitOfMeasurePrice>0.0000</UnitOfMeasurePrice><AllowDiscount>1</AllowDiscount><ItemStatus>1</ItemStatus><ItemPrice>29.90</ItemPrice></item><item><PriceUpdateDate>2016-01-05 08:48:15</PriceUpdateDate><ItemCode>7290000420264</ItemCode><ItemType>1</ItemType><ItemName>מב מארז מגבוני נשטפי</ItemName><ManufacturerName>לילי</ManufacturerName><ManufactureCountry>ישראל</ManufactureCountry><ManufacturerItemDescription>מב מארז מגבוני נשטפי</ManufacturerItemDescription><SoldByWeight/><Quantity>120.00</Quantity><UnitOfMeasure>בודד</UnitOfMeasure><QtyInPackage>לא ידוע</QtyInPackage><UnitOfMeasurePrice>0.1492</UnitOfMeasurePrice><AllowDiscount>1</AllowDiscount><ItemStatus>1</ItemStatus><ItemPrice>17.90</ItemPrice></item><item><PriceUpdateDate>2016-06-01 06:47:40</PriceUpdateDate><ItemCode>7290000420325</ItemCode><ItemType>1</ItemType><ItemName>מב פופקורן למיקרו 50</ItemName><ManufacturerName>פופ סטאר</ManufacturerName><ManufactureCountry>ארצות הברית</ManufactureCountry><ManufacturerItemDescription>מרכך בדין אקסטרא הדבש960</ManufacturerItemDescription><SoldByWeight/><Quantity>500.00</Quantity><UnitOfMeasure>גרם     </UnitOfMeasure><QtyInPackage>לא ידוע</QtyInPackage><UnitOfMeasurePrice>0.0258</UnitOfMeasurePrice><AllowDiscount>1</AllowDiscount><ItemStatus>1</ItemStatus><ItemPrice>12.90</ItemPrice></item><item><PriceUpdateDate>2016-05-30 22:03:32</PriceUpdateDate><ItemCode>7290000420332</ItemCode><ItemType>1</ItemType><ItemName>מב פופקורן למיקרו 50</ItemName><ManufacturerName>פופ סטאר</ManufacturerName><ManufactureCountry>ארצות הברית</ManufactureCountry><ManufacturerItemDescription>פופקורן פופסטאר חמאה 500</ManufacturerItemDescription><SoldByWeight/><Quantity>600.00</Quantity><UnitOfMeasure>גרם     </UnitOfMeasure><QtyInPackage>לא ידוע</QtyInPackage><UnitOfMeasurePrice>0.0215</UnitOfMeasurePrice><AllowDiscount>1</AllowDiscount><ItemStatus>1</ItemStatus><ItemPrice>12.90</ItemPrice></item><item><PriceUpdateDate>2016-05-30 22:03:32</PriceUpdateDate><ItemCode>7290000420417</ItemCode><ItemType>1</ItemType><ItemName>גלילונית 52*65 60 יח</ItemName><ManufacturerName>גלילונית</ManufacturerName><ManufactureCountry>ישראל</ManufactureCountry><ManufacturerItemDescription>גלילונית 52*65 60 יח</ManufacturerItemDescription><SoldByWeight/><Quantity>60.00</Quantity><UnitOfMeasure>בודד</UnitOfMeasure><QtyInPackage>לא ידוע</QtyInPackage><UnitOfMeasurePrice>0.3283</UnitOfMeasurePrice><AllowDiscount>1</AllowDiscount><ItemStatus>1</ItemStatus><ItemPrice>19.70</ItemPrice></item><item><PriceUpdateDate>2016-05-30 22:02:03</PriceUpdateDate><ItemCode>7290000420554</ItemCode><ItemType>1</ItemType><ItemName>מיץ לימון טבעי עסיס</ItemName><ManufacturerName>עסיס</ManufacturerName><ManufactureCountry>ישראל</ManufactureCountry><ManufacturerItemDescription>מיץ לימון טבעי עסיס</ManufacturerItemDescription><SoldByWeight/><Quantity>1000.00</Quantity><UnitOfMeasure>מ"ל</UnitOfMeasure><QtyInPackage>לא ידוע</QtyInPackage><UnitOfMeasurePrice>0.0094</UnitOfMeasurePrice><AllowDiscount>1</AllowDiscount><ItemStatus>1</ItemStatus><ItemPrice>9.40</ItemPrice></item><item><PriceUpdateDate>2016-03-16 15:40:29</PriceUpdateDate><ItemCode>7290000420561</ItemCode><ItemType>1</ItemType><ItemName>חומץ עסיס 1 ליטר</ItemName><ManufacturerName>עסיס</ManufacturerName><ManufactureCountry>ישראל</ManufactureCountry><ManufacturerItemDescription>חומץ עסיס 1 ליטר</ManufacturerItemDescription><SoldByWeight/><Quantity>1000.00</Quantity><UnitOfMeasure>מ"ל</UnitOfMeasure><QtyInPackage>לא ידוע</QtyInPackage><UnitOfMeasurePrice>0.0069</UnitOfMeasurePrice><AllowDiscount>1</AllowDiscount><ItemStatus>1</ItemStatus><ItemPrice>6.90</ItemPrice></item><item><PriceUpdateDate>2015-09-30 23:37:36</PriceUpdateDate><ItemCode>7290000420578</ItemCode><ItemType>1</ItemType><ItemName>קוקה קולה 1.5 ליטר</ItemName><ManufacturerName>קוקה קולה</ManufacturerName><ManufactureCountry>ישראל</ManufactureCountry><ManufacturerItemDescription>קוקה קולה 1.5 ליטר</ManufacturerItemDescription><SoldByWeight/><Quantity>1500.00</Quantity><UnitOfMeasure>מ"ל</UnitOfMeasure><QtyInPackage>לא ידוע</QtyInPackage><UnitOfMeasurePrice>0.0043</UnitOfMeasurePrice><AllowDiscount>1</AllowDiscount><ItemStatus>1</ItemStatus><ItemPrice>6.40</ItemPrice></item><item><PriceUpdateDate>2015-11-12 17:30:00</PriceUpdateDate><ItemCode>7290000420585</ItemCode><ItemType>1</ItemType><ItemName>קינלי סודה 1.5 ליטר</ItemName><ManufacturerName>קינלי</ManufacturerName><ManufactureCountry>ישראל</ManufactureCountry><ManufacturerItemDescription>סודה קינלי 1.5 ליטר</ManufacturerItemDescription><SoldByWeight/><Quantity>1500.00</Quantity><UnitOfMeasure>מ"ל</UnitOfMeasure><QtyInPackage>לא ידוע</QtyInPackage><UnitOfMeasurePrice>0.0030</UnitOfMeasurePrice><AllowDiscount>1</AllowDiscount><ItemStatus>1</ItemStatus><ItemPrice>4.50</ItemPrice></item><item><PriceUpdateDate>2016-05-30 22:02:03</PriceUpdateDate><ItemCode>7290000420608</ItemCode><ItemType>1</ItemType><ItemName>קוקה קולה דיאט 1.5 ל</ItemName><ManufacturerName>דיאט קוקה קולה</ManufacturerName><ManufactureCountry>ישראל</ManufactureCountry><ManufacturerItemDescription>קולה דיאט 1.5 ל</ManufacturerItemDescription><SoldByWeight/><Quantity>1500.00</Quantity><UnitOfMeasure>מ"ל</UnitOfMeasure><QtyInPackage>לא ידוע</QtyInPackage><UnitOfMeasurePrice>0.0043</UnitOfMeasurePrice><AllowDiscount>1</AllowDiscount><ItemStatus>1</ItemStatus><ItemPrice>6.40</ItemPrice></item><item><PriceUpdateDate>2016-03-16 15:40:29</PriceUpdateDate><ItemCode>7290000420622</ItemCode><ItemType>1</ItemType><ItemName>קוקה קולה נטול קופאי</ItemName><ManufacturerName>דיאט קולה נטול קופאי</ManufacturerName><ManufactureCountry>ישראל</ManufactureCountry><ManufacturerItemDescription>קולה דיאט נטול קפאין 1.5</ManufacturerItemDescription><SoldByWeight/><Quantity>1500.00</Quantity><UnitOfMeasure>מ"ל</UnitOfMeasure><QtyInPackage>לא ידוע</QtyInPackage><UnitOfMeasurePrice>0.0046</UnitOfMeasurePrice><AllowDiscount>1</AllowDiscount><ItemStatus>1</ItemStatus><ItemPrice>6.90</ItemPrice></item><item><PriceUpdateDate>2015-11-12 17:42:12</PriceUpdateDate><ItemCode>7290000420639</ItemCode><ItemType>1</ItemType><ItemName>שניצל צמחי משפחתי 1</ItemName><ManufacturerName>טבעול</ManufacturerName><ManufactureCountry>ישראל</ManufactureCountry><ManufacturerItemDescription>שניצל צמחי 1 קג</ManufacturerItemDescription><SoldByWeight/><Quantity>1000.00</Quantity><UnitOfMeasure>גרם     </UnitOfMeasure><QtyInPackage>לא ידוע</QtyInPackage><UnitOfMeasurePrice>0.0464</UnitOfMeasurePrice><AllowDiscount>1</AllowDiscount><ItemStatus>1</ItemStatus><ItemPrice>46.40</ItemPrice></item><item><PriceUpdateDate>2016-05-30 22:02:04</PriceUpdateDate><ItemCode>7290000420646</ItemCode><ItemType>1</ItemType><ItemName>המבורגר טבעול 750 גר</ItemName><ManufacturerName>טבעול</ManufacturerName><ManufactureCountry>ישראל</ManufactureCountry><ManufacturerItemDescription>המבורגר צמחי 750 ג</ManufacturerItemDescription><SoldByWeight/><Quantity>750.00</Quantity><UnitOfMeasure>גרם     </UnitOfMeasure><QtyInPackage>לא ידוע</QtyInPackage><UnitOfMeasurePrice>0.0551</UnitOfMeasurePrice><AllowDiscount>1</AllowDiscount><ItemStatus>1</ItemStatus><ItemPrice>41.30</ItemPrice></item><item><PriceUpdateDate>2015-11-12 17:42:13</PriceUpdateDate><ItemCode>7290000420660</ItemCode><ItemType>1</ItemType><ItemName>נקניקיה וינר מן הצומ</ItemName><ManufacturerName>טבעול</ManufacturerName><ManufactureCountry>ישראל</ManufactureCountry><ManufacturerItemDescription>נקניקיה וינר מן הצומ</ManufacturerItemDescription><SoldByWeight/><Quantity>750.00</Quantity><UnitOfMeasure>גרם     </UnitOfMeasure><QtyInPackage>לא ידוע</QtyInPackage><UnitOfMeasurePrice>0.0508</UnitOfMeasurePrice><AllowDiscount>1</AllowDiscount><ItemStatus>1</ItemStatus><ItemPrice>38.10</ItemPrice></item><item><PriceUpdateDate>2016-02-02 06:49:54</PriceUpdateDate><ItemCode>7290000420707</ItemCode><ItemType>1</ItemType><ItemName>שניצל ברוקולי 750 גר</ItemName><ManufacturerName>טבעול</ManufacturerName><ManufactureCountry>ישראל</ManufactureCountry><ManufacturerItemDescription>שניצל ברוקולי 750 ג</ManufacturerItemDescription><SoldByWeight/><Quantity>750.00</Quantity><UnitOfMeasure>גרם     </UnitOfMeasure><QtyInPackage>לא ידוע</QtyInPackage><UnitOfMeasurePrice>0.0481</UnitOfMeasurePrice><AllowDiscount>1</AllowDiscount><ItemStatus>1</ItemStatus><ItemPrice>36.10</ItemPrice></item><item><PriceUpdateDate>2016-03-29 13:00:15</PriceUpdateDate><ItemCode>7290000420721</ItemCode><ItemType>1</ItemType><ItemName>שניצל תירס 750 גרם</ItemName><ManufacturerName>טבעול</ManufacturerName><ManufactureCountry>ישראל</ManufactureCountry><ManufacturerItemDescription>שניצל תירס 750 גרם טבעול</ManufacturerItemDescription><SoldByWeight/><Quantity>750.00</Quantity><UnitOfMeasure>גרם     </UnitOfMeasure><QtyInPackage>לא ידוע</QtyInPackage><UnitOfMeasurePrice>0.0372</UnitOfMeasurePrice><AllowDiscount>1</AllowDiscount><ItemStatus>1</ItemStatus><ItemPrice>27.90</ItemPrice></item><item><PriceUpdateDate>2016-02-08 08:07:35</PriceUpdateDate><ItemCode>7290000420738</ItemCode><ItemType>1</ItemType><ItemName>שניצל תרד 750 גרם</ItemName><ManufacturerName>טבעול</ManufacturerName><ManufactureCountry>ישראל</ManufactureCountry><ManufacturerItemDescription>שניצל תרד 750 ג</ManufacturerItemDescription><SoldByWeight/><Quantity>750.00</Quantity><UnitOfMeasure>גרם     </UnitOfMeasure><QtyInPackage>לא ידוע</QtyInPackage><UnitOfMeasurePrice>0.0465</UnitOfMeasurePrice><AllowDiscount>1</AllowDiscount><ItemStatus>1</ItemStatus><ItemPrice>34.90</ItemPrice></item><item><PriceUpdateDate>2015-11-12 17:42:13</PriceUpdateDate><ItemCode>7290000420783</ItemCode><ItemType>1</ItemType><ItemName>חטיפי תירס 600 גרם</ItemName><ManufacturerName>טבעול</ManufacturerName><ManufactureCountry>ישראל</ManufactureCountry><ManufacturerItemDescription>חטיפי תירס 600 גר</ManufacturerItemDescription><SoldByWeight/><Quantity>600.00</Quantity><UnitOfMeasure>גרם     </UnitOfMeasure><QtyInPackage>לא ידוע</QtyInPackage><UnitOfMeasurePrice>0.0490</UnitOfMeasurePrice><AllowDiscount>1</AllowDiscount><ItemStatus>1</ItemStatus><ItemPrice>29.40</ItemPrice></item><item><PriceUpdateDate>2015-11-12 17:42:13</PriceUpdateDate><ItemCode>7290000420806</ItemCode><ItemType>1</ItemType><ItemName>כרובית בציפוי פריך 5</ItemName><ManufacturerName>טבעול</ManufacturerName><ManufactureCountry>ישראל</ManufactureCountry><ManufacturerItemDescription>כרובית בציפוי פריך 500 גר</ManufacturerItemDescription><SoldByWeight/><Quantity>500.00</Quantity><UnitOfMeasure>גרם     </UnitOfMeasure><QtyInPackage>לא ידוע</QtyInPackage><UnitOfMeasurePrice>0.0682</UnitOfMeasurePrice><AllowDiscount>1</AllowDiscount><ItemStatus>1</ItemStatus><ItemPrice>34.10</ItemPrice></item><item><PriceUpdateDate>2014-11-03 06:37:55</PriceUpdateDate><ItemCode>7290000420820</ItemCode><ItemType>1</ItemType><ItemName>ממרח סלמון 100 גרם</ItemName><ManufacturerName>יונה</ManufacturerName><ManufactureCountry>ישראל</ManufactureCountry><ManufacturerItemDescription>ממרח סלמון מעודן 100 גר</ManufacturerItemDescription><SoldByWeight/><Quantity>100.00</Quantity><UnitOfMeasure>גרם     </UnitOfMeasure><QtyInPackage>לא ידוע</QtyInPackage><UnitOfMeasurePrice>0.0900</UnitOfMeasurePrice><AllowDiscount>1</AllowDiscount><ItemStatus>1</ItemStatus><ItemPrice>9.00</ItemPrice></item><item><PriceUpdateDate>2016-01-19 09:24:15</PriceUpdateDate><ItemCode>7290000420837</ItemCode><ItemType>1</ItemType><ItemName>סלט טונה נון100 גרם</ItemName><ManufacturerName>נון</ManufacturerName><ManufactureCountry>ישראל</ManufactureCountry><ManufacturerItemDescription>סלט טונה180 גר      .נון</ManufacturerItemDescription><SoldByWeight/><Quantity>160.00</Quantity><UnitOfMeasure>גרם     </UnitOfMeasure><QtyInPackage>לא ידוע</QtyInPackage><UnitOfMeasurePrice>0.0469</UnitOfMeasurePrice><AllowDiscount>1</AllowDiscount><ItemStatus>1</ItemStatus><ItemPrice>7.50</ItemPrice></item><item><PriceUpdateDate>2014-11-03 06:37:55</PriceUpdateDate><ItemCode>7290000420851</ItemCode><ItemType>1</ItemType><ItemName>סרדין סטאר מרוקאי ופ</ItemName><ManufacturerName>יונה</ManufacturerName><ManufactureCountry>ישראל</ManufactureCountry><ManufacturerItemDescription>סרדין מרוקאי    י 120גרם</ManufacturerItemDescription><SoldByWeight/><Quantity>120.00</Quantity><UnitOfMeasure>גרם     </UnitOfMeasure><QtyInPackage>לא ידוע</QtyInPackage><UnitOfMeasurePrice>0.0583</UnitOfMeasurePrice><AllowDiscount>1</AllowDiscount><ItemStatus>1</ItemStatus><ItemPrice>7.00</ItemPrice></item><item><PriceUpdateDate>2015-11-12 18:18:33</PriceUpdateDate><ItemCode>7290000420967</ItemCode><ItemType>1</ItemType><ItemName>עוגיות זהבה שוקו 250</ItemName><ManufacturerName>אסם</ManufacturerName><ManufactureCountry>ישראל</ManufactureCountry><ManufacturerItemDescription>ביסקוויט זהבה ושלשת הדובי</ManufacturerItemDescription><SoldByWeight/><Quantity>250.00</Quantity><UnitOfMeasure>גרם     </UnitOfMeasure><QtyInPackage>לא ידוע</QtyInPackage><UnitOfMeasurePrice>0.0364</UnitOfMeasurePrice><AllowDiscount>1</AllowDiscount><ItemStatus>1</ItemStatus><ItemPrice>9.10</ItemPrice></item><item><PriceUpdateDate>2015-11-12 18:18:33</PriceUpdateDate><ItemCode>7290000420974</ItemCode><ItemType>1</ItemType><ItemName>עוגיות גן חיות וניל</ItemName><ManufacturerName>אסם</ManufacturerName><ManufactureCountry>ישראל</ManufactureCountry><ManufacturerItemDescription>עוגיות גן חיות וניל</ManufacturerItemDescription><SoldByWeight/><Quantity>250.00</Quantity><UnitOfMeasure>גרם     </UnitOfMeasure><QtyInPackage>לא ידוע</QtyInPackage><UnitOfMeasurePrice>0.0364</UnitOfMeasurePrice><AllowDiscount>1</AllowDiscount><ItemStatus>1</ItemStatus><ItemPrice>9.10</ItemPrice></item><item><PriceUpdateDate>2015-11-12 18:18:33</PriceUpdateDate><ItemCode>7290000420981</ItemCode><ItemType>1</ItemType><ItemName>אטריות נודלס שטוחות</ItemName><ManufacturerName>אסם</ManufacturerName><ManufactureCountry>איטליה</ManufactureCountry><ManufacturerItemDescription>נודלס אטריות ביצים 300 גר</ManufacturerItemDescription><SoldByWeight/><Quantity>300.00</Quantity><UnitOfMeasure>גרם     </UnitOfMeasure><QtyInPackage>לא ידוע</QtyInPackage><UnitOfMeasurePrice>0.0410</UnitOfMeasurePrice><AllowDiscount>1</AllowDiscount><ItemStatus>1</ItemStatus><ItemPrice>12.30</ItemPrice></item><item><PriceUpdateDate>2015-11-12 18:18:33</PriceUpdateDate><ItemCode>7290000420998</ItemCode><ItemType>1</ItemType><ItemName>אטריות נודלס מסולסלו</ItemName><ManufacturerName>אסם נודלס</ManufacturerName><ManufactureCountry>ישראל</ManufactureCountry><ManufacturerItemDescription>אטריות נודלס    לסל200גר</ManufacturerItemDescription><SoldByWeight/><Quantity>200.00</Quantity><UnitOfMeasure>גרם     </UnitOfMeasure><QtyInPackage>לא ידוע</QtyInPackage><UnitOfMeasurePrice>0.0615</UnitOfMeasurePrice><AllowDiscount>1</AllowDiscount><ItemStatus>1</ItemStatus><ItemPrice>12.30</ItemPrice></item><item><PriceUpdateDate>2016-05-30 22:02:04</PriceUpdateDate><ItemCode>7290000421131</ItemCode><ItemType>1</ItemType><ItemName>ברנפלקס ללא סוכר 500</ItemName><ManufacturerName>ברנפלקס - תלמה</ManufacturerName><ManufactureCountry>ישראל</ManufactureCountry><ManufacturerItemDescription>ברנפלקס ללא סוכר בדצ 500</ManufacturerItemDescription><SoldByWeight/><Quantity>500.00</Quantity><UnitOfMeasure>גרם     </UnitOfMeasure><QtyInPackage>לא ידוע</QtyInPackage><UnitOfMeasurePrice>0.0398</UnitOfMeasurePrice><AllowDiscount>1</AllowDiscount><ItemStatus>1</ItemStatus><ItemPrice>19.90</ItemPrice></item><item><PriceUpdateDate>2016-03-01 06:48:34</PriceUpdateDate><ItemCode>7290000421162</ItemCode><ItemType>1</ItemType><ItemName>משקה ג'אמפ מנגו 1.5</ItemName><ManufacturerName>גאמפ</ManufacturerName><ManufactureCountry>ישראל</ManufactureCountry><ManufacturerItemDescription>משקה ג'אמפ מנגו 1.5</ManufacturerItemDescription><SoldByWeight/><Quantity>1500.00</Quantity><UnitOfMeasure>מ"ל</UnitOfMeasure><QtyInPackage>לא ידוע</QtyInPackage><UnitOfMeasurePrice>0.0046</UnitOfMeasurePrice><AllowDiscount>1</AllowDiscount><ItemStatus>1</ItemStatus><ItemPrice>6.90</ItemPrice></item><item><PriceUpdateDate>2015-10-11 18:10:32</PriceUpdateDate><ItemCode>7290000421186</ItemCode><ItemType>1</ItemType><ItemName>סודה טמפו 1.5 ליטר</ItemName><ManufacturerName>טמפו</ManufacturerName><ManufactureCountry>ישראל</ManufactureCountry><ManufacturerItemDescription>סודה 1.5 ל</ManufacturerItemDescription><SoldByWeight/><Quantity>1500.00</Quantity><UnitOfMeasure>מ"ל</UnitOfMeasure><QtyInPackage>לא ידוע</QtyInPackage><UnitOfMeasurePrice>0.0035</UnitOfMeasurePrice><AllowDiscount>1</AllowDiscount><ItemStatus>1</ItemStatus><ItemPrice>5.20</ItemPrice></item><item><PriceUpdateDate>2016-05-30 22:02:04</PriceUpdateDate><ItemCode>7290000421230</ItemCode><ItemType>1</ItemType><ItemName>תפוגן מובחר 700 גרם</ItemName><ManufacturerName>תפוגן</ManufacturerName><ManufactureCountry>ישראל</ManufactureCountry><ManufacturerItemDescription>תפוגן מובחר 700 גרם</ManufacturerItemDescription><SoldByWeight/><Quantity>700.00</Quantity><UnitOfMeasure>גרם     </UnitOfMeasure><QtyInPackage>לא ידוע</QtyInPackage><UnitOfMeasurePrice>0.0199</UnitOfMeasurePrice><AllowDiscount>0</AllowDiscount><ItemStatus>1</ItemStatus><ItemPrice>13.90</ItemPrice></item><item><PriceUpdateDate>2014-11-03 06:37:27</PriceUpdateDate><ItemCode>7290000421254</ItemCode><ItemType>1</ItemType><ItemName>תפוגן כשל"פ בדץ 2 ק"</ItemName><ManufacturerName>תפוגן</ManufacturerName><ManufactureCountry>ישראל</ManufactureCountry><ManufacturerItemDescription>תפוגן כשל"פ בדץ 2 ק"</ManufacturerItemDescription><SoldByWeight/><Quantity>2000.00</Quantity><UnitOfMeasure>גרם     </UnitOfMeasure><QtyInPackage>לא ידוע</QtyInPackage><UnitOfMeasurePrice>0.0177</UnitOfMeasurePrice><AllowDiscount>1</AllowDiscount><ItemStatus>1</ItemStatus><ItemPrice>35.40</ItemPrice></item><item><PriceUpdateDate>2016-03-29 13:00:16</PriceUpdateDate><ItemCode>7290000421315</ItemCode><ItemType>1</ItemType><ItemName>טבעות בצל 700 גרם</ItemName><ManufacturerName>תפוגן</ManufacturerName><ManufactureCountry>ישראל</ManufactureCountry><ManufacturerItemDescription>טבעות בצל 700  גר</ManufacturerItemDescription><SoldByWeight/><Quantity>700.00</Quantity><UnitOfMeasure>גרם     </UnitOfMeasure><QtyInPackage>לא ידוע</QtyInPackage><UnitOfMeasurePrice>0.0296</UnitOfMeasurePrice><AllowDiscount>1</AllowDiscount><ItemStatus>1</ItemStatus><ItemPrice>20.70</ItemPrice></item><item><PriceUpdateDate>2016-03-01 06:42:17</PriceUpdateDate><ItemCode>7290000421339</ItemCode><ItemType>1</ItemType><ItemName>אמריקאן ציפס 1.5 ק"ג</ItemName><ManufacturerName>תפוגן</ManufacturerName><ManufactureCountry>ישראל</ManufactureCountry><ManufacturerItemDescription>אמריקאן ציפס 1.5 ק"ג</ManufacturerItemDescription><SoldByWeight/><Quantity>1500.00</Quantity><UnitOfMeasure>גרם     </UnitOfMeasure><QtyInPackage>לא ידוע</QtyInPackage><UnitOfMeasurePrice>0.0209</UnitOfMeasurePrice><AllowDiscount>1</AllowDiscount><ItemStatus>1</ItemStatus><ItemPrice>31.40</ItemPrice></item><item><PriceUpdateDate>2015-11-12 14:55:25</PriceUpdateDate><ItemCode>7290000421360</ItemCode><ItemType>1</ItemType><ItemName>תרכיז סיידר טבעי 330</ItemName><ManufacturerName>סיידר</ManufacturerName><ManufactureCountry>ישראל</ManufactureCountry><ManufacturerItemDescription>סיידר תרכיז 330 בקבוק</ManufacturerItemDescription><SoldByWeight/><Quantity>330.00</Quantity><UnitOfMeasure>מ"ל</UnitOfMeasure><QtyInPackage>לא ידוע</QtyInPackage><UnitOfMeasurePrice>0.0388</UnitOfMeasurePrice><AllowDiscount>1</AllowDiscount><ItemStatus>1</ItemStatus><ItemPrice>12.80</ItemPrice></item><item><PriceUpdateDate>2015-11-12 15:05:00</PriceUpdateDate><ItemCode>7290000421377</ItemCode><ItemType>1</ItemType><ItemName>אבקת הלבנה רן מיכל 3</ItemName><ManufacturerName>לא ידוע</ManufacturerName><ManufactureCountry>ישראל</ManufactureCountry><ManufacturerItemDescription>אבקת הלבנה רן מיכל 3</ManufacturerItemDescription><SoldByWeight/><Quantity>350.00</Quantity><UnitOfMeasure>גרם     </UnitOfMeasure><QtyInPackage>לא ידוע</QtyInPackage><UnitOfMeasurePrice>0.0651</UnitOfMeasurePrice><AllowDiscount>1</AllowDiscount><ItemStatus>1</ItemStatus><ItemPrice>22.80</ItemPrice></item><item><PriceUpdateDate>2016-05-30 22:02:04</PriceUpdateDate><ItemCode>7290000421384</ItemCode><ItemType>1</ItemType><ItemName>מרכך כביסה בדין ורוד</ItemName><ManufacturerName>בדין</ManufacturerName><ManufactureCountry>ישראל</ManufactureCountry><ManufacturerItemDescription>מרכך כביסה בדין ורוד</ManufacturerItemDescription><SoldByWeight/><Quantity>4000.00</Quantity><UnitOfMeasure>מ"ל</UnitOfMeasure><QtyInPackage>לא ידוע</QtyInPackage><UnitOfMeasurePrice>0.0050</UnitOfMeasurePrice><AllowDiscount>1</AllowDiscount><ItemStatus>1</ItemStatus><ItemPrice>19.90</ItemPrice></item><item><PriceUpdateDate>2015-11-12 15:05:00</PriceUpdateDate><ItemCode>7290000421445</ItemCode><ItemType>1</ItemType><ItemName>מרכך כביסה בדין בייב</ItemName><ManufacturerName>בדין</ManufacturerName><ManufactureCountry>ישראל</ManufactureCountry><ManufacturerItemDescription>מרכך כביסה בדין בייב</ManufacturerItemDescription><SoldByWeight/><Quantity>2000.00</Quantity><UnitOfMeasure>מ"ל</UnitOfMeasure><QtyInPackage>לא ידוע</QtyInPackage><UnitOfMeasurePrice>0.0113</UnitOfMeasurePrice><AllowDiscount>1</AllowDiscount><ItemStatus>1</ItemStatus><ItemPrice>22.60</ItemPrice></item><item><PriceUpdateDate>2016-05-30 22:02:04</PriceUpdateDate><ItemCode>7290000421469</ItemCode><ItemType>1</ItemType><ItemName>מרכך כביסה בדין צהוב</ItemName><ManufacturerName>בדין</ManufacturerName><ManufactureCountry>ישראל</ManufactureCountry><ManufacturerItemDescription>מרכך כביסה בדין צהוב</ManufacturerItemDescription><SoldByWeight/><Quantity>4000.00</Quantity><UnitOfMeasure>מ"ל</UnitOfMeasure><QtyInPackage>לא ידוע</QtyInPackage><UnitOfMeasurePrice>0.0050</UnitOfMeasurePrice><AllowDiscount>1</AllowDiscount><ItemStatus>1</ItemStatus><ItemPrice>19.90</ItemPrice></item><item><PriceUpdateDate>2016-05-01 21:46:02</PriceUpdateDate><ItemCode>7290000421650</ItemCode><ItemType>1</ItemType><ItemName>מב סלסולי כתף בקר 12</ItemName><ManufacturerName>טירת צבי</ManufacturerName><ManufactureCountry>ישראל</ManufactureCountry><ManufacturerItemDescription>סלסולי כתף בקר 120 גרם</ManufacturerItemDescription><SoldByWeight/><Quantity>120.00</Quantity><UnitOfMeasure>גרם     </UnitOfMeasure><QtyInPackage>לא ידוע</QtyInPackage><UnitOfMeasurePrice>0.1075</UnitOfMeasurePrice><AllowDiscount>1</AllowDiscount><ItemStatus>1</ItemStatus><ItemPrice>12.90</ItemPrice></item><item><PriceUpdateDate>2016-05-01 21:46:02</PriceUpdateDate><ItemCode>7290000421667</ItemCode><ItemType>1</ItemType><ItemName>מב סלסולי סלמי איטלק</ItemName><ManufacturerName>טירת צבי</ManufacturerName><ManufactureCountry>ישראל</ManufactureCountry><ManufacturerItemDescription>סלסולי סלמי איטלקי משובח</ManufacturerItemDescription><SoldByWeight/><Quantity>120.00</Quantity><UnitOfMeasure>גרם     </UnitOfMeasure><QtyInPackage>לא ידוע</QtyInPackage><UnitOfMeasurePrice>0.1075</UnitOfMeasurePrice><AllowDiscount>1</AllowDiscount><ItemStatus>1</ItemStatus><ItemPrice>12.90</ItemPrice></item><item><PriceUpdateDate>2016-05-01 21:46:02</PriceUpdateDate><ItemCode>7290000421674</ItemCode><ItemType>1</ItemType><ItemName>מב סלסולי פסטרמה הוד</ItemName><ManufacturerName>טירת צבי</ManufacturerName><ManufactureCountry>ישראל</ManufactureCountry><ManufacturerItemDescription>סלסולי פסטרמה הודו 120 גר</ManufacturerItemDescription><SoldByWeight/><Quantity>120.00</Quantity><UnitOfMeasure>גרם     </UnitOfMeasure><QtyInPackage>לא ידוע</QtyInPackage><UnitOfMeasurePrice>0.1075</UnitOfMeasurePrice><AllowDiscount>1</AllowDiscount><ItemStatus>1</ItemStatus><ItemPrice>12.90</ItemPrice></item><item><PriceUpdateDate>2015-11-12 14:32:39</PriceUpdateDate><ItemCode>7290000421711</ItemCode><ItemType>1</ItemType><ItemName>נקניקיות אמריקאיות 5</ItemName><ManufacturerName>טירת צבי</ManufacturerName><ManufactureCountry>ישראל</ManufactureCountry><ManufacturerItemDescription>נקניקיות אמריקאיות 500 גר</ManufacturerItemDescription><SoldByWeight/><Quantity>500.00</Quantity><UnitOfMeasure>גרם     </UnitOfMeasure><QtyInPackage>לא ידוע</QtyInPackage><UnitOfMeasurePrice>0.0600</UnitOfMeasurePrice><AllowDiscount>1</AllowDiscount><ItemStatus>1</ItemStatus><ItemPrice>30.00</ItemPrice></item><item><PriceUpdateDate>2015-11-12 14:32:39</PriceUpdateDate><ItemCode>7290000421728</ItemCode><ItemType>1</ItemType><ItemName>נקניק עגל 500 גרם</ItemName><ManufacturerName>טירת צבי</ManufacturerName><ManufactureCountry>ישראל</ManufactureCountry><ManufacturerItemDescription>נקניק עגל 500 גרם</ManufacturerItemDescription><SoldByWeight/><Quantity>500.00</Quantity><UnitOfMeasure>גרם     </UnitOfMeasure><QtyInPackage>לא ידוע</QtyInPackage><UnitOfMeasurePrice>0.0580</UnitOfMeasurePrice><AllowDiscount>1</AllowDiscount><ItemStatus>1</ItemStatus><ItemPrice>29.00</ItemPrice></item><item><PriceUpdateDate>2016-06-01 06:30:20</PriceUpdateDate><ItemCode>7290000421735</ItemCode><ItemType>1</ItemType><ItemName>מב נקניקיות עוף 1 ק"</ItemName><ManufacturerName>טירת צבי</ManufacturerName><ManufactureCountry>ישראל</ManufactureCountry><ManufacturerItemDescription>נקניקיות עוף 1 קג</ManufacturerItemDescription><SoldByWeight/><Quantity>1000.00</Quantity><UnitOfMeasure>גרם     </UnitOfMeasure><QtyInPackage>לא ידוע</QtyInPackage><UnitOfMeasurePrice>0.0249</UnitOfMeasurePrice><AllowDiscount>1</AllowDiscount><ItemStatus>1</ItemStatus><ItemPrice>24.90</ItemPrice></item><item><PriceUpdateDate>2016-05-30 22:02:04</PriceUpdateDate><ItemCode>7290000421742</ItemCode><ItemType>1</ItemType><ItemName>מב נקניקיות עוף טרי</ItemName><ManufacturerName>טירת צבי</ManufacturerName><ManufactureCountry>ישראל</ManufactureCountry><ManufacturerItemDescription>נקניקיות עוף 400 ג</ManufacturerItemDescription><SoldByWeight/><Quantity>400.00</Quantity><UnitOfMeasure>גרם     </UnitOfMeasure><QtyInPackage>לא ידוע</QtyInPackage><UnitOfMeasurePrice>0.0273</UnitOfMeasurePrice><AllowDiscount>0</AllowDiscount><ItemStatus>1</ItemStatus><ItemPrice>10.90</ItemPrice></item><item><PriceUpdateDate>2015-11-12 16:43:44</PriceUpdateDate><ItemCode>7290000422008</ItemCode><ItemType>1</ItemType><ItemName>גת בוטן מטוגן שקית 2</ItemName><ManufacturerName>ליימן חטיבת המותגים</ManufacturerName><ManufactureCountry>ישראל</ManufactureCountry><ManufacturerItemDescription>בוטן מטוגן 200 גרם</ManufacturerItemDescription><SoldByWeight/><Quantity>200.00</Quantity><UnitOfMeasure>גרם     </UnitOfMeasure><QtyInPackage>לא ידוע</QtyInPackage><UnitOfMeasurePrice>0.0430</UnitOfMeasurePrice><AllowDiscount>1</AllowDiscount><ItemStatus>1</ItemStatus><ItemPrice>8.60</ItemPrice></item><item><PriceUpdateDate>2016-05-30 22:02:05</PriceUpdateDate><ItemCode>7290000422039</ItemCode><ItemType>1</ItemType><ItemName>גת גרעיני אבטיח 200</ItemName><ManufacturerName>ליימן חטיבת המותגים</ManufacturerName><ManufactureCountry>ישראל</ManufactureCountry><ManufacturerItemDescription>גרעין אבטיח 200 גרם</ManufacturerItemDescription><SoldByWeight/><Quantity>200.00</Quantity><UnitOfMeasure>גרם     </UnitOfMeasure><QtyInPackage>לא ידוע</QtyInPackage><UnitOfMeasurePrice>0.0775</UnitOfMeasurePrice><AllowDiscount>1</AllowDiscount><ItemStatus>1</ItemStatus><ItemPrice>15.50</ItemPrice></item><item><PriceUpdateDate>2015-10-11 18:10:32</PriceUpdateDate><ItemCode>7290000422091</ItemCode><ItemType>1</ItemType><ItemName>דנונה טבעי 3% 200 גר</ItemName><ManufacturerName>דנונה</ManufacturerName><ManufactureCountry>ישראל</ManufactureCountry><ManufacturerItemDescription>דנונה 200 3%- גרם</ManufacturerItemDescription><SoldByWeight/><Quantity>200.00</Quantity><UnitOfMeasure>גרם     </UnitOfMeasure><QtyInPackage>לא ידוע</QtyInPackage><UnitOfMeasurePrice>0.0200</UnitOfMeasurePrice><AllowDiscount>1</AllowDiscount><ItemStatus>1</ItemStatus><ItemPrice>4.00</ItemPrice></item><item><PriceUpdateDate>2016-03-16 15:40:29</PriceUpdateDate><ItemCode>7290000422107</ItemCode><ItemType>1</ItemType><ItemName>דנונה בר עם פצפוצי ש</ItemName><ManufacturerName>דנונה</ManufacturerName><ManufactureCountry>ישראל</ManufactureCountry><ManufacturerItemDescription>דנונה+דגנים שוקולד200 1/2</ManufacturerItemDescription><SoldByWeight/><Quantity>173.00</Quantity><UnitOfMeasure>גרם     </UnitOfMeasure><QtyInPackage>לא ידוע</QtyInPackage><UnitOfMeasurePrice>0.0260</UnitOfMeasurePrice><AllowDiscount>1</AllowDiscount><ItemStatus>1</ItemStatus><ItemPrice>4.50</ItemPrice></item><item><PriceUpdateDate>2015-11-12 18:18:33</PriceUpdateDate><ItemCode>7290000422138</ItemCode><ItemType>1</ItemType><ItemName>קפה שחור לנדוור מקור</ItemName><ManufacturerName>לנדוור</ManufacturerName><ManufactureCountry>ישראל</ManufactureCountry><ManufacturerItemDescription>קפה שחור לנדוור מקור</ManufacturerItemDescription><SoldByWeight/><Quantity>100.00</Quantity><UnitOfMeasure>גרם     </UnitOfMeasure><QtyInPackage>לא ידוע</QtyInPackage><UnitOfMeasurePrice>0.0910</UnitOfMeasurePrice><AllowDiscount>1</AllowDiscount><ItemStatus>1</ItemStatus><ItemPrice>9.10</ItemPrice></item><item><PriceUpdateDate>2015-11-12 18:18:33</PriceUpdateDate><ItemCode>7290000422152</ItemCode><ItemType>1</ItemType><ItemName>מארז קפה שחור לנדוור</ItemName><ManufacturerName>לנדוור</ManufacturerName><ManufactureCountry>ישראל</ManufactureCountry><ManufacturerItemDescription>מארז קפה שחור לנדוור</ManufacturerItemDescription><SoldByWeight/><Quantity>300.00</Quantity><UnitOfMeasure>גרם     </UnitOfMeasure><QtyInPackage>לא ידוע</QtyInPackage><UnitOfMeasurePrice>0.0933</UnitOfMeasurePrice><AllowDiscount>1</AllowDiscount><ItemStatus>1</ItemStatus><ItemPrice>28.00</ItemPrice></item><item><PriceUpdateDate>2015-11-12 18:18:33</PriceUpdateDate><ItemCode>7290000422183</ItemCode><ItemType>1</ItemType><ItemName>קפה לנדוור לבוקר 100</ItemName><ManufacturerName>לנדוור</ManufacturerName><ManufactureCountry>ישראל</ManufactureCountry><ManufacturerItemDescription>קפה לנדוור לבוקר 100</ManufacturerItemDescription><SoldByWeight/><Quantity>100.00</Quantity><UnitOfMeasure>גרם     </UnitOfMeasure><QtyInPackage>לא ידוע</QtyInPackage><UnitOfMeasurePrice>0.0910</UnitOfMeasurePrice><AllowDiscount>1</AllowDiscount><ItemStatus>1</ItemStatus><ItemPrice>9.10</ItemPrice></item><item><PriceUpdateDate>2015-11-12 18:18:33</PriceUpdateDate><ItemCode>7290000422190</ItemCode><ItemType>1</ItemType><ItemName>קפה לנדוור אספרסו טח</ItemName><ManufacturerName>לנדוור</ManufacturerName><ManufactureCountry>ישראל</ManufactureCountry><ManufacturerItemDescription>קפה לנדוור אספרסו טח</ManufacturerItemDescription><SoldByWeight/><Quantity>100.00</Quantity><UnitOfMeasure>גרם     </UnitOfMeasure><QtyInPackage>לא ידוע</QtyInPackage><UnitOfMeasurePrice>0.0910</UnitOfMeasurePrice><AllowDiscount>1</AllowDiscount><ItemStatus>1</ItemStatus><ItemPrice>9.10</ItemPrice></item><item><PriceUpdateDate>2015-10-20 17:12:38</PriceUpdateDate><ItemCode>7290000422312</ItemCode><ItemType>1</ItemType><ItemName>פפסי קולה 1.5 ליטר</ItemName><ManufacturerName>פפסי</ManufacturerName><ManufactureCountry>ישראל</ManufactureCountry><ManufacturerItemDescription>פפסי קולה 1.5  ל</ManufacturerItemDescription><SoldByWeight/><Quantity>1500.00</Quantity><UnitOfMeasure>מ"ל</UnitOfMeasure><QtyInPackage>לא ידוע</QtyInPackage><UnitOfMeasurePrice>0.0047</UnitOfMeasurePrice><AllowDiscount>0</AllowDiscount><ItemStatus>1</ItemStatus><ItemPrice>7.10</ItemPrice></item><item><PriceUpdateDate>2015-10-11 18:10:32</PriceUpdateDate><ItemCode>7290000422329</ItemCode><ItemType>1</ItemType><ItemName>סבן אפ 1.5 ליטר</ItemName><ManufacturerName>7 אפ</ManufacturerName><ManufactureCountry>ישראל</ManufactureCountry><ManufacturerItemDescription>פפסי סבנאפ 1.5  ל</ManufacturerItemDescription><SoldByWeight/><Quantity>1500.00</Quantity><UnitOfMeasure>מ"ל</UnitOfMeasure><QtyInPackage>לא ידוע</QtyInPackage><UnitOfMeasurePrice>0.0047</UnitOfMeasurePrice><AllowDiscount>1</AllowDiscount><ItemStatus>1</ItemStatus><ItemPrice>7.10</ItemPrice></item><item><PriceUpdateDate>2015-10-20 17:12:38</PriceUpdateDate><ItemCode>7290000422336</ItemCode><ItemType>1</ItemType><ItemName>מירנדה 1.5 ליטר</ItemName><ManufacturerName>מירינדה תפוז</ManufacturerName><ManufactureCountry>ישראל</ManufactureCountry><ManufacturerItemDescription>פפסי מירינדה 1.5  ל</ManufacturerItemDescription><SoldByWeight/><Quantity>1500.00</Quantity><UnitOfMeasure>מ"ל</UnitOfMeasure><QtyInPackage>לא ידוע</QtyInPackage><UnitOfMeasurePrice>0.0049</UnitOfMeasurePrice><AllowDiscount>0</AllowDiscount><ItemStatus>1</ItemStatus><ItemPrice>7.30</ItemPrice></item><item><PriceUpdateDate>2015-10-11 18:10:32</PriceUpdateDate><ItemCode>7290000422343</ItemCode><ItemType>1</ItemType><ItemName>סבן אפ דיאט 1.5 ליטר</ItemName><ManufacturerName>7 אפ דיאט</ManufacturerName><ManufactureCountry>ישראל</ManufactureCountry><ManufacturerItemDescription>פפסי סבנאפ דיאט 1.5  ל</ManufacturerItemDescription><SoldByWeight/><Quantity>1500.00</Quantity><UnitOfMeasure>מ"ל</UnitOfMeasure><QtyInPackage>לא ידוע</QtyInPackage><UnitOfMeasurePrice>0.0047</UnitOfMeasurePrice><AllowDiscount>1</AllowDiscount><ItemStatus>1</ItemStatus><ItemPrice>7.10</ItemPrice></item><item><PriceUpdateDate>2015-10-11 18:10:32</PriceUpdateDate><ItemCode>7290000422350</ItemCode><ItemType>1</ItemType><ItemName>פפסי מקס 1.5 ליטר</ItemName><ManufacturerName>פפסי מקס</ManufacturerName><ManufactureCountry>ישראל</ManufactureCountry><ManufacturerItemDescription>פפסי קולה מקס 1.5 ללא סוכ</ManufacturerItemDescription><SoldByWeight/><Quantity>1500.00</Quantity><UnitOfMeasure>מ"ל</UnitOfMeasure><QtyInPackage>לא ידוע</QtyInPackage><UnitOfMeasurePrice>0.0047</UnitOfMeasurePrice><AllowDiscount>0</AllowDiscount><ItemStatus>1</ItemStatus><ItemPrice>7.10</ItemPrice></item><item><PriceUpdateDate>2016-05-30 22:02:05</PriceUpdateDate><ItemCode>7290000422381</ItemCode><ItemType>1</ItemType><ItemName>סיף פנטסטיק לניקוי כ</ItemName><ManufacturerName>סיף</ManufacturerName><ManufactureCountry>ישראל</ManufactureCountry><ManufacturerItemDescription>סיף פנטסטיק לניקוי כ</ManufacturerItemDescription><SoldByWeight/><Quantity>4000.00</Quantity><UnitOfMeasure>מ"ל</UnitOfMeasure><QtyInPackage>לא ידוע</QtyInPackage><UnitOfMeasurePrice>0.0055</UnitOfMeasurePrice><AllowDiscount>1</AllowDiscount><ItemStatus>1</ItemStatus><ItemPrice>21.90</ItemPrice></item><item><PriceUpdateDate>2015-11-12 18:17:53</PriceUpdateDate><ItemCode>7290000422411</ItemCode><ItemType>1</ItemType><ItemName>טונה פוסידון בשמן 10</ItemName><ManufacturerName>פוסידון</ManufacturerName><ManufactureCountry>ישראל</ManufactureCountry><ManufacturerItemDescription>טונה בהירה בשמן פוסידון 1</ManufacturerItemDescription><SoldByWeight/><Quantity>108.00</Quantity><UnitOfMeasure>גרם     </UnitOfMeasure><QtyInPackage>לא ידוע</QtyInPackage><UnitOfMeasurePrice>0.0648</UnitOfMeasurePrice><AllowDiscount>1</AllowDiscount><ItemStatus>1</ItemStatus><ItemPrice>7.00</ItemPrice></item><item><PriceUpdateDate>2014-11-03 06:37:24</PriceUpdateDate><ItemCode>7290000422428</ItemCode><ItemType>1</ItemType><ItemName>טונה פוסידון במים 10</ItemName><ManufacturerName>פוסידון</ManufacturerName><ManufactureCountry>ישראל</ManufactureCountry><ManufacturerItemDescription>טונה בהירהבמיםפוסידון 108</ManufacturerItemDescription><SoldByWeight/><Quantity>108.00</Quantity><UnitOfMeasure>גרם     </UnitOfMeasure><QtyInPackage>לא ידוע</QtyInPackage><UnitOfMeasurePrice>0.0694</UnitOfMeasurePrice><AllowDiscount>1</AllowDiscount><ItemStatus>1</ItemStatus><ItemPrice>7.50</ItemPrice></item><item><PriceUpdateDate>2015-10-20 16:39:48</PriceUpdateDate><ItemCode>7290000422442</ItemCode><ItemType>1</ItemType><ItemName>שמרים טריים 50 גרם</ItemName><ManufacturerName>שמרית</ManufacturerName><ManufactureCountry>ישראל</ManufactureCountry><ManufacturerItemDescription>שמרים לחים אינסטנט</ManufacturerItemDescription><SoldByWeight/><Quantity>14.00</Quantity><UnitOfMeasure>גרם     </UnitOfMeasure><QtyInPackage>לא ידוע</QtyInPackage><UnitOfMeasurePrice>0.3643</UnitOfMeasurePrice><AllowDiscount>1</AllowDiscount><ItemStatus>1</ItemStatus><ItemPrice>5.10</ItemPrice></item><item><PriceUpdateDate>2015-11-16 09:47:11</PriceUpdateDate><ItemCode>7290000422459</ItemCode><ItemType>1</ItemType><ItemName>שמרית +משפר לאפיה בי</ItemName><ManufacturerName>שמרית</ManufacturerName><ManufactureCountry>ישראל</ManufactureCountry><ManufacturerItemDescription>שמרית +משפר לאפיה בי</ManufacturerItemDescription><SoldByWeight/><Quantity>125.00</Quantity><UnitOfMeasure>גרם     </UnitOfMeasure><QtyInPackage>לא ידוע</QtyInPackage><UnitOfMeasurePrice>0.0712</UnitOfMeasurePrice><AllowDiscount>1</AllowDiscount><ItemStatus>1</ItemStatus><ItemPrice>8.90</ItemPrice></item><item><PriceUpdateDate>2016-05-01 21:46:03</PriceUpdateDate><ItemCode>7290000422534</ItemCode><ItemType>1</ItemType><ItemName>מב בייגלה שמיניות עם</ItemName><ManufacturerName>בייגל בייגל</ManufacturerName><ManufactureCountry>ישראל</ManufactureCountry><ManufacturerItemDescription>בייגלה שמיניות 400 גר</ManufacturerItemDescription><SoldByWeight/><Quantity>400.00</Quantity><UnitOfMeasure>גרם     </UnitOfMeasure><QtyInPackage>לא ידוע</QtyInPackage><UnitOfMeasurePrice>0.0248</UnitOfMeasurePrice><AllowDiscount>1</AllowDiscount><ItemStatus>1</ItemStatus><ItemPrice>9.90</ItemPrice></item><item><PriceUpdateDate>2016-05-01 21:46:03</PriceUpdateDate><ItemCode>7290000422558</ItemCode><ItemType>1</ItemType><ItemName>מב בייגל אחד אחד 400</ItemName><ManufacturerName>בייגל בייגל</ManufacturerName><ManufactureCountry>ישראל</ManufactureCountry><ManufacturerItemDescription>מב בייגל אחד אחד 400</ManufacturerItemDescription><SoldByWeight/><Quantity>400.00</Quantity><UnitOfMeasure>גרם     </UnitOfMeasure><QtyInPackage>לא ידוע</QtyInPackage><UnitOfMeasurePrice>0.0248</UnitOfMeasurePrice><AllowDiscount>1</AllowDiscount><ItemStatus>1</ItemStatus><ItemPrice>9.90</ItemPrice></item><item><PriceUpdateDate>2015-11-12 14:28:47</PriceUpdateDate><ItemCode>7290000422565</ItemCode><ItemType>1</ItemType><ItemName>בייגלה שמיניות גדולו</ItemName><ManufacturerName>בייגל בייגל</ManufacturerName><ManufactureCountry>ישראל</ManufactureCountry><ManufacturerItemDescription>ביגל גדול גדול 400 גר</ManufacturerItemDescription><SoldByWeight/><Quantity>400.00</Quantity><UnitOfMeasure>גרם     </UnitOfMeasure><QtyInPackage>לא ידוע</QtyInPackage><UnitOfMeasurePrice>0.0385</UnitOfMeasurePrice><AllowDiscount>1</AllowDiscount><ItemStatus>1</ItemStatus><ItemPrice>15.40</ItemPrice></item><item><PriceUpdateDate>2015-11-12 14:28:52</PriceUpdateDate><ItemCode>7290000422572</ItemCode><ItemType>1</ItemType><ItemName>בייגל גדול גדול שומש</ItemName><ManufacturerName>בייגל בייגל</ManufacturerName><ManufactureCountry>ישראל</ManufactureCountry><ManufacturerItemDescription>בייגל גדול גדול שומש</ManufacturerItemDescription><SoldByWeight/><Quantity>400.00</Quantity><UnitOfMeasure>גרם     </UnitOfMeasure><QtyInPackage>לא ידוע</QtyInPackage><UnitOfMeasurePrice>0.0425</UnitOfMeasurePrice><AllowDiscount>1</AllowDiscount><ItemStatus>1</ItemStatus><ItemPrice>17.00</ItemPrice></item><item><PriceUpdateDate>2016-05-30 22:02:05</PriceUpdateDate><ItemCode>7290000422602</ItemCode><ItemType>1</ItemType><ItemName>מב בייגלה דג דג 400</ItemName><ManufacturerName>בייגל בייגל</ManufacturerName><ManufactureCountry>ישראל</ManufactureCountry><ManufacturerItemDescription>חטיפי קוקטייל דג דג 400 ג</ManufacturerItemDescription><SoldByWeight/><Quantity>400.00</Quantity><UnitOfMeasure>גרם     </UnitOfMeasure><QtyInPackage>לא ידוע</QtyInPackage><UnitOfMeasurePrice>0.0273</UnitOfMeasurePrice><AllowDiscount>1</AllowDiscount><ItemStatus>1</ItemStatus><ItemPrice>10.90</ItemPrice></item><item><PriceUpdateDate>2015-11-16 09:47:11</PriceUpdateDate><ItemCode>7290000422626</ItemCode><ItemType>1</ItemType><ItemName>סחוג אדום חריף עדין</ItemName><ManufacturerName>זהבי הכרם</ManufacturerName><ManufactureCountry>ישראל</ManufactureCountry><ManufacturerItemDescription>סחוג150 גר .בצנצנת</ManufacturerItemDescription><SoldByWeight/><Quantity>150.00</Quantity><UnitOfMeasure>גרם     </UnitOfMeasure><QtyInPackage>לא ידוע</QtyInPackage><UnitOfMeasurePrice>0.0627</UnitOfMeasurePrice><AllowDiscount>1</AllowDiscount><ItemStatus>1</ItemStatus><ItemPrice>9.40</ItemPrice></item><item><PriceUpdateDate>2015-11-16 09:47:11</PriceUpdateDate><ItemCode>7290000422640</ItemCode><ItemType>1</ItemType><ItemName>סחוג חריף מאוד זהבי</ItemName><ManufacturerName>זהבי הכרם</ManufacturerName><ManufactureCountry>ישראל</ManufactureCountry><ManufacturerItemDescription>סחוג חריף מאוד זהבי</ManufacturerItemDescription><SoldByWeight/><Quantity>150.00</Quantity><UnitOfMeasure>גרם     </UnitOfMeasure><QtyInPackage>לא ידוע</QtyInPackage><UnitOfMeasurePrice>0.0647</UnitOfMeasurePrice><AllowDiscount>1</AllowDiscount><ItemStatus>1</ItemStatus><ItemPrice>9.70</ItemPrice></item><item><PriceUpdateDate>2015-11-12 18:18:33</PriceUpdateDate><ItemCode>7290000422718</ItemCode><ItemType>1</ItemType><ItemName>חרוזית עשבי תיבול בי</ItemName><ManufacturerName>בית השיטה</ManufacturerName><ManufactureCountry>ישראל</ManufactureCountry><ManufacturerItemDescription>חרוזית עשבי תיבול בי</ManufacturerItemDescription><SoldByWeight/><Quantity>275.00</Quantity><UnitOfMeasure>גרם     </UnitOfMeasure><QtyInPackage>לא ידוע</QtyInPackage><UnitOfMeasurePrice>0.0455</UnitOfMeasurePrice><AllowDiscount>1</AllowDiscount><ItemStatus>1</ItemStatus><ItemPrice>12.50</ItemPrice></item><item><PriceUpdateDate>2016-05-01 21:46:03</PriceUpdateDate><ItemCode>7290000422725</ItemCode><ItemType>1</ItemType><ItemName>זית חרוזית שחור בית</ItemName><ManufacturerName>בית השיטה</ManufacturerName><ManufactureCountry>ישראל</ManufactureCountry><ManufacturerItemDescription>זית חרוזית שחור בית</ManufacturerItemDescription><SoldByWeight/><Quantity>275.00</Quantity><UnitOfMeasure>גרם     </UnitOfMeasure><QtyInPackage>לא ידוע</QtyInPackage><UnitOfMeasurePrice>0.0436</UnitOfMeasurePrice><AllowDiscount>1</AllowDiscount><ItemStatus>1</ItemStatus><ItemPrice>12.00</ItemPrice></item><item><PriceUpdateDate>2015-11-12 18:18:33</PriceUpdateDate><ItemCode>7290000422749</ItemCode><ItemType>1</ItemType><ItemName>זית חרוזית מרינד 430</ItemName><ManufacturerName>בית השיטה</ManufacturerName><ManufactureCountry>ישראל</ManufactureCountry><ManufacturerItemDescription>זית חרוזית מרינד 430</ManufacturerItemDescription><SoldByWeight/><Quantity>275.00</Quantity><UnitOfMeasure>גרם     </UnitOfMeasure><QtyInPackage>לא ידוע</QtyInPackage><UnitOfMeasurePrice>0.0455</UnitOfMeasurePrice><AllowDiscount>1</AllowDiscount><ItemStatus>1</ItemStatus><ItemPrice>12.50</ItemPrice></item><item><PriceUpdateDate>2016-05-30 22:02:05</PriceUpdateDate><ItemCode>7290000422770</ItemCode><ItemType>1</ItemType><ItemName>מלפפון 7-9 במלח 560</ItemName><ManufacturerName>בית השיטה</ManufacturerName><ManufactureCountry>ישראל</ManufactureCountry><ManufacturerItemDescription>מלפפון 7-9 במלח 560</ManufacturerItemDescription><SoldByWeight/><Quantity>560.00</Quantity><UnitOfMeasure>גרם     </UnitOfMeasure><QtyInPackage>לא ידוע</QtyInPackage><UnitOfMeasurePrice>0.0105</UnitOfMeasurePrice><AllowDiscount>1</AllowDiscount><ItemStatus>1</ItemStatus><ItemPrice>5.90</ItemPrice></item><item><PriceUpdateDate>2016-05-30 22:02:05</PriceUpdateDate><ItemCode>7290000422787</ItemCode><ItemType>1</ItemType><ItemName>מלפפון במלח 10-12  3</ItemName><ManufacturerName>לא ידוע</ManufacturerName><ManufactureCountry>ישראל</ManufactureCountry><ManufacturerItemDescription>מלפפון במלח 10-12  3</ManufacturerItemDescription><SoldByWeight/><Quantity>320.00</Quantity><UnitOfMeasure>גרם     </UnitOfMeasure><QtyInPackage>לא ידוע</QtyInPackage><UnitOfMeasurePrice>0.0203</UnitOfMeasurePrice><AllowDiscount>1</AllowDiscount><ItemStatus>1</ItemStatus><ItemPrice>6.50</ItemPrice></item><item><PriceUpdateDate>2016-05-01 21:46:03</PriceUpdateDate><ItemCode>7290000422794</ItemCode><ItemType>1</ItemType><ItemName>מלפפון 13-17 במלח  3</ItemName><ManufacturerName>בית השיטה</ManufacturerName><ManufactureCountry>ישראל</ManufactureCountry><ManufacturerItemDescription>מלפפון 13-17 במלח  3</ManufacturerItemDescription><SoldByWeight/><Quantity>320.00</Quantity><UnitOfMeasure>גרם     </UnitOfMeasure><QtyInPackage>לא ידוע</QtyInPackage><UnitOfMeasurePrice>0.0334</UnitOfMeasurePrice><AllowDiscount>1</AllowDiscount><ItemStatus>1</ItemStatus><ItemPrice>10.70</ItemPrice></item><item><PriceUpdateDate>2015-10-11 18:10:32</PriceUpdateDate><ItemCode>7290000422800</ItemCode><ItemType>1</ItemType><ItemName>מלפפון 18-25 במלח 56</ItemName><ManufacturerName>בית השיטה</ManufacturerName><ManufactureCountry>ישראל</ManufactureCountry><ManufacturerItemDescription>מלפפון 18-25 במלח 56</ManufacturerItemDescription><SoldByWeight/><Quantity>560.00</Quantity><UnitOfMeasure>גרם     </UnitOfMeasure><QtyInPackage>לא ידוע</QtyInPackage><UnitOfMeasurePrice>0.0229</UnitOfMeasurePrice><AllowDiscount>1</AllowDiscount><ItemStatus>1</ItemStatus><ItemPrice>12.80</ItemPrice></item><item><PriceUpdateDate>2016-05-30 22:02:05</PriceUpdateDate><ItemCode>7290000422848</ItemCode><ItemType>1</ItemType><ItemName>מלפפון 7-9 בחומץ 560</ItemName><ManufacturerName>בית השיטה</ManufacturerName><ManufactureCountry>ישראל</ManufactureCountry><ManufacturerItemDescription>מלפפון 7-9 בחומץ 560</ManufacturerItemDescription><SoldByWeight/><Quantity>560.00</Quantity><UnitOfMeasure>גרם     </UnitOfMeasure><QtyInPackage>לא ידוע</QtyInPackage><UnitOfMeasurePrice>0.0105</UnitOfMeasurePrice><AllowDiscount>1</AllowDiscount><ItemStatus>1</ItemStatus><ItemPrice>5.90</ItemPrice></item><item><PriceUpdateDate>2016-05-30 22:02:05</PriceUpdateDate><ItemCode>7290000422855</ItemCode><ItemType>1</ItemType><ItemName>מלפפון 12 10חומץ גלע</ItemName><ManufacturerName>אסם</ManufacturerName><ManufactureCountry>ישראל</ManufactureCountry><ManufacturerItemDescription>מלפפון 12 10חומץ גלע</ManufacturerItemDescription><SoldByWeight/><Quantity>290.00</Quantity><UnitOfMeasure>גרם     </UnitOfMeasure><QtyInPackage>לא ידוע</QtyInPackage><UnitOfMeasurePrice>0.0224</UnitOfMeasurePrice><AllowDiscount>1</AllowDiscount><ItemStatus>1</ItemStatus><ItemPrice>6.50</ItemPrice></item><item><PriceUpdateDate>2016-04-22 15:25:38</PriceUpdateDate><ItemCode>7290000422862</ItemCode><ItemType>1</ItemType><ItemName>מלפפון 13-17 חומץ בי</ItemName><ManufacturerName>בית השיטה</ManufacturerName><ManufactureCountry>ישראל</ManufactureCountry><ManufacturerItemDescription>מלפפון 13-17 חומץ בי</ManufacturerItemDescription><SoldByWeight/><Quantity>290.00</Quantity><UnitOfMeasure>גרם     </UnitOfMeasure><QtyInPackage>לא ידוע</QtyInPackage><UnitOfMeasurePrice>0.0369</UnitOfMeasurePrice><AllowDiscount>1</AllowDiscount><ItemStatus>1</ItemStatus><ItemPrice>10.70</ItemPrice></item><item><PriceUpdateDate>2016-04-22 15:25:38</PriceUpdateDate><ItemCode>7290000422879</ItemCode><ItemType>1</ItemType><ItemName>מלפפון 18-25 בחומץ 5</ItemName><ManufacturerName>בית השיטה</ManufacturerName><ManufactureCountry>ישראל</ManufactureCountry><ManufacturerItemDescription>מלפפון 18-25 בחומץ 5</ManufacturerItemDescription><SoldByWeight/><Quantity>560.00</Quantity><UnitOfMeasure>גרם     </UnitOfMeasure><QtyInPackage>לא ידוע</QtyInPackage><UnitOfMeasurePrice>0.0229</UnitOfMeasurePrice><AllowDiscount>1</AllowDiscount><ItemStatus>1</ItemStatus><ItemPrice>12.80</ItemPrice></item><item><PriceUpdateDate>2016-05-01 21:46:03</PriceUpdateDate><ItemCode>7290000422886</ItemCode><ItemType>1</ItemType><ItemName>כרוב כבוש 600 גרם</ItemName><ManufacturerName>בית השיטה</ManufacturerName><ManufactureCountry>ישראל</ManufactureCountry><ManufacturerItemDescription>כרוב כבוש 600 גרם</ManufacturerItemDescription><SoldByWeight/><Quantity>130.00</Quantity><UnitOfMeasure>גרם     </UnitOfMeasure><QtyInPackage>לא ידוע</QtyInPackage><UnitOfMeasurePrice>0.0746</UnitOfMeasurePrice><AllowDiscount>1</AllowDiscount><ItemStatus>1</ItemStatus><ItemPrice>9.70</ItemPrice></item><item><PriceUpdateDate>2016-04-24 08:40:09</PriceUpdateDate><ItemCode>7290000422909</ItemCode><ItemType>1</ItemType><ItemName>פלפל חריף 600 גרם</ItemName><ManufacturerName>לא ממותג</ManufacturerName><ManufactureCountry>ישראל</ManufactureCountry><ManufacturerItemDescription>פלפל חריף 600 גרם</ManufacturerItemDescription><SoldByWeight/><Quantity>425.00</Quantity><UnitOfMeasure>גרם     </UnitOfMeasure><QtyInPackage>לא ידוע</QtyInPackage><UnitOfMeasurePrice>0.0191</UnitOfMeasurePrice><AllowDiscount>1</AllowDiscount><ItemStatus>1</ItemStatus><ItemPrice>8.10</ItemPrice></item><item><PriceUpdateDate>2016-02-11 09:34:57</PriceUpdateDate><ItemCode>7290000423081</ItemCode><ItemType>1</ItemType><ItemName>חלב טרה 3% בשקית 1 ל</ItemName><ManufacturerName>טרה</ManufacturerName><ManufactureCountry>ישראל</ManufactureCountry><ManufacturerItemDescription>חלב1 3% ל.שקית מהדרין פיק</ManufacturerItemDescription><SoldByWeight/><Quantity>1000.00</Quantity><UnitOfMeasure>מ"ל</UnitOfMeasure><QtyInPackage>לא ידוע</QtyInPackage><UnitOfMeasurePrice>0.0050</UnitOfMeasurePrice><AllowDiscount>1</AllowDiscount><ItemStatus>1</ItemStatus><ItemPrice>5.00</ItemPrice></item><item><PriceUpdateDate>2016-02-12 09:30:20</PriceUpdateDate><ItemCode>7290000423098</ItemCode><ItemType>1</ItemType><ItemName>חלב טרה 3% בקרטון 1</ItemName><ManufacturerName>טרה</ManufacturerName><ManufactureCountry>ישראל</ManufactureCountry><ManufacturerItemDescription>חלב1 3% ל.קרטון מהדרין פי</ManufacturerItemDescription><SoldByWeight/><Quantity>1000.00</Quantity><UnitOfMeasure>מ"ל</UnitOfMeasure><QtyInPackage>לא ידוע</QtyInPackage><UnitOfMeasurePrice>0.0058</UnitOfMeasurePrice><AllowDiscount>1</AllowDiscount><ItemStatus>1</ItemStatus><ItemPrice>5.75</ItemPrice></item><item><PriceUpdateDate>2016-02-11 09:34:57</PriceUpdateDate><ItemCode>7290000423166</ItemCode><ItemType>1</ItemType><ItemName>חמאה 100 גרם טרה</ItemName><ManufacturerName>טרה</ManufacturerName><ManufactureCountry>ישראל</ManufactureCountry><ManufacturerItemDescription>חמאה 100 גרם טרה</ManufacturerItemDescription><SoldByWeight/><Quantity>100.00</Quantity><UnitOfMeasure>גרם     </UnitOfMeasure><QtyInPackage>לא ידוע</QtyInPackage><UnitOfMeasurePrice>0.0380</UnitOfMeasurePrice><AllowDiscount>1</AllowDiscount><ItemStatus>1</ItemStatus><ItemPrice>3.80</ItemPrice></item><item><PriceUpdateDate>2016-02-11 09:34:57</PriceUpdateDate><ItemCode>7290000423180</ItemCode><ItemType>1</ItemType><ItemName>גבינה לבנה 5% טרה מה</ItemName><ManufacturerName>טרה</ManufacturerName><ManufactureCountry>ישראל</ManufactureCountry><ManufacturerItemDescription>גבינה לבנה250 5% גר  פיקו</ManufacturerItemDescription><SoldByWeight/><Quantity>250.00</Quantity><UnitOfMeasure>גרם     </UnitOfMeasure><QtyInPackage>לא ידוע</QtyInPackage><UnitOfMeasurePrice>0.0184</UnitOfMeasurePrice><AllowDiscount>1</AllowDiscount><ItemStatus>1</ItemStatus><ItemPrice>4.60</ItemPrice></item><item><PriceUpdateDate>2015-10-11 18:10:32</PriceUpdateDate><ItemCode>7290000423197</ItemCode><ItemType>1</ItemType><ItemName>גבינה טוב טעם 3% 250</ItemName><ManufacturerName>טוב טעם -גבינה</ManufacturerName><ManufactureCountry>ישראל</ManufactureCountry><ManufacturerItemDescription>גבינה טוב טעם250 3% גר</ManufacturerItemDescription><SoldByWeight/><Quantity>250.00</Quantity><UnitOfMeasure>גרם     </UnitOfMeasure><QtyInPackage>לא ידוע</QtyInPackage><UnitOfMeasurePrice>0.0468</UnitOfMeasurePrice><AllowDiscount>1</AllowDiscount><ItemStatus>1</ItemStatus><ItemPrice>11.70</ItemPrice></item><item><PriceUpdateDate>2016-05-30 22:02:05</PriceUpdateDate><ItemCode>7290000423258</ItemCode><ItemType>1</ItemType><ItemName>קוואקר בפחית 500 גרם</ItemName><ManufacturerName>קוואקר אואטס</ManufacturerName><ManufactureCountry>ישראל</ManufactureCountry><ManufacturerItemDescription>קואקר שיבולת    500גרם</ManufacturerItemDescription><SoldByWeight/><Quantity>500.00</Quantity><UnitOfMeasure>גרם     </UnitOfMeasure><QtyInPackage>לא ידוע</QtyInPackage><UnitOfMeasurePrice>0.0278</UnitOfMeasurePrice><AllowDiscount>1</AllowDiscount><ItemStatus>1</ItemStatus><ItemPrice>13.90</ItemPrice></item><item><PriceUpdateDate>2014-11-03 06:36:43</PriceUpdateDate><ItemCode>7290000423272</ItemCode><ItemType>1</ItemType><ItemName>הרמזית 750 טבליות</ItemName><ManufacturerName>הרמזית</ManufacturerName><ManufactureCountry>ישראל</ManufactureCountry><ManufacturerItemDescription>ממתיק הרמזית    ת</ManufacturerItemDescription><SoldByWeight/><Quantity>750.00</Quantity><UnitOfMeasure>יח'</UnitOfMeasure><QtyInPackage>לא ידוע</QtyInPackage><UnitOfMeasurePrice>0.0377</UnitOfMeasurePrice><AllowDiscount>1</AllowDiscount><ItemStatus>1</ItemStatus><ItemPrice>28.30</ItemPrice></item><item><PriceUpdateDate>2016-06-07 12:25:47</PriceUpdateDate><ItemCode>7290000423302</ItemCode><ItemType>1</ItemType><ItemName>קוואקר בשקית 500 גרם</ItemName><ManufacturerName>קוואקר אואטס</ManufacturerName><ManufactureCountry>ישראל</ManufactureCountry><ManufacturerItemDescription>קואקר           מינ500גר</ManufacturerItemDescription><SoldByWeight/><Quantity>500.00</Quantity><UnitOfMeasure>גרם     </UnitOfMeasure><QtyInPackage>לא ידוע</QtyInPackage><UnitOfMeasurePrice>0.0278</UnitOfMeasurePrice><AllowDiscount>1</AllowDiscount><ItemStatus>1</ItemStatus><ItemPrice>13.90</ItemPrice></item><item><PriceUpdateDate>2015-11-12 18:18:33</PriceUpdateDate><ItemCode>7290000423319</ItemCode><ItemType>1</ItemType><ItemName>רוטב צלי לבשר 290 גר</ItemName><ManufacturerName>אסם</ManufacturerName><ManufactureCountry>ישראל</ManufactureCountry><ManufacturerItemDescription>רוטב צלי בשר 22 גרם באבקה</ManufacturerItemDescription><SoldByWeight/><Quantity>290.00</Quantity><UnitOfMeasure>מ"ל</UnitOfMeasure><QtyInPackage>לא ידוע</QtyInPackage><UnitOfMeasurePrice>0.0172</UnitOfMeasurePrice><AllowDiscount>1</AllowDiscount><ItemStatus>1</ItemStatus><ItemPrice>5.00</ItemPrice></item><item><PriceUpdateDate>2015-11-12 18:18:33</PriceUpdateDate><ItemCode>7290000423326</ItemCode><ItemType>1</ItemType><ItemName>רוטב פטריות לבשר 29</ItemName><ManufacturerName>אסם</ManufacturerName><ManufactureCountry>ישראל</ManufactureCountry><ManufacturerItemDescription>רוטב פטריות לבשר 30 גרם ב</ManufacturerItemDescription><SoldByWeight/><Quantity>29.00</Quantity><UnitOfMeasure>שק'</UnitOfMeasure><QtyInPackage>לא ידוע</QtyInPackage><UnitOfMeasurePrice>0.2172</UnitOfMeasurePrice><AllowDiscount>1</AllowDiscount><ItemStatus>1</ItemStatus><ItemPrice>6.30</ItemPrice></item><item><PriceUpdateDate>2015-11-12 14:58:23</PriceUpdateDate><ItemCode>7290000423340</ItemCode><ItemType>1</ItemType><ItemName>סוכרזית פטרייה 300 ט</ItemName><ManufacturerName>סוכרלייט</ManufacturerName><ManufactureCountry>ישראל</ManufactureCountry><ManufacturerItemDescription>ממתיק סוכרזית פיטריה300טב</ManufacturerItemDescription><SoldByWeight/><Quantity>14.00</Quantity><UnitOfMeasure>גרם     </UnitOfMeasure><QtyInPackage>לא ידוע</QtyInPackage><UnitOfMeasurePrice>0.7214</UnitOfMeasurePrice><AllowDiscount>1</AllowDiscount><ItemStatus>1</ItemStatus><ItemPrice>10.10</ItemPrice></item><item><PriceUpdateDate>2015-11-12 14:58:23</PriceUpdateDate><ItemCode>7290000423364</ItemCode><ItemType>1</ItemType><ItemName>סוכרזית 1200 טבליות</ItemName><ManufacturerName>סוכרזית</ManufacturerName><ManufactureCountry>ישראל</ManufactureCountry><ManufacturerItemDescription>ממתיק סוכרזית קנקן1200טבל</ManufacturerItemDescription><SoldByWeight/><Quantity>14.00</Quantity><UnitOfMeasure>גרם     </UnitOfMeasure><QtyInPackage>לא ידוע</QtyInPackage><UnitOfMeasurePrice>1.8143</UnitOfMeasurePrice><AllowDiscount>1</AllowDiscount><ItemStatus>1</ItemStatus><ItemPrice>25.40</ItemPrice></item><item><PriceUpdateDate>2015-11-12 14:58:23</PriceUpdateDate><ItemCode>7290000423395</ItemCode><ItemType>1</ItemType><ItemName>סוכרזית 700 טבליות 5</ItemName><ManufacturerName>סוכרזית</ManufacturerName><ManufactureCountry>ישראל</ManufactureCountry><ManufacturerItemDescription>ממתיק סוכרזית פטנט700טב70</ManufacturerItemDescription><SoldByWeight/><Quantity>14.00</Quantity><UnitOfMeasure>גרם     </UnitOfMeasure><QtyInPackage>לא ידוע</QtyInPackage><UnitOfMeasurePrice>1.3786</UnitOfMeasurePrice><AllowDiscount>1</AllowDiscount><ItemStatus>1</ItemStatus><ItemPrice>19.30</ItemPrice></item><item><PriceUpdateDate>2015-11-03 08:37:35</PriceUpdateDate><ItemCode>7290000423562</ItemCode><ItemType>1</ItemType><ItemName>יין זני סגל מרלו 750</ItemName><ManufacturerName>סגל</ManufacturerName><ManufactureCountry>ישראל</ManufactureCountry><ManufacturerItemDescription>יין מרלו סגל 750  מל</ManufacturerItemDescription><SoldByWeight/><Quantity>750.00</Quantity><UnitOfMeasure>מ"ל</UnitOfMeasure><QtyInPackage>לא ידוע</QtyInPackage><UnitOfMeasurePrice>0.0376</UnitOfMeasurePrice><AllowDiscount>1</AllowDiscount><ItemStatus>1</ItemStatus><ItemPrice>28.20</ItemPrice></item><item><PriceUpdateDate>2014-11-03 06:36:36</PriceUpdateDate><ItemCode>7290000423623</ItemCode><ItemType>1</ItemType><ItemName>חלב עמיד דל שומן 1 ל</ItemName><ManufacturerName>מחלבות רמת הגולן</ManufacturerName><ManufactureCountry>ישראל</ManufactureCountry><ManufacturerItemDescription>חלב עמיד דל שומן 1 ל</ManufacturerItemDescription><SoldByWeight/><Quantity>1000.00</Quantity><UnitOfMeasure>מ"ל</UnitOfMeasure><QtyInPackage>לא ידוע</QtyInPackage><UnitOfMeasurePrice>0.0088</UnitOfMeasurePrice><AllowDiscount>1</AllowDiscount><ItemStatus>1</ItemStatus><ItemPrice>8.80</ItemPrice></item><item><PriceUpdateDate>2016-03-29 13:00:16</PriceUpdateDate><ItemCode>7290000423654</ItemCode><ItemType>1</ItemType><ItemName>מיץ סחוט תפוזים 1 לי</ItemName><ManufacturerName>פרימור</ManufacturerName><ManufactureCountry>ישראל</ManufactureCountry><ManufacturerItemDescription>מיץ סחוט תפוזים 1 ל</ManufacturerItemDescription><SoldByWeight/><Quantity>1000.00</Quantity><UnitOfMeasure>מ"ל</UnitOfMeasure><QtyInPackage>לא ידוע</QtyInPackage><UnitOfMeasurePrice>0.0152</UnitOfMeasurePrice><AllowDiscount>1</AllowDiscount><ItemStatus>1</ItemStatus><ItemPrice>15.20</ItemPrice></item><item><PriceUpdateDate>2015-11-12 18:17:42</PriceUpdateDate><ItemCode>7290000424088</ItemCode><ItemType>1</ItemType><ItemName>נקניקיות מרגז גריל ט</ItemName><ManufacturerName>טיבון ויל</ManufacturerName><ManufactureCountry>ישראל</ManufactureCountry><ManufacturerItemDescription>נקניקיות מרגז גריל 400 גר</ManufacturerItemDescription><SoldByWeight/><Quantity>400.00</Quantity><UnitOfMeasure>גרם     </UnitOfMeasure><QtyInPackage>לא ידוע</QtyInPackage><UnitOfMeasurePrice>0.0560</UnitOfMeasurePrice><AllowDiscount>1</AllowDiscount><ItemStatus>1</ItemStatus><ItemPrice>22.40</ItemPrice></item><item><PriceUpdateDate>2016-03-01 06:48:34</PriceUpdateDate><ItemCode>7290000424118</ItemCode><ItemType>1</ItemType><ItemName>מב סטייק בורגר 400 ג</ItemName><ManufacturerName>טיבון ויל</ManufacturerName><ManufactureCountry>ישראל</ManufactureCountry><ManufacturerItemDescription>סטייק בורגר בקר 400 גר</ManufacturerItemDescription><SoldByWeight/><Quantity>400.00</Quantity><UnitOfMeasure>גרם     </UnitOfMeasure><QtyInPackage>לא ידוע</QtyInPackage><UnitOfMeasurePrice>0.0472</UnitOfMeasurePrice><AllowDiscount>1</AllowDiscount><ItemStatus>1</ItemStatus><ItemPrice>18.90</ItemPrice></item><item><PriceUpdateDate>2015-10-20 16:43:01</PriceUpdateDate><ItemCode>7290000424194</ItemCode><ItemType>1</ItemType><ItemName>יוגורמה בית יצחק 850</ItemName><ManufacturerName>בית יצחק</ManufacturerName><ManufactureCountry>ישראל</ManufactureCountry><ManufacturerItemDescription>יוגורט יוגורמה מחלב כבשים</ManufacturerItemDescription><SoldByWeight/><Quantity>850.00</Quantity><UnitOfMeasure>מ"ל</UnitOfMeasure><QtyInPackage>לא ידוע</QtyInPackage><UnitOfMeasurePrice>0.0319</UnitOfMeasurePrice><AllowDiscount>1</AllowDiscount><ItemStatus>1</ItemStatus><ItemPrice>27.10</ItemPrice></item><item><PriceUpdateDate>2016-05-30 22:02:06</PriceUpdateDate><ItemCode>7290000424200</ItemCode><ItemType>1</ItemType><ItemName>מב יוגורמה כבשים 140</ItemName><ManufacturerName>יוגורמה</ManufacturerName><ManufactureCountry>ישראל</ManufactureCountry><ManufacturerItemDescription>יוגורמה יוגורט מחלב כבשים</ManufacturerItemDescription><SoldByWeight/><Quantity>140.00</Quantity><UnitOfMeasure>גרם     </UnitOfMeasure><QtyInPackage>לא ידוע</QtyInPackage><UnitOfMeasurePrice>0.0350</UnitOfMeasurePrice><AllowDiscount>1</AllowDiscount><ItemStatus>1</ItemStatus><ItemPrice>4.90</ItemPrice></item><item><PriceUpdateDate>2014-11-03 06:36:27</PriceUpdateDate><ItemCode>7290000426211</ItemCode><ItemType>1</ItemType><ItemName>חטיפי דג הנסיכה 400</ItemName><ManufacturerName>דלידג</ManufacturerName><ManufactureCountry>ישראל</ManufactureCountry><ManufacturerItemDescription>חטיפי דג הנסיכה 400</ManufacturerItemDescription><SoldByWeight/><Quantity>400.00</Quantity><UnitOfMeasure>גרם     </UnitOfMeasure><QtyInPackage>לא ידוע</QtyInPackage><UnitOfMeasurePrice>0.0490</UnitOfMeasurePrice><AllowDiscount>1</AllowDiscount><ItemStatus>1</ItemStatus><ItemPrice>19.60</ItemPrice></item><item><PriceUpdateDate>2016-05-30 22:02:06</PriceUpdateDate><ItemCode>7290000426303</ItemCode><ItemType>1</ItemType><ItemName>מב בונזו גורים 3 ק"ג</ItemName><ManufacturerName>בונזו</ManufacturerName><ManufactureCountry>ישראל</ManufactureCountry><ManufacturerItemDescription>בונזו גורים 3 קג</ManufacturerItemDescription><SoldByWeight/><Quantity>3000.00</Quantity><UnitOfMeasure>גרם     </UnitOfMeasure><QtyInPackage>לא ידוע</QtyInPackage><UnitOfMeasurePrice>0.0183</UnitOfMeasurePrice><AllowDiscount>1</AllowDiscount><ItemStatus>1</ItemStatus><ItemPrice>54.90</ItemPrice></item><item><PriceUpdateDate>2016-03-16 15:40:30</PriceUpdateDate><ItemCode>7290000426310</ItemCode><ItemType>1</ItemType><ItemName>בונזו בון 3 ק"ג</ItemName><ManufacturerName>בונזו</ManufacturerName><ManufactureCountry>ישראל</ManufactureCountry><ManufacturerItemDescription>בונזו בון 3 ק"ג</ManufacturerItemDescription><SoldByWeight/><Quantity>3000.00</Quantity><UnitOfMeasure>גרם     </UnitOfMeasure><QtyInPackage>לא ידוע</QtyInPackage><UnitOfMeasurePrice>0.0150</UnitOfMeasurePrice><AllowDiscount>1</AllowDiscount><ItemStatus>1</ItemStatus><ItemPrice>44.90</ItemPrice></item><item><PriceUpdateDate>2016-05-30 22:02:06</PriceUpdateDate><ItemCode>7290000426396</ItemCode><ItemType>1</ItemType><ItemName>לה קט דגים 2.85 ק"ג</ItemName><ManufacturerName>לה קט</ManufacturerName><ManufactureCountry>ישראל</ManufactureCountry><ManufacturerItemDescription>לה קט דגים 2.85 ק"ג</ManufacturerItemDescription><SoldByWeight/><Quantity>2850.00</Quantity><UnitOfMeasure>גרם     </UnitOfMeasure><QtyInPackage>לא ידוע</QtyInPackage><UnitOfMeasurePrice>0.0244</UnitOfMeasurePrice><AllowDiscount>1</AllowDiscount><ItemStatus>1</ItemStatus><ItemPrice>69.40</ItemPrice></item><item><PriceUpdateDate>2016-03-29 13:00:16</PriceUpdateDate><ItemCode>7290000426891</ItemCode><ItemType>1</ItemType><ItemName>מיץ סחוט תפוחים 1 לי</ItemName><ManufacturerName>פרימור</ManufacturerName><ManufactureCountry>ישראל</ManufactureCountry><ManufacturerItemDescription>מיץ תפוחים צלול 1 ל</ManufacturerItemDescription><SoldByWeight/><Quantity>1000.00</Quantity><UnitOfMeasure>מ"ל</UnitOfMeasure><QtyInPackage>לא ידוע</QtyInPackage><UnitOfMeasurePrice>0.0152</UnitOfMeasurePrice><AllowDiscount>1</AllowDiscount><ItemStatus>1</ItemStatus><ItemPrice>15.20</ItemPrice></item><item><PriceUpdateDate>2016-06-13 13:03:30</PriceUpdateDate><ItemCode>7290000426907</ItemCode><ItemType>1</ItemType><ItemName>פרימור סחוט תפוזים 2</ItemName><ManufacturerName>פרימור</ManufacturerName><ManufactureCountry>ישראל</ManufactureCountry><ManufacturerItemDescription>מיץ תפוזים סחוט2 ל</ManufacturerItemDescription><SoldByWeight/><Quantity>2000.00</Quantity><UnitOfMeasure>מ"ל</UnitOfMeasure><QtyInPackage>לא ידוע</QtyInPackage><UnitOfMeasurePrice>0.0124</UnitOfMeasurePrice><AllowDiscount>1</AllowDiscount><ItemStatus>1</ItemStatus><ItemPrice>24.90</ItemPrice></item><item><PriceUpdateDate>2016-06-13 13:03:30</PriceUpdateDate><ItemCode>7290000426914</ItemCode><ItemType>1</ItemType><ItemName>פרימור סחוט לימונענע</ItemName><ManufacturerName>פרימור</ManufacturerName><ManufactureCountry>ישראל</ManufactureCountry><ManufacturerItemDescription>מיץ לימון עם נענע 2 ל</ManufacturerItemDescription><SoldByWeight/><Quantity>2000.00</Quantity><UnitOfMeasure>מ"ל</UnitOfMeasure><QtyInPackage>לא ידוע</QtyInPackage><UnitOfMeasurePrice>0.0124</UnitOfMeasurePrice><AllowDiscount>1</AllowDiscount><ItemStatus>1</ItemStatus><ItemPrice>24.90</ItemPrice></item><item><PriceUpdateDate>2016-06-13 13:03:30</PriceUpdateDate><ItemCode>7290000426976</ItemCode><ItemType>1</ItemType><ItemName>פרימור סחוט תפוחים צ</ItemName><ManufacturerName>פרימור</ManufacturerName><ManufactureCountry>ישראל</ManufactureCountry><ManufacturerItemDescription>מיץ תפוחים צלול 2 ליטר</ManufacturerItemDescription><SoldByWeight/><Quantity>2000.00</Quantity><UnitOfMeasure>מ"ל</UnitOfMeasure><QtyInPackage>לא ידוע</QtyInPackage><UnitOfMeasurePrice>0.0124</UnitOfMeasurePrice><AllowDiscount>1</AllowDiscount><ItemStatus>1</ItemStatus><ItemPrice>24.90</ItemPrice></item><item><PriceUpdateDate>2016-05-30 22:02:06</PriceUpdateDate><ItemCode>7290000427119</ItemCode><ItemType>1</ItemType><ItemName>מג'יק ארוחת אטריות ט</ItemName><ManufacturerName>מג'יק</ManufacturerName><ManufactureCountry>ישראל</ManufactureCountry><ManufacturerItemDescription>תבשילמגיק בכוס אטריות+תיר</ManufacturerItemDescription><SoldByWeight/><Quantity>14.00</Quantity><UnitOfMeasure>גרם     </UnitOfMeasure><QtyInPackage>לא ידוע</QtyInPackage><UnitOfMeasurePrice>0.4857</UnitOfMeasurePrice><AllowDiscount>1</AllowDiscount><ItemStatus>1</ItemStatus><ItemPrice>6.80</ItemPrice></item><item><PriceUpdateDate>2015-11-12 18:17:42</PriceUpdateDate><ItemCode>7290000427126</ItemCode><ItemType>1</ItemType><ItemName>שומן כבש 200 גרם</ItemName><ManufacturerName>טיבון ויל</ManufacturerName><ManufactureCountry>ישראל</ManufactureCountry><ManufacturerItemDescription>שומן כבש 200 גרם</ManufacturerItemDescription><SoldByWeight/><Quantity>1000.00</Quantity><UnitOfMeasure>קג</UnitOfMeasure><QtyInPackage>לא ידוע</QtyInPackage><UnitOfMeasurePrice>0.0242</UnitOfMeasurePrice><AllowDiscount>1</AllowDiscount><ItemStatus>1</ItemStatus><ItemPrice>24.20</ItemPrice></item><item><PriceUpdateDate>2016-03-16 15:40:30</PriceUpdateDate><ItemCode>7290000427287</ItemCode><ItemType>1</ItemType><ItemName>גולש עגל קפוא 800 גר</ItemName><ManufacturerName>טיבון ויל</ManufacturerName><ManufactureCountry>ישראל</ManufactureCountry><ManufacturerItemDescription>גולש עגל 800 גרם</ManufacturerItemDescription><SoldByWeight/><Quantity>800.00</Quantity><UnitOfMeasure>גרם     </UnitOfMeasure><QtyInPackage>לא ידוע</QtyInPackage><UnitOfMeasurePrice>0.0624</UnitOfMeasurePrice><AllowDiscount>1</AllowDiscount><ItemStatus>1</ItemStatus><ItemPrice>49.90</ItemPrice></item><item><PriceUpdateDate>2015-11-10 13:38:19</PriceUpdateDate><ItemCode>7290000427966</ItemCode><ItemType>1</ItemType><ItemName>תחליף חלב דייסלה  1N</ItemName><ManufacturerName>לא ידוע</ManufacturerName><ManufactureCountry>ישראל</ManufactureCountry><ManufacturerItemDescription>תחליף חלב דייסלה  1N</ManufacturerItemDescription><SoldByWeight/><Quantity>300.00</Quantity><UnitOfMeasure>גרם     </UnitOfMeasure><QtyInPackage>לא ידוע</QtyInPackage><UnitOfMeasurePrice>0.0857</UnitOfMeasurePrice><AllowDiscount>1</AllowDiscount><ItemStatus>1</ItemStatus><ItemPrice>25.70</ItemPrice></item><item><PriceUpdateDate>2014-11-03 06:37:52</PriceUpdateDate><ItemCode>7290000428222</ItemCode><ItemType>1</ItemType><ItemName>בייבי 900 גרם</ItemName><ManufacturerName>פילסברי</ManufacturerName><ManufactureCountry>ישראל</ManufactureCountry><ManufacturerItemDescription>בייבי 900 גרם</ManufacturerItemDescription><SoldByWeight/><Quantity>1000.00</Quantity><UnitOfMeasure>קג</UnitOfMeasure><QtyInPackage>לא ידוע</QtyInPackage><UnitOfMeasurePrice>0.0546</UnitOfMeasurePrice><AllowDiscount>1</AllowDiscount><ItemStatus>1</ItemStatus><ItemPrice>54.60</ItemPrice></item><item><PriceUpdateDate>2014-11-03 06:37:52</PriceUpdateDate><ItemCode>7290000428239</ItemCode><ItemType>1</ItemType><ItemName>בייבי ריבת חלב 900 ג</ItemName><ManufacturerName>פילסברי</ManufacturerName><ManufactureCountry>ישראל</ManufactureCountry><ManufacturerItemDescription>בייבי ריבת חלב 900 ג</ManufacturerItemDescription><SoldByWeight/><Quantity>1000.00</Quantity><UnitOfMeasure>קג</UnitOfMeasure><QtyInPackage>לא ידוע</QtyInPackage><UnitOfMeasurePrice>0.0546</UnitOfMeasurePrice><AllowDiscount>1</AllowDiscount><ItemStatus>1</ItemStatus><ItemPrice>54.60</ItemPrice></item><item><PriceUpdateDate>2014-11-03 06:37:52</PriceUpdateDate><ItemCode>7290000428246</ItemCode><ItemType>1</ItemType><ItemName>רולדה גבינה אוכמניות</ItemName><ManufacturerName>פילסברי</ManufacturerName><ManufactureCountry>ישראל</ManufactureCountry><ManufacturerItemDescription>רולדה גבינה אוכמניות</ManufacturerItemDescription><SoldByWeight/><Quantity>1000.00</Quantity><UnitOfMeasure>ק"ג     </UnitOfMeasure><QtyInPackage>לא ידוע</QtyInPackage><UnitOfMeasurePrice>0.0458</UnitOfMeasurePrice><AllowDiscount>1</AllowDiscount><ItemStatus>1</ItemStatus><ItemPrice>45.80</ItemPrice></item><item><PriceUpdateDate>2014-11-03 06:37:52</PriceUpdateDate><ItemCode>7290000428291</ItemCode><ItemType>1</ItemType><ItemName>רולדת ריבת חלב</ItemName><ManufacturerName>פילסברי</ManufacturerName><ManufactureCountry>ישראל</ManufactureCountry><ManufacturerItemDescription>רולדת ריבת חלב</ManufacturerItemDescription><SoldByWeight/><Quantity>1000.00</Quantity><UnitOfMeasure>ק"ג     </UnitOfMeasure><QtyInPackage>לא ידוע</QtyInPackage><UnitOfMeasurePrice>0.0428</UnitOfMeasurePrice><AllowDiscount>1</AllowDiscount><ItemStatus>1</ItemStatus><ItemPrice>42.80</ItemPrice></item><item><PriceUpdateDate>2015-11-10 09:55:11</PriceUpdateDate><ItemCode>7290000428314</ItemCode><ItemType>1</ItemType><ItemName>עוגת סבתא שוקולד 800</ItemName><ManufacturerName>פילסברי</ManufacturerName><ManufactureCountry>ישראל</ManufactureCountry><ManufacturerItemDescription>עוגת סבתא שוקולד 800</ManufacturerItemDescription><SoldByWeight/><Quantity>1000.00</Quantity><UnitOfMeasure>ק"ג     </UnitOfMeasure><QtyInPackage>לא ידוע</QtyInPackage><UnitOfMeasurePrice>0.0269</UnitOfMeasurePrice><AllowDiscount>1</AllowDiscount><ItemStatus>1</ItemStatus><ItemPrice>26.90</ItemPrice></item><item><PriceUpdateDate>2014-11-03 06:37:52</PriceUpdateDate><ItemCode>7290000428338</ItemCode><ItemType>1</ItemType><ItemName>עוגת שמרים שוקולד 50</ItemName><ManufacturerName>פילסברי</ManufacturerName><ManufactureCountry>ישראל</ManufactureCountry><ManufacturerItemDescription>עוגת שמרים שוקולד 50</ManufacturerItemDescription><SoldByWeight/><Quantity>1000.00</Quantity><UnitOfMeasure>ק"ג     </UnitOfMeasure><QtyInPackage>לא ידוע</QtyInPackage><UnitOfMeasurePrice>0.0198</UnitOfMeasurePrice><AllowDiscount>1</AllowDiscount><ItemStatus>1</ItemStatus><ItemPrice>19.80</ItemPrice></item><item><PriceUpdateDate>2015-10-06 12:10:16</PriceUpdateDate><ItemCode>7290000428345</ItemCode><ItemType>1</ItemType><ItemName>עוגת שמרים אגוזים 50</ItemName><ManufacturerName>פילסברי</ManufacturerName><ManufactureCountry>ישראל</ManufactureCountry><ManufacturerItemDescription>עוגת שמרים אגוזים 50</ManufacturerItemDescription><SoldByWeight/><Quantity>1000.00</Quantity><UnitOfMeasure>ק"ג     </UnitOfMeasure><QtyInPackage>לא ידוע</QtyInPackage><UnitOfMeasurePrice>0.0198</UnitOfMeasurePrice><AllowDiscount>1</AllowDiscount><ItemStatus>1</ItemStatus><ItemPrice>19.80</ItemPrice></item><item><PriceUpdateDate>2015-10-06 12:10:16</PriceUpdateDate><ItemCode>7290000428352</ItemCode><ItemType>1</ItemType><ItemName>עוגת שמרים קינמון 50</ItemName><ManufacturerName>פילסברי</ManufacturerName><ManufactureCountry>ישראל</ManufactureCountry><ManufacturerItemDescription>עוגת שמרים קינמון 50</ManufacturerItemDescription><SoldByWeight/><Quantity>1000.00</Quantity><UnitOfMeasure>ק"ג     </UnitOfMeasure><QtyInPackage>לא ידוע</QtyInPackage><UnitOfMeasurePrice>0.0198</UnitOfMeasurePrice><AllowDiscount>1</AllowDiscount><ItemStatus>1</ItemStatus><ItemPrice>19.80</ItemPrice></item><item><PriceUpdateDate>2015-10-20 09:04:42</PriceUpdateDate><ItemCode>7290000428475</ItemCode><ItemType>1</ItemType><ItemName>חלה עגולה פילסברי מת</ItemName><ManufacturerName>פילסברי</ManufacturerName><ManufactureCountry>ישראל</ManufactureCountry><ManufacturerItemDescription>חלת חג חצי אפויה</ManufacturerItemDescription><SoldByWeight/><Quantity>1000.00</Quantity><UnitOfMeasure>ק"ג     </UnitOfMeasure><QtyInPackage>לא ידוע</QtyInPackage><UnitOfMeasurePrice>0.0135</UnitOfMeasurePrice><AllowDiscount>1</AllowDiscount><ItemStatus>1</ItemStatus><ItemPrice>13.50</ItemPrice></item><item><PriceUpdateDate>2015-10-11 18:10:32</PriceUpdateDate><ItemCode>7290000428505</ItemCode><ItemType>1</ItemType><ItemName>אריסה מרוקאית ביטון</ItemName><ManufacturerName>תבליני ביטון יוחאי</ManufacturerName><ManufactureCountry>ישראל</ManufactureCountry><ManufacturerItemDescription>אריסה מרוקאית 250 גרם</ManufacturerItemDescription><SoldByWeight/><Quantity>250.00</Quantity><UnitOfMeasure>גרם     </UnitOfMeasure><QtyInPackage>לא ידוע</QtyInPackage><UnitOfMeasurePrice>0.0648</UnitOfMeasurePrice><AllowDiscount>1</AllowDiscount><ItemStatus>1</ItemStatus><ItemPrice>16.20</ItemPrice></item><item><PriceUpdateDate>2015-10-21 14:06:43</PriceUpdateDate><ItemCode>7290000428512</ItemCode><ItemType>1</ItemType><ItemName>גבינת שמנת 5% טבעי 2</ItemName><ManufacturerName>טרה</ManufacturerName><ManufactureCountry>ישראל</ManufactureCountry><ManufacturerItemDescription>גבינת שמנת 200 5% גרם</ManufacturerItemDescription><SoldByWeight/><Quantity>200.00</Quantity><UnitOfMeasure>גרם     </UnitOfMeasure><QtyInPackage>לא ידוע</QtyInPackage><UnitOfMeasurePrice>0.0590</UnitOfMeasurePrice><AllowDiscount>1</AllowDiscount><ItemStatus>1</ItemStatus><ItemPrice>11.80</ItemPrice></item><item><PriceUpdateDate>2015-10-11 18:10:32</PriceUpdateDate><ItemCode>7290000428680</ItemCode><ItemType>1</ItemType><ItemName>קוקה קולה 0.5 ליטר.</ItemName><ManufacturerName>קוקה קולה</ManufacturerName><ManufactureCountry>ישראל</ManufactureCountry><ManufacturerItemDescription>קוקה קולה500 מל</ManufacturerItemDescription><SoldByWeight/><Quantity>500.00</Quantity><UnitOfMeasure>מ"ל</UnitOfMeasure><QtyInPackage>לא ידוע</QtyInPackage><UnitOfMeasurePrice>0.0146</UnitOfMeasurePrice><AllowDiscount>1</AllowDiscount><ItemStatus>1</ItemStatus><ItemPrice>7.30</ItemPrice></item><item><PriceUpdateDate>2015-10-11 18:10:32</PriceUpdateDate><ItemCode>7290000428703</ItemCode><ItemType>1</ItemType><ItemName>פאנטה אורנג' 5 0 ליט</ItemName><ManufacturerName>פאנטה אורנג</ManufacturerName><ManufactureCountry>ישראל</ManufactureCountry><ManufacturerItemDescription>פאנטה אורנג 500 בקבוק</ManufacturerItemDescription><SoldByWeight/><Quantity>500.00</Quantity><UnitOfMeasure>מ"ל</UnitOfMeasure><QtyInPackage>לא ידוע</QtyInPackage><UnitOfMeasurePrice>0.0146</UnitOfMeasurePrice><AllowDiscount>1</AllowDiscount><ItemStatus>1</ItemStatus><ItemPrice>7.30</ItemPrice></item><item><PriceUpdateDate>2015-10-11 18:10:32</PriceUpdateDate><ItemCode>7290000428710</ItemCode><ItemType>1</ItemType><ItemName>קוקה קולה דיאט 0.5 ל</ItemName><ManufacturerName>דיאט קוקה קולה</ManufacturerName><ManufactureCountry>ישראל</ManufactureCountry><ManufacturerItemDescription>קוקה קולה דיאט500 מל</ManufacturerItemDescription><SoldByWeight/><Quantity>500.00</Quantity><UnitOfMeasure>מ"ל</UnitOfMeasure><QtyInPackage>לא ידוע</QtyInPackage><UnitOfMeasurePrice>0.0146</UnitOfMeasurePrice><AllowDiscount>1</AllowDiscount><ItemStatus>1</ItemStatus><ItemPrice>7.30</ItemPrice></item><item><PriceUpdateDate>2015-10-20 16:11:22</PriceUpdateDate><ItemCode>7290000428901</ItemCode><ItemType>1</ItemType><ItemName>בירה טובורג רד בקבוק</ItemName><ManufacturerName>טובורג רד</ManufacturerName><ManufactureCountry>ישראל</ManufactureCountry><ManufacturerItemDescription>בירה טובורג רד בקבוק</ManufacturerItemDescription><SoldByWeight/><Quantity>1980.00</Quantity><UnitOfMeasure>מ"ל</UnitOfMeasure><QtyInPackage>לא ידוע</QtyInPackage><UnitOfMeasurePrice>0.0252</UnitOfMeasurePrice><AllowDiscount>1</AllowDiscount><ItemStatus>1</ItemStatus><ItemPrice>49.90</ItemPrice></item><item><PriceUpdateDate>2016-05-01 21:46:04</PriceUpdateDate><ItemCode>7290000428949</ItemCode><ItemType>1</ItemType><ItemName>ממרח פרה שוקולד 500</ItemName><ManufacturerName>פרה</ManufacturerName><ManufactureCountry>ישראל</ManufactureCountry><ManufacturerItemDescription>ממרח שוקולד פרה 500 גר</ManufacturerItemDescription><SoldByWeight/><Quantity>500.00</Quantity><UnitOfMeasure>גרם     </UnitOfMeasure><QtyInPackage>לא ידוע</QtyInPackage><UnitOfMeasurePrice>0.0278</UnitOfMeasurePrice><AllowDiscount>1</AllowDiscount><ItemStatus>1</ItemStatus><ItemPrice>13.90</ItemPrice></item><item><PriceUpdateDate>2016-02-16 15:55:39</PriceUpdateDate><ItemCode>7290000428956</ItemCode><ItemType>1</ItemType><ItemName>שוקולד פרה עדשים 100</ItemName><ManufacturerName>פרה</ManufacturerName><ManufactureCountry>ישראל</ManufactureCountry><ManufacturerItemDescription>שוקולד פרה עדשים 100 גר</ManufacturerItemDescription><SoldByWeight/><Quantity>100.00</Quantity><UnitOfMeasure>גרם     </UnitOfMeasure><QtyInPackage>לא ידוע</QtyInPackage><UnitOfMeasurePrice>0.0690</UnitOfMeasurePrice><AllowDiscount>0</AllowDiscount><ItemStatus>1</ItemStatus><ItemPrice>6.90</ItemPrice></item><item><PriceUpdateDate>2016-02-18 10:31:52</PriceUpdateDate><ItemCode>7290000429014</ItemCode><ItemType>1</ItemType><ItemName>טופי מזל וברכות 850</ItemName><ManufacturerName>עלית</ManufacturerName><ManufactureCountry>ישראל</ManufactureCountry><ManufacturerItemDescription>טופי מזל וברכות 850 ג</ManufacturerItemDescription><SoldByWeight/><Quantity>850.00</Quantity><UnitOfMeasure>גרם     </UnitOfMeasure><QtyInPackage>לא ידוע</QtyInPackage><UnitOfMeasurePrice>0.0222</UnitOfMeasurePrice><AllowDiscount>1</AllowDiscount><ItemStatus>1</ItemStatus><ItemPrice>18.90</ItemPrice></item><item><PriceUpdateDate>2015-10-11 18:10:33</PriceUpdateDate><ItemCode>7290000429021</ItemCode><ItemType>1</ItemType><ItemName>צ'יטוס פיצה 60 גרם</ItemName><ManufacturerName>צ'יטוס</ManufacturerName><ManufactureCountry>ישראל</ManufactureCountry><ManufacturerItemDescription>צ'יטוס פיצה 60 גרם</ManufacturerItemDescription><SoldByWeight/><Quantity>14.00</Quantity><UnitOfMeasure>גרם     </UnitOfMeasure><QtyInPackage>לא ידוע</QtyInPackage><UnitOfMeasurePrice>0.3071</UnitOfMeasurePrice><AllowDiscount>1</AllowDiscount><ItemStatus>1</ItemStatus><ItemPrice>4.30</ItemPrice></item><item><PriceUpdateDate>2016-03-29 13:00:16</PriceUpdateDate><ItemCode>7290000429045</ItemCode><ItemType>1</ItemType><ItemName>מארז חטיף צ'יטוס כאפ</ItemName><ManufacturerName>צ'יטוס</ManufacturerName><ManufactureCountry>ישראל</ManufactureCountry><ManufacturerItemDescription>מארז חטיף צ'יטוס כאפ</ManufacturerItemDescription><SoldByWeight/><Quantity>150.00</Quantity><UnitOfMeasure>גרם     </UnitOfMeasure><QtyInPackage>לא ידוע</QtyInPackage><UnitOfMeasurePrice>0.0867</UnitOfMeasurePrice><AllowDiscount>1</AllowDiscount><ItemStatus>1</ItemStatus><ItemPrice>13.00</ItemPrice></item><item><PriceUpdateDate>2015-10-11 18:10:33</PriceUpdateDate><ItemCode>7290000429052</ItemCode><ItemType>1</ItemType><ItemName>צ'יטוס כאפה קטשופ 55</ItemName><ManufacturerName>צ'יטוס</ManufacturerName><ManufactureCountry>ישראל</ManufactureCountry><ManufacturerItemDescription>צ'יטוס כאפה קטשופ 55</ManufacturerItemDescription><SoldByWeight/><Quantity>14.00</Quantity><UnitOfMeasure>גרם     </UnitOfMeasure><QtyInPackage>לא ידוע</QtyInPackage><UnitOfMeasurePrice>0.3071</UnitOfMeasurePrice><AllowDiscount>1</AllowDiscount><ItemStatus>1</ItemStatus><ItemPrice>4.30</ItemPrice></item><item><PriceUpdateDate>2016-05-30 22:02:06</PriceUpdateDate><ItemCode>7290000429106</ItemCode><ItemType>1</ItemType><ItemName>מיץ פריגת אשכוליות א</ItemName><ManufacturerName>פריגת</ManufacturerName><ManufactureCountry>ישראל</ManufactureCountry><ManufacturerItemDescription>משקל פריגת פאלפ אשכוליו א</ManufacturerItemDescription><SoldByWeight/><Quantity>1500.00</Quantity><UnitOfMeasure>מ"ל</UnitOfMeasure><QtyInPackage>לא ידוע</QtyInPackage><UnitOfMeasurePrice>0.0045</UnitOfMeasurePrice><AllowDiscount>0</AllowDiscount><ItemStatus>1</ItemStatus><ItemPrice>6.80</ItemPrice></item><item><PriceUpdateDate>2016-03-29 13:00:16</PriceUpdateDate><ItemCode>7290000429892</ItemCode><ItemType>1</ItemType><ItemName>גבינה צפתית מעודנת 5</ItemName><ManufacturerName>משק צוריאל</ManufacturerName><ManufactureCountry>ישראל</ManufactureCountry><ManufacturerItemDescription>צפתית מעודנת 250 5% ג</ManufacturerItemDescription><SoldByWeight/><Quantity>250.00</Quantity><UnitOfMeasure>גרם     </UnitOfMeasure><QtyInPackage>לא ידוע</QtyInPackage><UnitOfMeasurePrice>0.0768</UnitOfMeasurePrice><AllowDiscount>1</AllowDiscount><ItemStatus>1</ItemStatus><ItemPrice>19.20</ItemPrice></item><item><PriceUpdateDate>2016-05-01 21:46:04</PriceUpdateDate><ItemCode>7290000429915</ItemCode><ItemType>1</ItemType><ItemName>גבינה פטה עיזים מעוד</ItemName><ManufacturerName>משק צוריאל</ManufacturerName><ManufactureCountry>ישראל</ManufactureCountry><ManufacturerItemDescription>פטה עיזים מעודנת 200 16%</ManufacturerItemDescription><SoldByWeight/><Quantity>200.00</Quantity><UnitOfMeasure>גרם     </UnitOfMeasure><QtyInPackage>לא ידוע</QtyInPackage><UnitOfMeasurePrice>0.1260</UnitOfMeasurePrice><AllowDiscount>1</AllowDiscount><ItemStatus>1</ItemStatus><ItemPrice>25.20</ItemPrice></item><item><PriceUpdateDate>2015-10-21 14:06:43</PriceUpdateDate><ItemCode>7290000430034</ItemCode><ItemType>1</ItemType><ItemName>גבינת עיזים טבעי 5%</ItemName><ManufacturerName>משק צוריאל</ManufacturerName><ManufactureCountry>ישראל</ManufactureCountry><ManufacturerItemDescription>גבינת עיזים 5% למריחה טעם</ManufacturerItemDescription><SoldByWeight/><Quantity>250.00</Quantity><UnitOfMeasure>מ"ל</UnitOfMeasure><QtyInPackage>לא ידוע</QtyInPackage><UnitOfMeasurePrice>0.0660</UnitOfMeasurePrice><AllowDiscount>1</AllowDiscount><ItemStatus>1</ItemStatus><ItemPrice>16.50</ItemPrice></item><item><PriceUpdateDate>2015-10-21 14:06:43</PriceUpdateDate><ItemCode>7290000430164</ItemCode><ItemType>1</ItemType><ItemName>גבינת טבורוג 500 גרם</ItemName><ManufacturerName>משק צוריאל</ManufacturerName><ManufactureCountry>ישראל</ManufactureCountry><ManufacturerItemDescription>גבינת טבורוג 500 גרם</ManufacturerItemDescription><SoldByWeight/><Quantity>500.00</Quantity><UnitOfMeasure>גרם     </UnitOfMeasure><QtyInPackage>לא ידוע</QtyInPackage><UnitOfMeasurePrice>0.0508</UnitOfMeasurePrice><AllowDiscount>1</AllowDiscount><ItemStatus>1</ItemStatus><ItemPrice>25.40</ItemPrice></item><item><PriceUpdateDate>2016-05-30 22:02:06</PriceUpdateDate><ItemCode>7290000430195</ItemCode><ItemType>1</ItemType><ItemName>דבש 350 גרם</ItemName><ManufacturerName>יד מרדכי</ManufacturerName><ManufactureCountry>ישראל</ManufactureCountry><ManufacturerItemDescription>דבש דבורים טהור350 גר</ManufacturerItemDescription><SoldByWeight/><Quantity>350.00</Quantity><UnitOfMeasure>גרם     </UnitOfMeasure><QtyInPackage>לא ידוע</QtyInPackage><UnitOfMeasurePrice>0.0540</UnitOfMeasurePrice><AllowDiscount>1</AllowDiscount><ItemStatus>1</ItemStatus><ItemPrice>18.90</ItemPrice></item><item><PriceUpdateDate>2016-02-16 15:21:12</PriceUpdateDate><ItemCode>7290000430201</ItemCode><ItemType>1</ItemType><ItemName>דבש 500 גרם</ItemName><ManufacturerName>יד מרדכי</ManufacturerName><ManufactureCountry>ישראל</ManufactureCountry><ManufacturerItemDescription>דבש דבורים טהור500 גר</ManufacturerItemDescription><SoldByWeight/><Quantity>500.00</Quantity><UnitOfMeasure>גרם     </UnitOfMeasure><QtyInPackage>לא ידוע</QtyInPackage><UnitOfMeasurePrice>0.0598</UnitOfMeasurePrice><AllowDiscount>1</AllowDiscount><ItemStatus>1</ItemStatus><ItemPrice>29.90</ItemPrice></item><item><PriceUpdateDate>2015-10-21 13:56:09</PriceUpdateDate><ItemCode>7290000430218</ItemCode><ItemType>1</ItemType><ItemName>דבש 1 ק"ג</ItemName><ManufacturerName>יד מרדכי</ManufacturerName><ManufactureCountry>ישראל</ManufactureCountry><ManufacturerItemDescription>דבש 1 ק"ג</ManufacturerItemDescription><SoldByWeight/><Quantity>1000.00</Quantity><UnitOfMeasure>גרם     </UnitOfMeasure><QtyInPackage>לא ידוע</QtyInPackage><UnitOfMeasurePrice>0.0555</UnitOfMeasurePrice><AllowDiscount>1</AllowDiscount><ItemStatus>1</ItemStatus><ItemPrice>55.50</ItemPrice></item><item><PriceUpdateDate>2016-05-30 22:02:06</PriceUpdateDate><ItemCode>7290000430553</ItemCode><ItemType>1</ItemType><ItemName>שום דורות בצנצנת 200</ItemName><ManufacturerName>דורות</ManufacturerName><ManufactureCountry>ישראל</ManufactureCountry><ManufacturerItemDescription>שום כתוש דורות בצנצנת 200</ManufacturerItemDescription><SoldByWeight/><Quantity>200.00</Quantity><UnitOfMeasure>גרם     </UnitOfMeasure><QtyInPackage>לא ידוע</QtyInPackage><UnitOfMeasurePrice>0.0675</UnitOfMeasurePrice><AllowDiscount>1</AllowDiscount><ItemStatus>1</ItemStatus><ItemPrice>13.50</ItemPrice></item><item><PriceUpdateDate>2016-05-01 21:46:04</PriceUpdateDate><ItemCode>7290000430577</ItemCode><ItemType>1</ItemType><ItemName>קוביות שום טרי במגשי</ItemName><ManufacturerName>דורות</ManufacturerName><ManufactureCountry>ישראל</ManufactureCountry><ManufacturerItemDescription>שום כתוש מגשית 80 גר</ManufacturerItemDescription><SoldByWeight/><Quantity>80.00</Quantity><UnitOfMeasure>גרם     </UnitOfMeasure><QtyInPackage>לא ידוע</QtyInPackage><UnitOfMeasurePrice>0.1613</UnitOfMeasurePrice><AllowDiscount>1</AllowDiscount><ItemStatus>1</ItemStatus><ItemPrice>12.90</ItemPrice></item><item><PriceUpdateDate>2016-05-01 21:46:04</PriceUpdateDate><ItemCode>7290000430584</ItemCode><ItemType>1</ItemType><ItemName>בזיליקום טרי קצוץ 70</ItemName><ManufacturerName>דורות</ManufacturerName><ManufactureCountry>ישראל</ManufactureCountry><ManufacturerItemDescription>בזיליקום קצוץ 70 גר מגשית</ManufacturerItemDescription><SoldByWeight/><Quantity>14.00</Quantity><UnitOfMeasure>גרם     </UnitOfMeasure><QtyInPackage>לא ידוע</QtyInPackage><UnitOfMeasurePrice>0.8214</UnitOfMeasurePrice><AllowDiscount>1</AllowDiscount><ItemStatus>1</ItemStatus><ItemPrice>11.50</ItemPrice></item><item><PriceUpdateDate>2016-05-01 21:46:04</PriceUpdateDate><ItemCode>7290000430591</ItemCode><ItemType>1</ItemType><ItemName>פטרוזיליה טרייה קצוצ</ItemName><ManufacturerName>דורות</ManufacturerName><ManufactureCountry>ישראל</ManufactureCountry><ManufacturerItemDescription>פטרוזיליה טרייה קצוצה 70</ManufacturerItemDescription><SoldByWeight/><Quantity>14.00</Quantity><UnitOfMeasure>גרם     </UnitOfMeasure><QtyInPackage>לא ידוע</QtyInPackage><UnitOfMeasurePrice>0.8214</UnitOfMeasurePrice><AllowDiscount>1</AllowDiscount><ItemStatus>1</ItemStatus><ItemPrice>11.50</ItemPrice></item><item><PriceUpdateDate>2016-05-01 21:46:04</PriceUpdateDate><ItemCode>7290000430614</ItemCode><ItemType>1</ItemType><ItemName>כוסברה טרייה קצוצה 7</ItemName><ManufacturerName>דורות</ManufacturerName><ManufactureCountry>ישראל</ManufactureCountry><ManufacturerItemDescription>כוסברה טריה קצוצה</ManufacturerItemDescription><SoldByWeight/><Quantity>14.00</Quantity><UnitOfMeasure>גרם     </UnitOfMeasure><QtyInPackage>לא ידוע</QtyInPackage><UnitOfMeasurePrice>0.8214</UnitOfMeasurePrice><AllowDiscount>1</AllowDiscount><ItemStatus>1</ItemStatus><ItemPrice>11.50</ItemPrice></item><item><PriceUpdateDate>2016-03-16 15:40:30</PriceUpdateDate><ItemCode>7290000431253</ItemCode><ItemType>1</ItemType><ItemName>בצק עלים 1 ק"ג</ItemName><ManufacturerName>שלושת האופים</ManufacturerName><ManufactureCountry>ישראל</ManufactureCountry><ManufacturerItemDescription>בצק עלים מרודד 1 קג</ManufacturerItemDescription><SoldByWeight/><Quantity>1000.00</Quantity><UnitOfMeasure>גרם     </UnitOfMeasure><QtyInPackage>לא ידוע</QtyInPackage><UnitOfMeasurePrice>0.0199</UnitOfMeasurePrice><AllowDiscount>1</AllowDiscount><ItemStatus>1</ItemStatus><ItemPrice>19.90</ItemPrice></item><item><PriceUpdateDate>2015-11-12 18:17:53</PriceUpdateDate><ItemCode>7290000431284</ItemCode><ItemType>1</ItemType><ItemName>ג'חנון 900 גרם</ItemName><ManufacturerName>שלושת האופים</ManufacturerName><ManufactureCountry>ישראל</ManufactureCountry><ManufacturerItemDescription>ג'חנון 900 גרם</ManufacturerItemDescription><SoldByWeight/><Quantity>900.00</Quantity><UnitOfMeasure>גרם     </UnitOfMeasure><QtyInPackage>לא ידוע</QtyInPackage><UnitOfMeasurePrice>0.0253</UnitOfMeasurePrice><AllowDiscount>1</AllowDiscount><ItemStatus>1</ItemStatus><ItemPrice>22.80</ItemPrice></item><item><PriceUpdateDate>2016-05-30 22:02:07</PriceUpdateDate><ItemCode>7290000431291</ItemCode><ItemType>1</ItemType><ItemName>מב מיני בורקס גבינה</ItemName><ManufacturerName>שלושת האופים</ManufacturerName><ManufactureCountry>ישראל</ManufactureCountry><ManufacturerItemDescription>מיני בורקס קוקטייל גבינה</ManufacturerItemDescription><SoldByWeight/><Quantity>700.00</Quantity><UnitOfMeasure>גרם     </UnitOfMeasure><QtyInPackage>לא ידוע</QtyInPackage><UnitOfMeasurePrice>0.0227</UnitOfMeasurePrice><AllowDiscount>1</AllowDiscount><ItemStatus>1</ItemStatus><ItemPrice>15.90</ItemPrice></item><item><PriceUpdateDate>2015-11-12 17:30:00</PriceUpdateDate><ItemCode>7290000431321</ItemCode><ItemType>1</ItemType><ItemName>מים נביעות 0.5TO GO</ItemName><ManufacturerName>נביעות</ManufacturerName><ManufactureCountry>ישראל</ManufactureCountry><ManufacturerItemDescription>נביעות1/2 ל.ספורט</ManufacturerItemDescription><SoldByWeight/><Quantity>500.00</Quantity><UnitOfMeasure>מ"ל</UnitOfMeasure><QtyInPackage>לא ידוע</QtyInPackage><UnitOfMeasurePrice>0.0106</UnitOfMeasurePrice><AllowDiscount>1</AllowDiscount><ItemStatus>1</ItemStatus><ItemPrice>5.30</ItemPrice></item><item><PriceUpdateDate>2016-03-01 06:48:35</PriceUpdateDate><ItemCode>7290000431345</ItemCode><ItemType>1</ItemType><ItemName>מים נביעות ענבים עדי</ItemName><ManufacturerName>נביעות</ManufacturerName><ManufactureCountry>ישראל</ManufactureCountry><ManufacturerItemDescription>נביעות +ענבים 1.5 ליטר</ManufacturerItemDescription><SoldByWeight/><Quantity>1500.00</Quantity><UnitOfMeasure>מ"ל</UnitOfMeasure><QtyInPackage>לא ידוע</QtyInPackage><UnitOfMeasurePrice>0.0058</UnitOfMeasurePrice><AllowDiscount>1</AllowDiscount><ItemStatus>1</ItemStatus><ItemPrice>8.70</ItemPrice></item><item><PriceUpdateDate>2016-03-01 06:48:35</PriceUpdateDate><ItemCode>7290000431376</ItemCode><ItemType>1</ItemType><ItemName>מים נביעות תפוח עדין</ItemName><ManufacturerName>נביעות</ManufacturerName><ManufactureCountry>ישראל</ManufactureCountry><ManufacturerItemDescription>נביעות +תפוח 1.5 ליטר</ManufacturerItemDescription><SoldByWeight/><Quantity>1500.00</Quantity><UnitOfMeasure>מ"ל</UnitOfMeasure><QtyInPackage>לא ידוע</QtyInPackage><UnitOfMeasurePrice>0.0058</UnitOfMeasurePrice><AllowDiscount>1</AllowDiscount><ItemStatus>1</ItemStatus><ItemPrice>8.70</ItemPrice></item><item><PriceUpdateDate>2015-10-20 17:11:32</PriceUpdateDate><ItemCode>7290000431390</ItemCode><ItemType>1</ItemType><ItemName>מים נביעות 1.5 ליטר</ItemName><ManufacturerName>נביעות</ManufacturerName><ManufactureCountry>ישראל</ManufactureCountry><ManufacturerItemDescription>נביעות1.5 ל .מים מינרלים</ManufacturerItemDescription><SoldByWeight/><Quantity>1500.00</Quantity><UnitOfMeasure>מ"ל</UnitOfMeasure><QtyInPackage>לא ידוע</QtyInPackage><UnitOfMeasurePrice>0.0028</UnitOfMeasurePrice><AllowDiscount>1</AllowDiscount><ItemStatus>1</ItemStatus><ItemPrice>4.20</ItemPrice></item><item><PriceUpdateDate>2016-03-01 06:48:35</PriceUpdateDate><ItemCode>7290000431406</ItemCode><ItemType>1</ItemType><ItemName>מיים נביעות אפרסק עד</ItemName><ManufacturerName>נביעות</ManufacturerName><ManufactureCountry>ישראל</ManufactureCountry><ManufacturerItemDescription>נביעות +אפרסק 1.5 ליטר</ManufacturerItemDescription><SoldByWeight/><Quantity>1500.00</Quantity><UnitOfMeasure>מ"ל</UnitOfMeasure><QtyInPackage>לא ידוע</QtyInPackage><UnitOfMeasurePrice>0.0058</UnitOfMeasurePrice><AllowDiscount>1</AllowDiscount><ItemStatus>1</ItemStatus><ItemPrice>8.70</ItemPrice></item><item><PriceUpdateDate>2016-05-30 22:02:07</PriceUpdateDate><ItemCode>7290000431413</ItemCode><ItemType>1</ItemType><ItemName>מים נביעות שישייה 1.</ItemName><ManufacturerName>נביעות</ManufacturerName><ManufactureCountry>ישראל</ManufactureCountry><ManufacturerItemDescription>נביעות 1.5 1/6 מים מינרלי</ManufacturerItemDescription><SoldByWeight/><Quantity>9000.00</Quantity><UnitOfMeasure>מ"ל</UnitOfMeasure><QtyInPackage>לא ידוע</QtyInPackage><UnitOfMeasurePrice>0.0015</UnitOfMeasurePrice><AllowDiscount>1</AllowDiscount><ItemStatus>1</ItemStatus><ItemPrice>13.90</ItemPrice></item><item><PriceUpdateDate>2016-05-30 22:02:07</PriceUpdateDate><ItemCode>7290000431420</ItemCode><ItemType>1</ItemType><ItemName>נביעות חצי ליטר שישי</ItemName><ManufacturerName>נביעות</ManufacturerName><ManufactureCountry>ישראל</ManufactureCountry><ManufacturerItemDescription>נביעות TO GO מל</ManufacturerItemDescription><SoldByWeight/><Quantity>3000.00</Quantity><UnitOfMeasure>מ"ל</UnitOfMeasure><QtyInPackage>לא ידוע</QtyInPackage><UnitOfMeasurePrice>0.0066</UnitOfMeasurePrice><AllowDiscount>1</AllowDiscount><ItemStatus>1</ItemStatus><ItemPrice>19.70</ItemPrice></item><item><PriceUpdateDate>2015-11-12 17:30:00</PriceUpdateDate><ItemCode>7290000431437</ItemCode><ItemType>1</ItemType><ItemName>מים נביעות TO GO שיש</ItemName><ManufacturerName>נביעות</ManufacturerName><ManufactureCountry>ישראל</ManufactureCountry><ManufacturerItemDescription>נביעות755 1/6 TO GO מל</ManufacturerItemDescription><SoldByWeight/><Quantity>4530.00</Quantity><UnitOfMeasure>מ"ל</UnitOfMeasure><QtyInPackage>לא ידוע</QtyInPackage><UnitOfMeasurePrice>0.0049</UnitOfMeasurePrice><AllowDiscount>1</AllowDiscount><ItemStatus>1</ItemStatus><ItemPrice>22.40</ItemPrice></item><item><PriceUpdateDate>2016-05-02 08:05:32</PriceUpdateDate><ItemCode>7290000431581</ItemCode><ItemType>1</ItemType><ItemName>עוגיות אוראו קרם וני</ItemName><ManufacturerName>אוראו</ManufacturerName><ManufactureCountry>ספרד</ManufactureCountry><ManufacturerItemDescription>דפי לזניה       ם</ManufacturerItemDescription><SoldByWeight/><Quantity>176.00</Quantity><UnitOfMeasure>גרם     </UnitOfMeasure><QtyInPackage>לא ידוע</QtyInPackage><UnitOfMeasurePrice>0.0506</UnitOfMeasurePrice><AllowDiscount>1</AllowDiscount><ItemStatus>1</ItemStatus><ItemPrice>8.90</ItemPrice></item><item><PriceUpdateDate>2015-11-12 16:50:33</PriceUpdateDate><ItemCode>7290000431598</ItemCode><ItemType>1</ItemType><ItemName>סרדין רוברט בשמן זית</ItemName><ManufacturerName>רוברט</ManufacturerName><ManufactureCountry>ישראל</ManufactureCountry><ManufacturerItemDescription>סרדינים בשמן זיתוברט125ג</ManufacturerItemDescription><SoldByWeight/><Quantity>85.00</Quantity><UnitOfMeasure>גרם     </UnitOfMeasure><QtyInPackage>לא ידוע</QtyInPackage><UnitOfMeasurePrice>0.1141</UnitOfMeasurePrice><AllowDiscount>1</AllowDiscount><ItemStatus>1</ItemStatus><ItemPrice>9.70</ItemPrice></item><item><PriceUpdateDate>2016-05-30 22:02:07</PriceUpdateDate><ItemCode>7290000431925</ItemCode><ItemType>1</ItemType><ItemName>שמן זית ג'השאן כתית</ItemName><ManufacturerName>ג'השאן</ManufacturerName><ManufactureCountry>ישראל</ManufactureCountry><ManufacturerItemDescription>שמן זית ג'השאן כתית</ManufacturerItemDescription><SoldByWeight/><Quantity>750.00</Quantity><UnitOfMeasure>מ"ל</UnitOfMeasure><QtyInPackage>לא ידוע</QtyInPackage><UnitOfMeasurePrice>0.0532</UnitOfMeasurePrice><AllowDiscount>1</AllowDiscount><ItemStatus>1</ItemStatus><ItemPrice>39.90</ItemPrice></item><item><PriceUpdateDate>2015-11-12 17:55:31</PriceUpdateDate><ItemCode>7290000432182</ItemCode><ItemType>1</ItemType><ItemName>נר נשמה בכוס 26 שעות</ItemName><ManufacturerName>לא ידוע</ManufacturerName><ManufactureCountry>ישראל</ManufactureCountry><ManufacturerItemDescription>נר נשמה בכוס</ManufacturerItemDescription><SoldByWeight/><Quantity>0.00</Quantity><UnitOfMeasure>יח'</UnitOfMeasure><QtyInPackage>לא ידוע</QtyInPackage><UnitOfMeasurePrice>0.0000</UnitOfMeasurePrice><AllowDiscount>1</AllowDiscount><ItemStatus>1</ItemStatus><ItemPrice>5.90</ItemPrice></item><item><PriceUpdateDate>2016-05-18 09:45:31</PriceUpdateDate><ItemCode>7290000432236</ItemCode><ItemType>1</ItemType><ItemName>מאפינס ביתי שוקו 6 י</ItemName><ManufacturerName>פילסברי</ManufacturerName><ManufactureCountry>ישראל</ManufactureCountry><ManufacturerItemDescription>מאפינס ביתי שוקו 6 י</ManufacturerItemDescription><SoldByWeight/><Quantity>1000.00</Quantity><UnitOfMeasure>ק"ג     </UnitOfMeasure><QtyInPackage>לא ידוע</QtyInPackage><UnitOfMeasurePrice>0.0199</UnitOfMeasurePrice><AllowDiscount>1</AllowDiscount><ItemStatus>1</ItemStatus><ItemPrice>19.90</ItemPrice></item><item><PriceUpdateDate>2016-05-18 09:45:31</PriceUpdateDate><ItemCode>7290000432243</ItemCode><ItemType>1</ItemType><ItemName>מאפינס שוקו ציפס 550</ItemName><ManufacturerName>פילסברי</ManufacturerName><ManufactureCountry>ישראל</ManufactureCountry><ManufacturerItemDescription>מאפינס שוקו ציפס 550</ManufacturerItemDescription><SoldByWeight/><Quantity>1000.00</Quantity><UnitOfMeasure>ק"ג     </UnitOfMeasure><QtyInPackage>לא ידוע</QtyInPackage><UnitOfMeasurePrice>0.0199</UnitOfMeasurePrice><AllowDiscount>1</AllowDiscount><ItemStatus>1</ItemStatus><ItemPrice>19.90</ItemPrice></item><item><PriceUpdateDate>2014-11-03 06:38:23</PriceUpdateDate><ItemCode>7290000432359</ItemCode><ItemType>1</ItemType><ItemName>נר שבועי</ItemName><ManufacturerName>לא ידוע</ManufacturerName><ManufactureCountry>ישראל</ManufactureCountry><ManufacturerItemDescription>נר זכרון ל 7-ימים</ManufacturerItemDescription><SoldByWeight/><Quantity>0.00</Quantity><UnitOfMeasure>יח'</UnitOfMeasure><QtyInPackage>לא ידוע</QtyInPackage><UnitOfMeasurePrice>0.0000</UnitOfMeasurePrice><AllowDiscount>1</AllowDiscount><ItemStatus>1</ItemStatus><ItemPrice>16.80</ItemPrice></item><item><PriceUpdateDate>2016-05-30 22:03:32</PriceUpdateDate><ItemCode>7290000432632</ItemCode><ItemType>1</ItemType><ItemName>נרות שבת מס' 4</ItemName><ManufacturerName>נר ציון</ManufacturerName><ManufactureCountry>ישראל</ManufactureCountry><ManufacturerItemDescription>נרות שבת מס .180-4גר</ManufacturerItemDescription><SoldByWeight/><Quantity>0.00</Quantity><UnitOfMeasure>יח'</UnitOfMeasure><QtyInPackage>לא ידוע</QtyInPackage><UnitOfMeasurePrice>0.0000</UnitOfMeasurePrice><AllowDiscount>1</AllowDiscount><ItemStatus>1</ItemStatus><ItemPrice>4.30</ItemPrice></item><item><PriceUpdateDate>2016-05-30 22:03:32</PriceUpdateDate><ItemCode>7290000432649</ItemCode><ItemType>1</ItemType><ItemName>נרות שבת מס' 6</ItemName><ManufacturerName>נר ציון</ManufacturerName><ManufactureCountry>ישראל</ManufactureCountry><ManufacturerItemDescription>נרות שבת מס .180-6גר</ManufacturerItemDescription><SoldByWeight/><Quantity>1.00</Quantity><UnitOfMeasure>יח'</UnitOfMeasure><QtyInPackage>לא ידוע</QtyInPackage><UnitOfMeasurePrice>4.3000</UnitOfMeasurePrice><AllowDiscount>1</AllowDiscount><ItemStatus>1</ItemStatus><ItemPrice>4.30</ItemPrice></item><item><PriceUpdateDate>2016-05-30 22:03:32</PriceUpdateDate><ItemCode>7290000432656</ItemCode><ItemType>1</ItemType><ItemName>נרות שבת מס' 8</ItemName><ManufacturerName>נר ציון</ManufacturerName><ManufactureCountry>ישראל</ManufactureCountry><ManufacturerItemDescription>נרות שבת מס .180-8גר</ManufacturerItemDescription><SoldByWeight/><Quantity>1.00</Quantity><UnitOfMeasure>יח'</UnitOfMeasure><QtyInPackage>לא ידוע</QtyInPackage><UnitOfMeasurePrice>4.3000</UnitOfMeasurePrice><AllowDiscount>1</AllowDiscount><ItemStatus>1</ItemStatus><ItemPrice>4.30</ItemPrice></item><item><PriceUpdateDate>2016-05-30 22:03:32</PriceUpdateDate><ItemCode>7290000432663</ItemCode><ItemType>1</ItemType><ItemName>נרות שבת מס' 10</ItemName><ManufacturerName>נר ציון</ManufacturerName><ManufactureCountry>ישראל</ManufactureCountry><ManufacturerItemDescription>נרות שבת מס .180-10גר</ManufacturerItemDescription><SoldByWeight/><Quantity>1.00</Quantity><UnitOfMeasure>יח'</UnitOfMeasure><QtyInPackage>לא ידוע</QtyInPackage><UnitOfMeasurePrice>4.3000</UnitOfMeasurePrice><AllowDiscount>1</AllowDiscount><ItemStatus>1</ItemStatus><ItemPrice>4.30</ItemPrice></item><item><PriceUpdateDate>2014-11-03 06:38:23</PriceUpdateDate><ItemCode>7290000432724</ItemCode><ItemType>1</ItemType><ItemName>מגן פמוט</ItemName><ManufacturerName>B.B.B</ManufacturerName><ManufactureCountry>ישראל</ManufactureCountry><ManufacturerItemDescription>מגן פמוט</ManufacturerItemDescription><SoldByWeight/><Quantity>1.00</Quantity><UnitOfMeasure>יח'</UnitOfMeasure><QtyInPackage>לא ידוע</QtyInPackage><UnitOfMeasurePrice>10.7000</UnitOfMeasurePrice><AllowDiscount>1</AllowDiscount><ItemStatus>1</ItemStatus><ItemPrice>10.70</ItemPrice></item><item><PriceUpdateDate>2016-05-30 22:02:07</PriceUpdateDate><ItemCode>7290000433080</ItemCode><ItemType>1</ItemType><ItemName>טונה סטארקיסט בשמן 1</ItemName><ManufacturerName>סטארקיסט</ManufacturerName><ManufactureCountry>ישראל</ManufactureCountry><ManufacturerItemDescription>טונה סטארקיסט בשמן160 גר</ManufacturerItemDescription><SoldByWeight/><Quantity>112.00</Quantity><UnitOfMeasure>גרם     </UnitOfMeasure><QtyInPackage>לא ידוע</QtyInPackage><UnitOfMeasurePrice>0.0607</UnitOfMeasurePrice><AllowDiscount>1</AllowDiscount><ItemStatus>1</ItemStatus><ItemPrice>6.80</ItemPrice></item><item><PriceUpdateDate>2016-05-30 22:02:07</PriceUpdateDate><ItemCode>7290000433097</ItemCode><ItemType>1</ItemType><ItemName>טונה סטארקיסט במים 1</ItemName><ManufacturerName>סטארקיסט</ManufacturerName><ManufactureCountry>ישראל</ManufactureCountry><ManufacturerItemDescription>טונה סטארקיסט במים160 גר</ManufacturerItemDescription><SoldByWeight/><Quantity>112.00</Quantity><UnitOfMeasure>גרם     </UnitOfMeasure><QtyInPackage>לא ידוע</QtyInPackage><UnitOfMeasurePrice>0.0607</UnitOfMeasurePrice><AllowDiscount>1</AllowDiscount><ItemStatus>1</ItemStatus><ItemPrice>6.80</ItemPrice></item><item><PriceUpdateDate>2015-10-20 17:12:38</PriceUpdateDate><ItemCode>7290000433684</ItemCode><ItemType>1</ItemType><ItemName>פפסי קולה 1.5 ליטר</ItemName><ManufacturerName>פפסי</ManufacturerName><ManufactureCountry>ישראל</ManufactureCountry><ManufacturerItemDescription>פפסי קולה 1.5  ל</ManufacturerItemDescription><SoldByWeight/><Quantity>1500.00</Quantity><UnitOfMeasure>מ"ל</UnitOfMeasure><QtyInPackage>לא ידוע</QtyInPackage><UnitOfMeasurePrice>0.0047</UnitOfMeasurePrice><AllowDiscount>0</AllowDiscount><ItemStatus>1</ItemStatus><ItemPrice>7.10</ItemPrice></item><item><PriceUpdateDate>2015-10-11 18:10:43</PriceUpdateDate><ItemCode>7290000433714</ItemCode><ItemType>1</ItemType><ItemName>סבן אפ 1.5 ליטר</ItemName><ManufacturerName>7 אפ</ManufacturerName><ManufactureCountry>ישראל</ManufactureCountry><ManufacturerItemDescription>פפסי סבנאפ 1.5  ל</ManufacturerItemDescription><SoldByWeight/><Quantity>1500.00</Quantity><UnitOfMeasure>מ"ל</UnitOfMeasure><QtyInPackage>לא ידוע</QtyInPackage><UnitOfMeasurePrice>0.0047</UnitOfMeasurePrice><AllowDiscount>1</AllowDiscount><ItemStatus>1</ItemStatus><ItemPrice>7.10</ItemPrice></item><item><PriceUpdateDate>2015-10-20 17:12:38</PriceUpdateDate><ItemCode>7290000433745</ItemCode><ItemType>1</ItemType><ItemName>מירנדה 1.5 ליטר</ItemName><ManufacturerName>מירינדה תפוז</ManufacturerName><ManufactureCountry>ישראל</ManufactureCountry><ManufacturerItemDescription>פפסי מירינדה 1.5  ל</ManufacturerItemDescription><SoldByWeight/><Quantity>1500.00</Quantity><UnitOfMeasure>מ"ל</UnitOfMeasure><QtyInPackage>לא ידוע</QtyInPackage><UnitOfMeasurePrice>0.0049</UnitOfMeasurePrice><AllowDiscount>0</AllowDiscount><ItemStatus>1</ItemStatus><ItemPrice>7.30</ItemPrice></item><item><PriceUpdateDate>2015-10-11 18:10:43</PriceUpdateDate><ItemCode>7290000433899</ItemCode><ItemType>1</ItemType><ItemName>סבן אפ דיאט 1.5 ליטר</ItemName><ManufacturerName>7 אפ דיאט</ManufacturerName><ManufactureCountry>ישראל</ManufactureCountry><ManufacturerItemDescription>פפסי סבנאפ דיאט 1.5  ל</ManufacturerItemDescription><SoldByWeight/><Quantity>1500.00</Quantity><UnitOfMeasure>מ"ל</UnitOfMeasure><QtyInPackage>לא ידוע</QtyInPackage><UnitOfMeasurePrice>0.0047</UnitOfMeasurePrice><AllowDiscount>1</AllowDiscount><ItemStatus>1</ItemStatus><ItemPrice>7.10</ItemPrice></item><item><PriceUpdateDate>2016-05-30 22:02:07</PriceUpdateDate><ItemCode>7290000433912</ItemCode><ItemType>1</ItemType><ItemName>מג'יק ארוחת אטריות ט</ItemName><ManufacturerName>מגיק</ManufacturerName><ManufactureCountry>ישראל</ManufactureCountry><ManufacturerItemDescription>תבשיל מגיק בכוס עוף 70 ג</ManufacturerItemDescription><SoldByWeight/><Quantity>14.00</Quantity><UnitOfMeasure>גרם     </UnitOfMeasure><QtyInPackage>לא ידוע</QtyInPackage><UnitOfMeasurePrice>0.4857</UnitOfMeasurePrice><AllowDiscount>1</AllowDiscount><ItemStatus>1</ItemStatus><ItemPrice>6.80</ItemPrice></item><item><PriceUpdateDate>2016-05-30 22:02:08</PriceUpdateDate><ItemCode>7290000433929</ItemCode><ItemType>1</ItemType><ItemName>מג'יק ארוחת אטריות ט</ItemName><ManufacturerName>מג'יק</ManufacturerName><ManufactureCountry>ישראל</ManufactureCountry><ManufacturerItemDescription>תבשיל מגיק בכוס בקר 70 גר</ManufacturerItemDescription><SoldByWeight/><Quantity>14.00</Quantity><UnitOfMeasure>גרם     </UnitOfMeasure><QtyInPackage>לא ידוע</QtyInPackage><UnitOfMeasurePrice>0.4857</UnitOfMeasurePrice><AllowDiscount>1</AllowDiscount><ItemStatus>1</ItemStatus><ItemPrice>6.80</ItemPrice></item><item><PriceUpdateDate>2016-05-30 22:02:08</PriceUpdateDate><ItemCode>7290000433936</ItemCode><ItemType>1</ItemType><ItemName>מג'יק ארוחת אטריות ט</ItemName><ManufacturerName>מגיק</ManufacturerName><ManufactureCountry>ישראל</ManufactureCountry><ManufacturerItemDescription>מג'יק ארוחת אטריות ט</ManufacturerItemDescription><SoldByWeight/><Quantity>14.00</Quantity><UnitOfMeasure>גרם     </UnitOfMeasure><QtyInPackage>לא ידוע</QtyInPackage><UnitOfMeasurePrice>0.4857</UnitOfMeasurePrice><AllowDiscount>1</AllowDiscount><ItemStatus>1</ItemStatus><ItemPrice>6.80</ItemPrice></item><item><PriceUpdateDate>2015-10-11 18:10:43</PriceUpdateDate><ItemCode>7290000433974</ItemCode><ItemType>1</ItemType><ItemName>פפסי מקס 1.5 ליטר</ItemName><ManufacturerName>פפסי מקס</ManufacturerName><ManufactureCountry>ישראל</ManufactureCountry><ManufacturerItemDescription>פפסי קולה מקס 1.5 ללא סוכ</ManufacturerItemDescription><SoldByWeight/><Quantity>1500.00</Quantity><UnitOfMeasure>מ"ל</UnitOfMeasure><QtyInPackage>לא ידוע</QtyInPackage><UnitOfMeasurePrice>0.0047</UnitOfMeasurePrice><AllowDiscount>0</AllowDiscount><ItemStatus>1</ItemStatus><ItemPrice>7.10</ItemPrice></item><item><PriceUpdateDate>2016-04-18 09:39:16</PriceUpdateDate><ItemCode>7290000434049</ItemCode><ItemType>1</ItemType><ItemName>מב כריות צוקולדה 750</ItemName><ManufacturerName>כריות</ManufacturerName><ManufactureCountry>ישראל</ManufactureCountry><ManufacturerItemDescription>מב כריות צוקולדה 750</ManufacturerItemDescription><SoldByWeight/><Quantity>750.00</Quantity><UnitOfMeasure>גרם     </UnitOfMeasure><QtyInPackage>לא ידוע</QtyInPackage><UnitOfMeasurePrice>0.0265</UnitOfMeasurePrice><AllowDiscount>1</AllowDiscount><ItemStatus>1</ItemStatus><ItemPrice>19.90</ItemPrice></item><item><PriceUpdateDate>2016-03-29 13:00:16</PriceUpdateDate><ItemCode>7290000434063</ItemCode><ItemType>1</ItemType><ItemName>חטיף דגנים שוגי פצפו</ItemName><ManufacturerName>שוגי</ManufacturerName><ManufactureCountry>ישראל</ManufactureCountry><ManufacturerItemDescription>חטיף דגנים פצפוצי שוקו 18</ManufacturerItemDescription><SoldByWeight/><Quantity>184.00</Quantity><UnitOfMeasure>גרם     </UnitOfMeasure><QtyInPackage>לא ידוע</QtyInPackage><UnitOfMeasurePrice>0.1217</UnitOfMeasurePrice><AllowDiscount>1</AllowDiscount><ItemStatus>1</ItemStatus><ItemPrice>22.40</ItemPrice></item><item><PriceUpdateDate>2015-11-10 09:55:12</PriceUpdateDate><ItemCode>7290000434254</ItemCode><ItemType>1</ItemType><ItemName>לחמניה קוראסול דגנים</ItemName><ManufacturerName>פילסברי</ManufacturerName><ManufactureCountry>ישראל</ManufactureCountry><ManufacturerItemDescription>לחמניה קוראסול דגנים</ManufacturerItemDescription><SoldByWeight/><Quantity>1000.00</Quantity><UnitOfMeasure>קג</UnitOfMeasure><QtyInPackage>לא ידוע</QtyInPackage><UnitOfMeasurePrice>0.0046</UnitOfMeasurePrice><AllowDiscount>1</AllowDiscount><ItemStatus>1</ItemStatus><ItemPrice>4.60</ItemPrice></item><item><PriceUpdateDate>2016-03-24 13:53:41</PriceUpdateDate><ItemCode>7290000434452</ItemCode><ItemType>1</ItemType><ItemName>סוכריות מנטוס פירות</ItemName><ManufacturerName>מנטוס</ManufacturerName><ManufactureCountry>הולנד</ManufactureCountry><ManufacturerItemDescription>סוכריות מנטוס   רות37.5ג</ManufacturerItemDescription><SoldByWeight/><Quantity>0.00</Quantity><UnitOfMeasure>יח'</UnitOfMeasure><QtyInPackage>לא ידוע</QtyInPackage><UnitOfMeasurePrice>0.0000</UnitOfMeasurePrice><AllowDiscount>1</AllowDiscount><ItemStatus>1</ItemStatus><ItemPrice>3.90</ItemPrice></item><item><PriceUpdateDate>2016-03-24 13:53:41</PriceUpdateDate><ItemCode>7290000434469</ItemCode><ItemType>1</ItemType><ItemName>סוכריות מנטוס מנטה ב</ItemName><ManufacturerName>מנטוס</ManufacturerName><ManufactureCountry>הולנד</ManufactureCountry><ManufacturerItemDescription>סוכריות מנטוס   37.5 גרם</ManufacturerItemDescription><SoldByWeight/><Quantity>0.00</Quantity><UnitOfMeasure>יח'</UnitOfMeasure><QtyInPackage>לא ידוע</QtyInPackage><UnitOfMeasurePrice>0.0000</UnitOfMeasurePrice><AllowDiscount>1</AllowDiscount><ItemStatus>1</ItemStatus><ItemPrice>3.90</ItemPrice></item><item><PriceUpdateDate>2015-12-04 11:15:28</PriceUpdateDate><ItemCode>7290000434506</ItemCode><ItemType>1</ItemType><ItemName>סוכריות טיק טק מנטה</ItemName><ManufacturerName>לא ידוע</ManufacturerName><ManufactureCountry>ישראל</ManufactureCountry><ManufacturerItemDescription>סוכריות טיק טק  16X4גר</ManufacturerItemDescription><SoldByWeight/><Quantity>0.00</Quantity><UnitOfMeasure>יח'</UnitOfMeasure><QtyInPackage>לא ידוע</QtyInPackage><UnitOfMeasurePrice>0.0000</UnitOfMeasurePrice><AllowDiscount>1</AllowDiscount><ItemStatus>1</ItemStatus><ItemPrice>11.00</ItemPrice></item><item><PriceUpdateDate>2014-11-03 06:37:31</PriceUpdateDate><ItemCode>7290000434568</ItemCode><ItemType>1</ItemType><ItemName>קישוטי עוגה 150 גרם</ItemName><ManufacturerName>ליימן חטיבת המותגים</ManufacturerName><ManufactureCountry>ישראל</ManufactureCountry><ManufacturerItemDescription>קישוטי עוגה 150 גרם</ManufacturerItemDescription><SoldByWeight/><Quantity>150.00</Quantity><UnitOfMeasure>גרם     </UnitOfMeasure><QtyInPackage>לא ידוע</QtyInPackage><UnitOfMeasurePrice>0.1020</UnitOfMeasurePrice><AllowDiscount>1</AllowDiscount><ItemStatus>1</ItemStatus><ItemPrice>15.30</ItemPrice></item><item><PriceUpdateDate>2016-05-30 22:02:08</PriceUpdateDate><ItemCode>7290000434575</ItemCode><ItemType>1</ItemType><ItemName>מב מלוואח שלושת האופ</ItemName><ManufacturerName>שלושת האופים</ManufacturerName><ManufactureCountry>ישראל</ManufactureCountry><ManufacturerItemDescription>מלאווח 700 גרם שלושת האופ</ManufacturerItemDescription><SoldByWeight/><Quantity>700.00</Quantity><UnitOfMeasure>גרם     </UnitOfMeasure><QtyInPackage>לא ידוע</QtyInPackage><UnitOfMeasurePrice>0.0170</UnitOfMeasurePrice><AllowDiscount>1</AllowDiscount><ItemStatus>1</ItemStatus><ItemPrice>11.90</ItemPrice></item><item><PriceUpdateDate>2016-02-11 09:34:57</PriceUpdateDate><ItemCode>7290000435060</ItemCode><ItemType>1</ItemType><ItemName>גבינת סקי 5% 500 גרם</ItemName><ManufacturerName>שטראוס</ManufacturerName><ManufactureCountry>ישראל</ManufactureCountry><ManufacturerItemDescription>גבינה סקי 500 5% גרם</ManufacturerItemDescription><SoldByWeight/><Quantity>500.00</Quantity><UnitOfMeasure>גרם     </UnitOfMeasure><QtyInPackage>לא ידוע</QtyInPackage><UnitOfMeasurePrice>0.0184</UnitOfMeasurePrice><AllowDiscount>0</AllowDiscount><ItemStatus>1</ItemStatus><ItemPrice>9.20</ItemPrice></item><item><PriceUpdateDate>2015-10-11 18:10:33</PriceUpdateDate><ItemCode>7290000435077</ItemCode><ItemType>1</ItemType><ItemName>דנונה טבעי 0% 200 גר</ItemName><ManufacturerName>דנונה</ManufacturerName><ManufactureCountry>ישראל</ManufactureCountry><ManufacturerItemDescription>דנונה 200 -0% גרם</ManufacturerItemDescription><SoldByWeight/><Quantity>200.00</Quantity><UnitOfMeasure>גרם     </UnitOfMeasure><QtyInPackage>לא ידוע</QtyInPackage><UnitOfMeasurePrice>0.0200</UnitOfMeasurePrice><AllowDiscount>1</AllowDiscount><ItemStatus>1</ItemStatus><ItemPrice>4.00</ItemPrice></item><item><PriceUpdateDate>2016-02-11 09:34:57</PriceUpdateDate><ItemCode>7290000435091</ItemCode><ItemType>1</ItemType><ItemName>גבינת סקי 5% 250 גרם</ItemName><ManufacturerName>שטראוס</ManufacturerName><ManufactureCountry>ישראל</ManufactureCountry><ManufacturerItemDescription>גבינה סקי 250 5% גר   .פי</ManufacturerItemDescription><SoldByWeight/><Quantity>250.00</Quantity><UnitOfMeasure>גרם     </UnitOfMeasure><QtyInPackage>לא ידוע</QtyInPackage><UnitOfMeasurePrice>0.0184</UnitOfMeasurePrice><AllowDiscount>1</AllowDiscount><ItemStatus>1</ItemStatus><ItemPrice>4.60</ItemPrice></item><item><PriceUpdateDate>2016-05-06 10:42:18</PriceUpdateDate><ItemCode>7290000435114</ItemCode><ItemType>1</ItemType><ItemName>סלט חומוס אחלה 500 ג</ItemName><ManufacturerName>אחלה</ManufacturerName><ManufactureCountry>ישראל</ManufactureCountry><ManufacturerItemDescription>סלט 500חומוס אחלה</ManufacturerItemDescription><SoldByWeight/><Quantity>500.00</Quantity><UnitOfMeasure>גרם     </UnitOfMeasure><QtyInPackage>לא ידוע</QtyInPackage><UnitOfMeasurePrice>0.0190</UnitOfMeasurePrice><AllowDiscount>1</AllowDiscount><ItemStatus>1</ItemStatus><ItemPrice>9.50</ItemPrice></item><item><PriceUpdateDate>2016-03-24 13:56:24</PriceUpdateDate><ItemCode>7290000435138</ItemCode><ItemType>1</ItemType><ItemName>סלט כרוב אדום אחלה 5</ItemName><ManufacturerName>אחלה</ManufacturerName><ManufactureCountry>ישראל</ManufactureCountry><ManufacturerItemDescription>סלט 500כרוב אדום אחלה</ManufacturerItemDescription><SoldByWeight/><Quantity>500.00</Quantity><UnitOfMeasure>גרם     </UnitOfMeasure><QtyInPackage>לא ידוע</QtyInPackage><UnitOfMeasurePrice>0.0298</UnitOfMeasurePrice><AllowDiscount>1</AllowDiscount><ItemStatus>1</ItemStatus><ItemPrice>14.90</ItemPrice></item><item><PriceUpdateDate>2016-05-01 21:46:04</PriceUpdateDate><ItemCode>7290000435169</ItemCode><ItemType>1</ItemType><ItemName>גפילטע פיש דלידג 520</ItemName><ManufacturerName>לא ממותג</ManufacturerName><ManufactureCountry>ישראל</ManufactureCountry><ManufacturerItemDescription>גפילטע פיש בצנצנת 520 גרם</ManufacturerItemDescription><SoldByWeight/><Quantity>520.00</Quantity><UnitOfMeasure>גרם     </UnitOfMeasure><QtyInPackage>לא ידוע</QtyInPackage><UnitOfMeasurePrice>0.0306</UnitOfMeasurePrice><AllowDiscount>0</AllowDiscount><ItemStatus>1</ItemStatus><ItemPrice>15.90</ItemPrice></item><item><PriceUpdateDate>2015-10-21 14:06:43</PriceUpdateDate><ItemCode>7290000435398</ItemCode><ItemType>1</ItemType><ItemName>גבינה מותכת למריחה 1</ItemName><ManufacturerName>טרה</ManufacturerName><ManufactureCountry>ישראל</ManufactureCountry><ManufacturerItemDescription>גבינה מותכת למריחה 1</ManufacturerItemDescription><SoldByWeight/><Quantity>100.00</Quantity><UnitOfMeasure>גרם     </UnitOfMeasure><QtyInPackage>לא ידוע</QtyInPackage><UnitOfMeasurePrice>0.0710</UnitOfMeasurePrice><AllowDiscount>1</AllowDiscount><ItemStatus>1</ItemStatus><ItemPrice>7.10</ItemPrice></item><item><PriceUpdateDate>2015-11-12 14:41:20</PriceUpdateDate><ItemCode>7290000435411</ItemCode><ItemType>1</ItemType><ItemName>קוטג' 5% טרה 250 גרם</ItemName><ManufacturerName>טרה</ManufacturerName><ManufactureCountry>ישראל</ManufactureCountry><ManufacturerItemDescription>קוטג מועשר 250 5% גרם</ManufacturerItemDescription><SoldByWeight/><Quantity>250.00</Quantity><UnitOfMeasure>גרם     </UnitOfMeasure><QtyInPackage>לא ידוע</QtyInPackage><UnitOfMeasurePrice>0.0228</UnitOfMeasurePrice><AllowDiscount>1</AllowDiscount><ItemStatus>1</ItemStatus><ItemPrice>5.70</ItemPrice></item><item><PriceUpdateDate>2015-11-24 07:23:38</PriceUpdateDate><ItemCode>7290000435428</ItemCode><ItemType>1</ItemType><ItemName>בירה טובורג בקבוק חו</ItemName><ManufacturerName>טובורג רד</ManufacturerName><ManufactureCountry>ישראל</ManufactureCountry><ManufacturerItemDescription>בירה טובורג0.5 ל.בקבוק חו</ManufacturerItemDescription><SoldByWeight/><Quantity>500.00</Quantity><UnitOfMeasure>מ"ל</UnitOfMeasure><QtyInPackage>לא ידוע</QtyInPackage><UnitOfMeasurePrice>0.0170</UnitOfMeasurePrice><AllowDiscount>1</AllowDiscount><ItemStatus>1</ItemStatus><ItemPrice>8.50</ItemPrice></item><item><PriceUpdateDate>2015-11-24 07:23:38</PriceUpdateDate><ItemCode>7290000435435</ItemCode><ItemType>1</ItemType><ItemName>בירה קרלסברג בקבוק ח</ItemName><ManufacturerName>קרלסברג</ManufacturerName><ManufactureCountry>ישראל</ManufactureCountry><ManufacturerItemDescription>בירה קרלסברג 0.5 ל.בקבוק</ManufacturerItemDescription><SoldByWeight/><Quantity>500.00</Quantity><UnitOfMeasure>מ"ל</UnitOfMeasure><QtyInPackage>לא ידוע</QtyInPackage><UnitOfMeasurePrice>0.0178</UnitOfMeasurePrice><AllowDiscount>1</AllowDiscount><ItemStatus>1</ItemStatus><ItemPrice>8.90</ItemPrice></item><item><PriceUpdateDate>2016-05-30 22:02:08</PriceUpdateDate><ItemCode>7290000435442</ItemCode><ItemType>1</ItemType><ItemName>מיץ פריגת ענבים 1.5</ItemName><ManufacturerName>פריגת</ManufacturerName><ManufactureCountry>ישראל</ManufactureCountry><ManufacturerItemDescription>משקל פריגת ענבים</ManufacturerItemDescription><SoldByWeight/><Quantity>1500.00</Quantity><UnitOfMeasure>מ"ל</UnitOfMeasure><QtyInPackage>לא ידוע</QtyInPackage><UnitOfMeasurePrice>0.0045</UnitOfMeasurePrice><AllowDiscount>0</AllowDiscount><ItemStatus>1</ItemStatus><ItemPrice>6.80</ItemPrice></item><item><PriceUpdateDate>2016-05-30 22:02:08</PriceUpdateDate><ItemCode>7290000435459</ItemCode><ItemType>1</ItemType><ItemName>מיץ פריגת תפוזים 1.5</ItemName><ManufacturerName>פריגת</ManufacturerName><ManufactureCountry>ישראל</ManufactureCountry><ManufacturerItemDescription>משקל פריגת תפוזים</ManufacturerItemDescription><SoldByWeight/><Quantity>1500.00</Quantity><UnitOfMeasure>מ"ל</UnitOfMeasure><QtyInPackage>לא ידוע</QtyInPackage><UnitOfMeasurePrice>0.0045</UnitOfMeasurePrice><AllowDiscount>0</AllowDiscount><ItemStatus>1</ItemStatus><ItemPrice>6.80</ItemPrice></item><item><PriceUpdateDate>2016-05-30 22:02:08</PriceUpdateDate><ItemCode>7290000435466</ItemCode><ItemType>1</ItemType><ItemName>מיץ פריגת אשכוליות 1</ItemName><ManufacturerName>פריגת</ManufacturerName><ManufactureCountry>ישראל</ManufactureCountry><ManufacturerItemDescription>משקל פריגת אשכוליות</ManufacturerItemDescription><SoldByWeight/><Quantity>1500.00</Quantity><UnitOfMeasure>מ"ל</UnitOfMeasure><QtyInPackage>לא ידוע</QtyInPackage><UnitOfMeasurePrice>0.0045</UnitOfMeasurePrice><AllowDiscount>0</AllowDiscount><ItemStatus>1</ItemStatus><ItemPrice>6.80</ItemPrice></item><item><PriceUpdateDate>2016-05-30 22:02:08</PriceUpdateDate><ItemCode>7290000435480</ItemCode><ItemType>1</ItemType><ItemName>מיץ פריגת אשכוליות</ItemName><ManufacturerName>פריגת</ManufacturerName><ManufactureCountry>ישראל</ManufactureCountry><ManufacturerItemDescription>משקל פריגת דיאט אשכוליות</ManufacturerItemDescription><SoldByWeight/><Quantity>1500.00</Quantity><UnitOfMeasure>מ"ל</UnitOfMeasure><QtyInPackage>לא ידוע</QtyInPackage><UnitOfMeasurePrice>0.0045</UnitOfMeasurePrice><AllowDiscount>0</AllowDiscount><ItemStatus>1</ItemStatus><ItemPrice>6.80</ItemPrice></item><item><PriceUpdateDate>2016-05-30 22:02:08</PriceUpdateDate><ItemCode>7290000435497</ItemCode><ItemType>1</ItemType><ItemName>מב סטייק בורגר 400 ג</ItemName><ManufacturerName>טירת צבי</ManufacturerName><ManufactureCountry>ישראל</ManufactureCountry><ManufacturerItemDescription>מב סטייק בורגר 400 ג</ManufacturerItemDescription><SoldByWeight/><Quantity>400.00</Quantity><UnitOfMeasure>גרם     </UnitOfMeasure><QtyInPackage>לא ידוע</QtyInPackage><UnitOfMeasurePrice>0.0472</UnitOfMeasurePrice><AllowDiscount>1</AllowDiscount><ItemStatus>1</ItemStatus><ItemPrice>18.90</ItemPrice></item><item><PriceUpdateDate>2016-05-30 22:02:08</PriceUpdateDate><ItemCode>7290000435510</ItemCode><ItemType>1</ItemType><ItemName>נקניקיות מרגז טירת צ</ItemName><ManufacturerName>טירת צבי</ManufacturerName><ManufactureCountry>ישראל</ManufactureCountry><ManufacturerItemDescription>נקניקיות מרגז טירת צ</ManufacturerItemDescription><SoldByWeight/><Quantity>500.00</Quantity><UnitOfMeasure>גרם     </UnitOfMeasure><QtyInPackage>לא ידוע</QtyInPackage><UnitOfMeasurePrice>0.0578</UnitOfMeasurePrice><AllowDiscount>1</AllowDiscount><ItemStatus>1</ItemStatus><ItemPrice>28.90</ItemPrice></item><item><PriceUpdateDate>2016-06-01 06:30:20</PriceUpdateDate><ItemCode>7290000435596</ItemCode><ItemType>1</ItemType><ItemName>מב נקניק פסטרמה ברבי</ItemName><ManufacturerName>טירת צבי</ManufacturerName><ManufactureCountry>ישראל</ManufactureCountry><ManufacturerItemDescription>מב נקניק פסטרמה ברבי</ManufacturerItemDescription><SoldByWeight/><Quantity>360.00</Quantity><UnitOfMeasure>גרם     </UnitOfMeasure><QtyInPackage>לא ידוע</QtyInPackage><UnitOfMeasurePrice>0.0803</UnitOfMeasurePrice><AllowDiscount>1</AllowDiscount><ItemStatus>1</ItemStatus><ItemPrice>28.90</ItemPrice></item><item><PriceUpdateDate>2016-03-01 06:42:20</PriceUpdateDate><ItemCode>7290000436043</ItemCode><ItemType>1</ItemType><ItemName>סירופ פריגת פטל 750</ItemName><ManufacturerName>פריגת</ManufacturerName><ManufactureCountry>ישראל</ManufactureCountry><ManufacturerItemDescription>סירופ פטל 750 מל</ManufacturerItemDescription><SoldByWeight/><Quantity>750.00</Quantity><UnitOfMeasure>מ"ל</UnitOfMeasure><QtyInPackage>לא ידוע</QtyInPackage><UnitOfMeasurePrice>0.0185</UnitOfMeasurePrice><AllowDiscount>1</AllowDiscount><ItemStatus>1</ItemStatus><ItemPrice>13.90</ItemPrice></item><item><PriceUpdateDate>2016-03-01 06:42:20</PriceUpdateDate><ItemCode>7290000436050</ItemCode><ItemType>1</ItemType><ItemName>סירופ פריגתתפוחים די</ItemName><ManufacturerName>פריגת</ManufacturerName><ManufactureCountry>ישראל</ManufactureCountry><ManufacturerItemDescription>סירופ דיאט תפוחים 750 מל</ManufacturerItemDescription><SoldByWeight/><Quantity>750.00</Quantity><UnitOfMeasure>מ"ל</UnitOfMeasure><QtyInPackage>לא ידוע</QtyInPackage><UnitOfMeasurePrice>0.0257</UnitOfMeasurePrice><AllowDiscount>1</AllowDiscount><ItemStatus>1</ItemStatus><ItemPrice>19.30</ItemPrice></item><item><PriceUpdateDate>2015-11-12 16:43:44</PriceUpdateDate><ItemCode>7290000436081</ItemCode><ItemType>1</ItemType><ItemName>קבוקים גת שקית 200 ג</ItemName><ManufacturerName>ליימן חטיבת המותגים</ManufacturerName><ManufactureCountry>ישראל</ManufactureCountry><ManufacturerItemDescription>קבוקים מצופים 200 גרם</ManufacturerItemDescription><SoldByWeight/><Quantity>200.00</Quantity><UnitOfMeasure>גרם     </UnitOfMeasure><QtyInPackage>לא ידוע</QtyInPackage><UnitOfMeasurePrice>0.0380</UnitOfMeasurePrice><AllowDiscount>0</AllowDiscount><ItemStatus>1</ItemStatus><ItemPrice>7.60</ItemPrice></item><item><PriceUpdateDate>2015-12-02 07:07:32</PriceUpdateDate><ItemCode>7290000436210</ItemCode><ItemType>1</ItemType><ItemName>מיץ פריגת סחוט אשכול</ItemName><ManufacturerName>פריגת</ManufacturerName><ManufactureCountry>ישראל</ManufactureCountry><ManufacturerItemDescription>מיץ סחוט אשכוליות 1 ל</ManufacturerItemDescription><SoldByWeight/><Quantity>1000.00</Quantity><UnitOfMeasure>מ"ל</UnitOfMeasure><QtyInPackage>לא ידוע</QtyInPackage><UnitOfMeasurePrice>0.0172</UnitOfMeasurePrice><AllowDiscount>0</AllowDiscount><ItemStatus>1</ItemStatus><ItemPrice>17.20</ItemPrice></item><item><PriceUpdateDate>2016-05-30 22:02:09</PriceUpdateDate><ItemCode>7290000436234</ItemCode><ItemType>1</ItemType><ItemName>שוקו כד 1.5% יטבתה 2</ItemName><ManufacturerName>יטבתה</ManufacturerName><ManufactureCountry>ישראל</ManufactureCountry><ManufacturerItemDescription>שוקו2 ל.בכד פלסטיק</ManufacturerItemDescription><SoldByWeight/><Quantity>2000.00</Quantity><UnitOfMeasure>מ"ל</UnitOfMeasure><QtyInPackage>לא ידוע</QtyInPackage><UnitOfMeasurePrice>0.0099</UnitOfMeasurePrice><AllowDiscount>1</AllowDiscount><ItemStatus>1</ItemStatus><ItemPrice>19.90</ItemPrice></item><item><PriceUpdateDate>2016-03-16 15:40:30</PriceUpdateDate><ItemCode>7290000436272</ItemCode><ItemType>1</ItemType><ItemName>שוקו יטבתה בקבוק 1 ל</ItemName><ManufacturerName>יטבתה</ManufacturerName><ManufactureCountry>ישראל</ManufactureCountry><ManufacturerItemDescription>שוקו יוטבתה1 ל.בקבוק</ManufacturerItemDescription><SoldByWeight/><Quantity>1000.00</Quantity><UnitOfMeasure>מ"ל</UnitOfMeasure><QtyInPackage>לא ידוע</QtyInPackage><UnitOfMeasurePrice>0.0119</UnitOfMeasurePrice><AllowDiscount>1</AllowDiscount><ItemStatus>1</ItemStatus><ItemPrice>11.90</ItemPrice></item><item><PriceUpdateDate>2016-03-16 15:40:30</PriceUpdateDate><ItemCode>7290000436340</ItemCode><ItemType>1</ItemType><ItemName>שוקו יטבתה עם פקק 25</ItemName><ManufacturerName>יטבתה</ManufacturerName><ManufactureCountry>ישראל</ManufactureCountry><ManufacturerItemDescription>שוקו יטבתה ספורטאים 250 מ</ManufacturerItemDescription><SoldByWeight/><Quantity>250.00</Quantity><UnitOfMeasure>מ"ל</UnitOfMeasure><QtyInPackage>לא ידוע</QtyInPackage><UnitOfMeasurePrice>0.0212</UnitOfMeasurePrice><AllowDiscount>1</AllowDiscount><ItemStatus>1</ItemStatus><ItemPrice>5.30</ItemPrice></item><item><PriceUpdateDate>2016-03-16 15:40:30</PriceUpdateDate><ItemCode>7290000436364</ItemCode><ItemType>1</ItemType><ItemName>מוקה יטבתה 1 ליטר</ItemName><ManufacturerName>יטבתה</ManufacturerName><ManufactureCountry>ישראל</ManufactureCountry><ManufacturerItemDescription>מוקה יוטבתה 1 ליטר</ManufacturerItemDescription><SoldByWeight/><Quantity>1000.00</Quantity><UnitOfMeasure>מ"ל</UnitOfMeasure><QtyInPackage>לא ידוע</QtyInPackage><UnitOfMeasurePrice>0.0119</UnitOfMeasurePrice><AllowDiscount>1</AllowDiscount><ItemStatus>1</ItemStatus><ItemPrice>11.90</ItemPrice></item><item><PriceUpdateDate>2016-05-30 22:02:09</PriceUpdateDate><ItemCode>7290000436371</ItemCode><ItemType>1</ItemType><ItemName>שוקו בשקית מארז 8* 2</ItemName><ManufacturerName>יטבתה</ManufacturerName><ManufactureCountry>ישראל</ManufactureCountry><ManufacturerItemDescription>מארז שוקו יוטבתה שמיניה</ManufacturerItemDescription><SoldByWeight/><Quantity>1800.00</Quantity><UnitOfMeasure>מ"ל</UnitOfMeasure><QtyInPackage>לא ידוע</QtyInPackage><UnitOfMeasurePrice>0.0110</UnitOfMeasurePrice><AllowDiscount>1</AllowDiscount><ItemStatus>1</ItemStatus><ItemPrice>19.80</ItemPrice></item><item><PriceUpdateDate>2016-06-15 07:10:46</PriceUpdateDate><ItemCode>7290000436388</ItemCode><ItemType>1</ItemType><ItemName>חלב מועשר 3% מהדרין</ItemName><ManufacturerName>יטבתה</ManufacturerName><ManufactureCountry>ישראל</ManufactureCountry><ManufacturerItemDescription>חלב מועשר 2 3% ליטר</ManufacturerItemDescription><SoldByWeight/><Quantity>2000.00</Quantity><UnitOfMeasure>מ"ל</UnitOfMeasure><QtyInPackage>לא ידוע</QtyInPackage><UnitOfMeasurePrice>0.0080</UnitOfMeasurePrice><AllowDiscount>1</AllowDiscount><ItemStatus>1</ItemStatus><ItemPrice>15.90</ItemPrice></item><item><PriceUpdateDate>2015-11-12 14:23:22</PriceUpdateDate><ItemCode>7290000436531</ItemCode><ItemType>1</ItemType><ItemName>תה ליפטון 25 שקיקים</ItemName><ManufacturerName>ליפטון</ManufacturerName><ManufactureCountry>הודו</ManufactureCountry><ManufacturerItemDescription>נשכן            ת נובי</ManufacturerItemDescription><SoldByWeight/><Quantity>50.00</Quantity><UnitOfMeasure>גרם     </UnitOfMeasure><QtyInPackage>לא ידוע</QtyInPackage><UnitOfMeasurePrice>0.1560</UnitOfMeasurePrice><AllowDiscount>1</AllowDiscount><ItemStatus>1</ItemStatus><ItemPrice>7.80</ItemPrice></item><item><PriceUpdateDate>2014-11-03 06:38:02</PriceUpdateDate><ItemCode>7290000436555</ItemCode><ItemType>1</ItemType><ItemName>מלח מופחת נתרן לוסלט</ItemName><ManufacturerName>LO SALT</ManufacturerName><ManufactureCountry>ישראל</ManufactureCountry><ManufacturerItemDescription>מלח מופחת נתרן לוסלט</ManufacturerItemDescription><SoldByWeight/><Quantity>350.00</Quantity><UnitOfMeasure>גרם     </UnitOfMeasure><QtyInPackage>לא ידוע</QtyInPackage><UnitOfMeasurePrice>0.0554</UnitOfMeasurePrice><AllowDiscount>1</AllowDiscount><ItemStatus>1</ItemStatus><ItemPrice>19.40</ItemPrice></item><item><PriceUpdateDate>2014-11-03 06:38:02</PriceUpdateDate><ItemCode>7290000436593</ItemCode><ItemType>1</ItemType><ItemName>לחם שיפון עם זרעי חמ</ItemName><ManufacturerName>מסטמכר</ManufacturerName><ManufactureCountry>גרמניה</ManufactureCountry><ManufacturerItemDescription>מסטמכר לחם שיפון עם זרעי</ManufacturerItemDescription><SoldByWeight/><Quantity>500.00</Quantity><UnitOfMeasure>גרם     </UnitOfMeasure><QtyInPackage>לא ידוע</QtyInPackage><UnitOfMeasurePrice>0.0348</UnitOfMeasurePrice><AllowDiscount>1</AllowDiscount><ItemStatus>1</ItemStatus><ItemPrice>17.40</ItemPrice></item><item><PriceUpdateDate>2016-05-30 22:02:09</PriceUpdateDate><ItemCode>7290000436630</ItemCode><ItemType>1</ItemType><ItemName>חרדל דיז''ון אקסטרה</ItemName><ManufacturerName>Reine Dijon</ManufacturerName><ManufactureCountry>צרפת</ManufactureCountry><ManufacturerItemDescription>חרדל דיגון אקסטרא פורטה 3</ManufacturerItemDescription><SoldByWeight/><Quantity>370.00</Quantity><UnitOfMeasure>גרם     </UnitOfMeasure><QtyInPackage>לא ידוע</QtyInPackage><UnitOfMeasurePrice>0.0359</UnitOfMeasurePrice><AllowDiscount>1</AllowDiscount><ItemStatus>1</ItemStatus><ItemPrice>13.30</ItemPrice></item><item><PriceUpdateDate>2016-03-16 15:40:30</PriceUpdateDate><ItemCode>7290000436678</ItemCode><ItemType>1</ItemType><ItemName>קוקה קולה שישייה. 1.</ItemName><ManufacturerName>קוקה קולה</ManufacturerName><ManufactureCountry>ישראל</ManufactureCountry><ManufacturerItemDescription>קוקה קולה 1.5 ל</ManufacturerItemDescription><SoldByWeight/><Quantity>9000.00</Quantity><UnitOfMeasure>מ"ל</UnitOfMeasure><QtyInPackage>לא ידוע</QtyInPackage><UnitOfMeasurePrice>0.0040</UnitOfMeasurePrice><AllowDiscount>1</AllowDiscount><ItemStatus>1</ItemStatus><ItemPrice>35.90</ItemPrice></item><item><PriceUpdateDate>2016-03-16 15:40:30</PriceUpdateDate><ItemCode>7290000436692</ItemCode><ItemType>1</ItemType><ItemName>קוקה קולה דיאט שישיי</ItemName><ManufacturerName>דיאט קוקה קולה</ManufacturerName><ManufactureCountry>ישראל</ManufactureCountry><ManufacturerItemDescription>קוקה קולה דיאט1.5 ל</ManufacturerItemDescription><SoldByWeight/><Quantity>9000.00</Quantity><UnitOfMeasure>מ"ל</UnitOfMeasure><QtyInPackage>לא ידוע</QtyInPackage><UnitOfMeasurePrice>0.0040</UnitOfMeasurePrice><AllowDiscount>1</AllowDiscount><ItemStatus>1</ItemStatus><ItemPrice>35.90</ItemPrice></item><item><PriceUpdateDate>2015-10-22 16:07:06</PriceUpdateDate><ItemCode>7290000436760</ItemCode><ItemType>1</ItemType><ItemName>מג'יק אטריות בט. בשר</ItemName><ManufacturerName>מגיק</ManufacturerName><ManufactureCountry>ישראל</ManufactureCountry><ManufacturerItemDescription>מג'יק אטריות בט. בשר</ManufacturerItemDescription><SoldByWeight/><Quantity>14.00</Quantity><UnitOfMeasure>גרם     </UnitOfMeasure><QtyInPackage>לא ידוע</QtyInPackage><UnitOfMeasurePrice>0.3000</UnitOfMeasurePrice><AllowDiscount>1</AllowDiscount><ItemStatus>1</ItemStatus><ItemPrice>4.20</ItemPrice></item><item><PriceUpdateDate>2015-10-22 16:07:06</PriceUpdateDate><ItemCode>7290000436777</ItemCode><ItemType>1</ItemType><ItemName>מג'ק אטריות בטעם מרק</ItemName><ManufacturerName>מגיק</ManufacturerName><ManufactureCountry>ישראל</ManufactureCountry><ManufacturerItemDescription>מג'ק אטריות בטעם מרק</ManufacturerItemDescription><SoldByWeight/><Quantity>14.00</Quantity><UnitOfMeasure>גרם     </UnitOfMeasure><QtyInPackage>לא ידוע</QtyInPackage><UnitOfMeasurePrice>0.3000</UnitOfMeasurePrice><AllowDiscount>1</AllowDiscount><ItemStatus>1</ItemStatus><ItemPrice>4.20</ItemPrice></item><item><PriceUpdateDate>2015-10-22 16:07:06</PriceUpdateDate><ItemCode>7290000436784</ItemCode><ItemType>1</ItemType><ItemName>מג'יק אטריות בטעם מר</ItemName><ManufacturerName>מג'יק</ManufacturerName><ManufactureCountry>ישראל</ManufactureCountry><ManufacturerItemDescription>מג'יק אטריות בטעם מר</ManufacturerItemDescription><SoldByWeight/><Quantity>14.00</Quantity><UnitOfMeasure>גרם     </UnitOfMeasure><QtyInPackage>לא ידוע</QtyInPackage><UnitOfMeasurePrice>0.3000</UnitOfMeasurePrice><AllowDiscount>1</AllowDiscount><ItemStatus>1</ItemStatus><ItemPrice>4.20</ItemPrice></item><item><PriceUpdateDate>2015-10-21 14:06:43</PriceUpdateDate><ItemCode>7290000436852</ItemCode><ItemType>1</ItemType><ItemName>יוגורט עיזים טבעי 15</ItemName><ManufacturerName>משק צוריאל</ManufacturerName><ManufactureCountry>ישראל</ManufactureCountry><ManufacturerItemDescription>יוגורט עיזים 150 3.9% גר</ManufacturerItemDescription><SoldByWeight/><Quantity>140.00</Quantity><UnitOfMeasure>מ"ל</UnitOfMeasure><QtyInPackage>לא ידוע</QtyInPackage><UnitOfMeasurePrice>0.0493</UnitOfMeasurePrice><AllowDiscount>0</AllowDiscount><ItemStatus>1</ItemStatus><ItemPrice>6.90</ItemPrice></item><item><PriceUpdateDate>2015-10-21 14:06:43</PriceUpdateDate><ItemCode>7290000436883</ItemCode><ItemType>1</ItemType><ItemName>טופו טבעי 300 גרם</ItemName><ManufacturerName>משק צוריאל</ManufacturerName><ManufactureCountry>ארצות הברית</ManufactureCountry><ManufacturerItemDescription>טופו גולמי ואקום 300 גר</ManufacturerItemDescription><SoldByWeight/><Quantity>300.00</Quantity><UnitOfMeasure>גרם     </UnitOfMeasure><QtyInPackage>לא ידוע</QtyInPackage><UnitOfMeasurePrice>0.0463</UnitOfMeasurePrice><AllowDiscount>1</AllowDiscount><ItemStatus>1</ItemStatus><ItemPrice>13.90</ItemPrice></item><item><PriceUpdateDate>2016-05-30 22:02:09</PriceUpdateDate><ItemCode>7290000437088</ItemCode><ItemType>1</ItemType><ItemName>קשיו קלוי 200 גרם</ItemName><ManufacturerName>ליימן חטיבת המותגים</ManufacturerName><ManufactureCountry>ישראל</ManufactureCountry><ManufacturerItemDescription>אגוז קשיו קלוי 200 גרם</ManufacturerItemDescription><SoldByWeight/><Quantity>200.00</Quantity><UnitOfMeasure>גרם     </UnitOfMeasure><QtyInPackage>לא ידוע</QtyInPackage><UnitOfMeasurePrice>0.1185</UnitOfMeasurePrice><AllowDiscount>1</AllowDiscount><ItemStatus>1</ItemStatus><ItemPrice>23.70</ItemPrice></item><item><PriceUpdateDate>2015-11-12 16:43:44</PriceUpdateDate><ItemCode>7290000437095</ItemCode><ItemType>1</ItemType><ItemName>צנובר בשקית 100 גרם</ItemName><ManufacturerName>ליימן חטיבת המותגים</ManufacturerName><ManufactureCountry>ישראל</ManufactureCountry><ManufacturerItemDescription>צנובר בשקית 100 גרם</ManufacturerItemDescription><SoldByWeight/><Quantity>100.00</Quantity><UnitOfMeasure>גרם     </UnitOfMeasure><QtyInPackage>לא ידוע</QtyInPackage><UnitOfMeasurePrice>0.2960</UnitOfMeasurePrice><AllowDiscount>1</AllowDiscount><ItemStatus>1</ItemStatus><ItemPrice>29.60</ItemPrice></item><item><PriceUpdateDate>2016-01-05 08:48:17</PriceUpdateDate><ItemCode>7290000437118</ItemCode><ItemType>1</ItemType><ItemName>פקאן טבעי 150 גרם</ItemName><ManufacturerName>ליימן חטיבת המותגים</ManufacturerName><ManufactureCountry>ישראל</ManufactureCountry><ManufacturerItemDescription>פקאן טבעי 150 גרם</ManufacturerItemDescription><SoldByWeight/><Quantity>150.00</Quantity><UnitOfMeasure>גרם     </UnitOfMeasure><QtyInPackage>לא ידוע</QtyInPackage><UnitOfMeasurePrice>0.1513</UnitOfMeasurePrice><AllowDiscount>1</AllowDiscount><ItemStatus>1</ItemStatus><ItemPrice>22.70</ItemPrice></item><item><PriceUpdateDate>2015-10-20 16:50:26</PriceUpdateDate><ItemCode>7290000437170</ItemCode><ItemType>1</ItemType><ItemName>חטיף שוש אפוי 80 גרם</ItemName><ManufacturerName>שוש</ManufacturerName><ManufactureCountry>ישראל</ManufactureCountry><ManufacturerItemDescription>חטיף שוש אפוי 80 גרם</ManufacturerItemDescription><SoldByWeight/><Quantity>80.00</Quantity><UnitOfMeasure>גרם     </UnitOfMeasure><QtyInPackage>לא ידוע</QtyInPackage><UnitOfMeasurePrice>0.0575</UnitOfMeasurePrice><AllowDiscount>1</AllowDiscount><ItemStatus>1</ItemStatus><ItemPrice>4.60</ItemPrice></item><item><PriceUpdateDate>2016-03-01 06:48:36</PriceUpdateDate><ItemCode>7290000437194</ItemCode><ItemType>1</ItemType><ItemName>מב קבב רומני 500 גרם</ItemName><ManufacturerName>טיבון ויל</ManufacturerName><ManufactureCountry>ישראל</ManufactureCountry><ManufacturerItemDescription>קבב רומני500 גר</ManufacturerItemDescription><SoldByWeight/><Quantity>500.00</Quantity><UnitOfMeasure>גרם     </UnitOfMeasure><QtyInPackage>לא ידוע</QtyInPackage><UnitOfMeasurePrice>0.0378</UnitOfMeasurePrice><AllowDiscount>1</AllowDiscount><ItemStatus>1</ItemStatus><ItemPrice>18.90</ItemPrice></item><item><PriceUpdateDate>2016-03-01 06:48:36</PriceUpdateDate><ItemCode>7290000437200</ItemCode><ItemType>1</ItemType><ItemName>מב קבב מזרחי 500 גרם</ItemName><ManufacturerName>טיבון ויל</ManufacturerName><ManufactureCountry>ישראל</ManufactureCountry><ManufacturerItemDescription>קבב מזרחי 500 גר</ManufacturerItemDescription><SoldByWeight/><Quantity>500.00</Quantity><UnitOfMeasure>גרם     </UnitOfMeasure><QtyInPackage>לא ידוע</QtyInPackage><UnitOfMeasurePrice>0.0378</UnitOfMeasurePrice><AllowDiscount>1</AllowDiscount><ItemStatus>1</ItemStatus><ItemPrice>18.90</ItemPrice></item><item><PriceUpdateDate>2016-06-01 06:30:20</PriceUpdateDate><ItemCode>7290000437385</ItemCode><ItemType>1</ItemType><ItemName>מב פסטרמה בפפריקה 40</ItemName><ManufacturerName>טירת צבי</ManufacturerName><ManufactureCountry>ישראל</ManufactureCountry><ManufacturerItemDescription>פסטרמה בפפריקה 400 גר</ManufacturerItemDescription><SoldByWeight/><Quantity>400.00</Quantity><UnitOfMeasure>גרם     </UnitOfMeasure><QtyInPackage>לא ידוע</QtyInPackage><UnitOfMeasurePrice>0.0722</UnitOfMeasurePrice><AllowDiscount>1</AllowDiscount><ItemStatus>1</ItemStatus><ItemPrice>28.90</ItemPrice></item><item><PriceUpdateDate>2016-06-01 06:30:20</PriceUpdateDate><ItemCode>7290000437392</ItemCode><ItemType>1</ItemType><ItemName>מב פסטרמה בדבש 400 ג</ItemName><ManufacturerName>טירת צבי</ManufacturerName><ManufactureCountry>ישראל</ManufactureCountry><ManufacturerItemDescription>פסטרמה בדבש 400 גר</ManufacturerItemDescription><SoldByWeight/><Quantity>400.00</Quantity><UnitOfMeasure>גרם     </UnitOfMeasure><QtyInPackage>לא ידוע</QtyInPackage><UnitOfMeasurePrice>0.0722</UnitOfMeasurePrice><AllowDiscount>1</AllowDiscount><ItemStatus>1</ItemStatus><ItemPrice>28.90</ItemPrice></item><item><PriceUpdateDate>2016-06-01 06:30:20</PriceUpdateDate><ItemCode>7290000437408</ItemCode><ItemType>1</ItemType><ItemName>מב נקניק פסטרמה על ג</ItemName><ManufacturerName>טירת צבי</ManufacturerName><ManufactureCountry>ישראל</ManufactureCountry><ManufacturerItemDescription>פסטרמה על גחלים 400 גר</ManufacturerItemDescription><SoldByWeight/><Quantity>400.00</Quantity><UnitOfMeasure>גרם     </UnitOfMeasure><QtyInPackage>לא ידוע</QtyInPackage><UnitOfMeasurePrice>0.0722</UnitOfMeasurePrice><AllowDiscount>1</AllowDiscount><ItemStatus>1</ItemStatus><ItemPrice>28.90</ItemPrice></item><item><PriceUpdateDate>2016-05-31 12:02:24</PriceUpdateDate><ItemCode>7290000437415</ItemCode><ItemType>1</ItemType><ItemName>מב נקניק סלמי איטלקי</ItemName><ManufacturerName>טירת צבי</ManufacturerName><ManufactureCountry>ישראל</ManufactureCountry><ManufacturerItemDescription>סלמי אטלקי 300 גר</ManufacturerItemDescription><SoldByWeight/><Quantity>300.00</Quantity><UnitOfMeasure>גרם     </UnitOfMeasure><QtyInPackage>לא ידוע</QtyInPackage><UnitOfMeasurePrice>0.0897</UnitOfMeasurePrice><AllowDiscount>1</AllowDiscount><ItemStatus>1</ItemStatus><ItemPrice>26.90</ItemPrice></item><item><PriceUpdateDate>2016-06-01 06:30:20</PriceUpdateDate><ItemCode>7290000437460</ItemCode><ItemType>1</ItemType><ItemName>מב נקניק פסטרמה ספרד</ItemName><ManufacturerName>טירת צבי</ManufacturerName><ManufactureCountry>ישראל</ManufactureCountry><ManufacturerItemDescription>מב נקניק פסטרמה ספרד</ManufacturerItemDescription><SoldByWeight/><Quantity>360.00</Quantity><UnitOfMeasure>גרם     </UnitOfMeasure><QtyInPackage>לא ידוע</QtyInPackage><UnitOfMeasurePrice>0.0803</UnitOfMeasurePrice><AllowDiscount>1</AllowDiscount><ItemStatus>1</ItemStatus><ItemPrice>28.90</ItemPrice></item><item><PriceUpdateDate>2016-06-01 06:30:20</PriceUpdateDate><ItemCode>7290000437477</ItemCode><ItemType>1</ItemType><ItemName>מב נקניק פסטרמה איטל</ItemName><ManufacturerName>טירת צבי</ManufacturerName><ManufactureCountry>ישראל</ManufactureCountry><ManufacturerItemDescription>מב נקניק פסטרמה איטל</ManufacturerItemDescription><SoldByWeight/><Quantity>360.00</Quantity><UnitOfMeasure>גרם     </UnitOfMeasure><QtyInPackage>לא ידוע</QtyInPackage><UnitOfMeasurePrice>0.0803</UnitOfMeasurePrice><AllowDiscount>1</AllowDiscount><ItemStatus>1</ItemStatus><ItemPrice>28.90</ItemPrice></item><item><PriceUpdateDate>2016-03-16 15:40:31</PriceUpdateDate><ItemCode>7290000437682</ItemCode><ItemType>1</ItemType><ItemName>דנונה בר פקאן סיני מ</ItemName><ManufacturerName>דנונה</ManufacturerName><ManufactureCountry>ישראל</ManufactureCountry><ManufacturerItemDescription>דנונהדגנים פקאןסיני+שוקול</ManufacturerItemDescription><SoldByWeight/><Quantity>183.00</Quantity><UnitOfMeasure>גרם     </UnitOfMeasure><QtyInPackage>לא ידוע</QtyInPackage><UnitOfMeasurePrice>0.0246</UnitOfMeasurePrice><AllowDiscount>1</AllowDiscount><ItemStatus>1</ItemStatus><ItemPrice>4.50</ItemPrice></item><item><PriceUpdateDate>2015-12-07 06:57:24</PriceUpdateDate><ItemCode>7290000437699</ItemCode><ItemType>1</ItemType><ItemName>גבינת סקי 9% 250 גרם</ItemName><ManufacturerName>שטראוס</ManufacturerName><ManufactureCountry>ישראל</ManufactureCountry><ManufacturerItemDescription>גבינה סקי 250 9% גר</ManufacturerItemDescription><SoldByWeight/><Quantity>250.00</Quantity><UnitOfMeasure>גרם     </UnitOfMeasure><QtyInPackage>לא ידוע</QtyInPackage><UnitOfMeasurePrice>0.0192</UnitOfMeasurePrice><AllowDiscount>1</AllowDiscount><ItemStatus>1</ItemStatus><ItemPrice>4.80</ItemPrice></item><item><PriceUpdateDate>2016-05-30 22:02:10</PriceUpdateDate><ItemCode>7290000437729</ItemCode><ItemType>1</ItemType><ItemName>גפילטע פיש 680 גרם</ItemName><ManufacturerName>מנישביץ</ManufacturerName><ManufactureCountry>ארצות הברית</ManufactureCountry><ManufacturerItemDescription>ריאל שרדונה     דונה750מ</ManufacturerItemDescription><SoldByWeight/><Quantity>680.00</Quantity><UnitOfMeasure>גרם     </UnitOfMeasure><QtyInPackage>לא ידוע</QtyInPackage><UnitOfMeasurePrice>0.0410</UnitOfMeasurePrice><AllowDiscount>1</AllowDiscount><ItemStatus>1</ItemStatus><ItemPrice>27.90</ItemPrice></item><item><PriceUpdateDate>2014-11-03 06:36:54</PriceUpdateDate><ItemCode>7290000437811</ItemCode><ItemType>1</ItemType><ItemName>ממרח ויקול שמן זית 1</ItemName><ManufacturerName>אוליביה</ManufacturerName><ManufactureCountry>ישראל</ManufactureCountry><ManufacturerItemDescription>ממרח ויקול שמן זית 1</ManufacturerItemDescription><SoldByWeight/><Quantity>150.00</Quantity><UnitOfMeasure>גרם     </UnitOfMeasure><QtyInPackage>לא ידוע</QtyInPackage><UnitOfMeasurePrice>0.0620</UnitOfMeasurePrice><AllowDiscount>1</AllowDiscount><ItemStatus>1</ItemStatus><ItemPrice>9.30</ItemPrice></item><item><PriceUpdateDate>2014-11-03 06:36:54</PriceUpdateDate><ItemCode>7290000437828</ItemCode><ItemType>1</ItemType><ItemName>ממרח ויקול שמן קנולה</ItemName><ManufacturerName>אוליביה</ManufacturerName><ManufactureCountry>ישראל</ManufactureCountry><ManufacturerItemDescription>ממרח ויקול שמן קנולה</ManufacturerItemDescription><SoldByWeight/><Quantity>150.00</Quantity><UnitOfMeasure>גרם     </UnitOfMeasure><QtyInPackage>לא ידוע</QtyInPackage><UnitOfMeasurePrice>0.0620</UnitOfMeasurePrice><AllowDiscount>1</AllowDiscount><ItemStatus>1</ItemStatus><ItemPrice>9.30</ItemPrice></item><item><PriceUpdateDate>2016-05-01 21:46:05</PriceUpdateDate><ItemCode>7290000437842</ItemCode><ItemType>1</ItemType><ItemName>מיונז היינץ אמיתי 43</ItemName><ManufacturerName>היינץ</ManufacturerName><ManufactureCountry>ספרד</ManufactureCountry><ManufacturerItemDescription>גרנולה אגוזים   ק"ג</ManufacturerItemDescription><SoldByWeight/><Quantity>430.00</Quantity><UnitOfMeasure>גרם     </UnitOfMeasure><QtyInPackage>לא ידוע</QtyInPackage><UnitOfMeasurePrice>0.0286</UnitOfMeasurePrice><AllowDiscount>0</AllowDiscount><ItemStatus>1</ItemStatus><ItemPrice>12.30</ItemPrice></item><item><PriceUpdateDate>2016-05-30 22:02:10</PriceUpdateDate><ItemCode>7290000437897</ItemCode><ItemType>1</ItemType><ItemName>היינץ חרדל אמיתי 255</ItemName><ManufacturerName>היינץ</ManufacturerName><ManufactureCountry>ארצות הברית</ManufactureCountry><ManufacturerItemDescription>כריות הנקה      דות הנקה</ManufacturerItemDescription><SoldByWeight/><Quantity>255.00</Quantity><UnitOfMeasure>גרם     </UnitOfMeasure><QtyInPackage>לא ידוע</QtyInPackage><UnitOfMeasurePrice>0.0467</UnitOfMeasurePrice><AllowDiscount>1</AllowDiscount><ItemStatus>1</ItemStatus><ItemPrice>11.90</ItemPrice></item><item><PriceUpdateDate>2014-11-03 06:38:09</PriceUpdateDate><ItemCode>7290000437910</ItemCode><ItemType>1</ItemType><ItemName>חומץ בן יין 355 מ"ל</ItemName><ManufacturerName>היינץ</ManufacturerName><ManufactureCountry>ישראל</ManufactureCountry><ManufacturerItemDescription>חומץ בן יין 355 מ"ל</ManufacturerItemDescription><SoldByWeight/><Quantity>355.00</Quantity><UnitOfMeasure>מ"ל</UnitOfMeasure><QtyInPackage>לא ידוע</QtyInPackage><UnitOfMeasurePrice>0.0389</UnitOfMeasurePrice><AllowDiscount>1</AllowDiscount><ItemStatus>1</ItemStatus><ItemPrice>13.80</ItemPrice></item><item><PriceUpdateDate>2015-11-12 18:17:53</PriceUpdateDate><ItemCode>7290000437989</ItemCode><ItemType>1</ItemType><ItemName>סלט טונה פיקנטי וילי</ItemName><ManufacturerName>ויליגר</ManufacturerName><ManufactureCountry>ישראל</ManufactureCountry><ManufacturerItemDescription>סלט טונה פיקנטי 160 גר</ManufacturerItemDescription><SoldByWeight/><Quantity>112.00</Quantity><UnitOfMeasure>גרם     </UnitOfMeasure><QtyInPackage>לא ידוע</QtyInPackage><UnitOfMeasurePrice>0.0545</UnitOfMeasurePrice><AllowDiscount>1</AllowDiscount><ItemStatus>1</ItemStatus><ItemPrice>6.10</ItemPrice></item><item><PriceUpdateDate>2015-11-12 18:17:53</PriceUpdateDate><ItemCode>7290000437996</ItemCode><ItemType>1</ItemType><ItemName>סלט טונה ויליגר 160</ItemName><ManufacturerName>ויליגר</ManufacturerName><ManufactureCountry>ישראל</ManufactureCountry><ManufacturerItemDescription>סלט טונה ויליגר 160 גר</ManufacturerItemDescription><SoldByWeight/><Quantity>160.00</Quantity><UnitOfMeasure>גרם     </UnitOfMeasure><QtyInPackage>לא ידוע</QtyInPackage><UnitOfMeasurePrice>0.0381</UnitOfMeasurePrice><AllowDiscount>1</AllowDiscount><ItemStatus>1</ItemStatus><ItemPrice>6.10</ItemPrice></item><item><PriceUpdateDate>2016-03-16 15:40:31</PriceUpdateDate><ItemCode>7290000438320</ItemCode><ItemType>1</ItemType><ItemName>פאנטה אורנג' 1.5 ליט</ItemName><ManufacturerName>פאנטה אורנג</ManufacturerName><ManufactureCountry>ישראל</ManufactureCountry><ManufacturerItemDescription>פאנטה אורנג1.5 ל</ManufacturerItemDescription><SoldByWeight/><Quantity>1500.00</Quantity><UnitOfMeasure>מ"ל</UnitOfMeasure><QtyInPackage>לא ידוע</QtyInPackage><UnitOfMeasurePrice>0.0046</UnitOfMeasurePrice><AllowDiscount>1</AllowDiscount><ItemStatus>1</ItemStatus><ItemPrice>6.90</ItemPrice></item><item><PriceUpdateDate>2016-05-30 22:02:10</PriceUpdateDate><ItemCode>7290000438337</ItemCode><ItemType>1</ItemType><ItemName>מיץ פריגת תות בננה 1</ItemName><ManufacturerName>פריגת</ManufacturerName><ManufactureCountry>ישראל</ManufactureCountry><ManufacturerItemDescription>מיץ פריגת תות בננה 1</ManufacturerItemDescription><SoldByWeight/><Quantity>1500.00</Quantity><UnitOfMeasure>מ"ל</UnitOfMeasure><QtyInPackage>לא ידוע</QtyInPackage><UnitOfMeasurePrice>0.0045</UnitOfMeasurePrice><AllowDiscount>0</AllowDiscount><ItemStatus>1</ItemStatus><ItemPrice>6.80</ItemPrice></item><item><PriceUpdateDate>2016-03-16 15:40:31</PriceUpdateDate><ItemCode>7290000438368</ItemCode><ItemType>1</ItemType><ItemName>פאנטה דיאט 1.5 ליטר</ItemName><ManufacturerName>דיאט פאנטה אורנג</ManufacturerName><ManufactureCountry>ישראל</ManufactureCountry><ManufacturerItemDescription>פאנטה אורנג דיאט1.5 ל</ManufacturerItemDescription><SoldByWeight/><Quantity>1500.00</Quantity><UnitOfMeasure>מ"ל</UnitOfMeasure><QtyInPackage>לא ידוע</QtyInPackage><UnitOfMeasurePrice>0.0046</UnitOfMeasurePrice><AllowDiscount>1</AllowDiscount><ItemStatus>1</ItemStatus><ItemPrice>6.90</ItemPrice></item><item><PriceUpdateDate>2016-02-02 06:49:58</PriceUpdateDate><ItemCode>7290000438764</ItemCode><ItemType>1</ItemType><ItemName>תיבוליות נוסח הודי 7</ItemName><ManufacturerName>קנור</ManufacturerName><ManufactureCountry>ישראל</ManufactureCountry><ManufacturerItemDescription>תיבוליות נוסח הודי 7</ManufacturerItemDescription><SoldByWeight/><Quantity>72.00</Quantity><UnitOfMeasure>גרם     </UnitOfMeasure><QtyInPackage>לא ידוע</QtyInPackage><UnitOfMeasurePrice>0.1625</UnitOfMeasurePrice><AllowDiscount>1</AllowDiscount><ItemStatus>1</ItemStatus><ItemPrice>11.70</ItemPrice></item><item><PriceUpdateDate>2016-02-02 06:49:58</PriceUpdateDate><ItemCode>7290000438771</ItemCode><ItemType>1</ItemType><ItemName>תיבוליות שום ופטרוזי</ItemName><ManufacturerName>קנור</ManufacturerName><ManufactureCountry>ישראל</ManufactureCountry><ManufacturerItemDescription>תיבולית קנור שום ופטרוזיל</ManufacturerItemDescription><SoldByWeight/><Quantity>72.00</Quantity><UnitOfMeasure>גרם     </UnitOfMeasure><QtyInPackage>לא ידוע</QtyInPackage><UnitOfMeasurePrice>0.1625</UnitOfMeasurePrice><AllowDiscount>1</AllowDiscount><ItemStatus>1</ItemStatus><ItemPrice>11.70</ItemPrice></item><item><PriceUpdateDate>2016-05-01 21:46:05</PriceUpdateDate><ItemCode>7290000438788</ItemCode><ItemType>1</ItemType><ItemName>מרק קנור טעם עוף 400</ItemName><ManufacturerName>קנור</ManufacturerName><ManufactureCountry>ישראל</ManufactureCountry><ManufacturerItemDescription>מרקנור בטעם עוף קופסא400</ManufacturerItemDescription><SoldByWeight/><Quantity>400.00</Quantity><UnitOfMeasure>גרם     </UnitOfMeasure><QtyInPackage>לא ידוע</QtyInPackage><UnitOfMeasurePrice>0.0480</UnitOfMeasurePrice><AllowDiscount>1</AllowDiscount><ItemStatus>1</ItemStatus><ItemPrice>19.20</ItemPrice></item><item><PriceUpdateDate>2016-02-02 06:49:58</PriceUpdateDate><ItemCode>7290000438801</ItemCode><ItemType>1</ItemType><ItemName>תיבוליות בזילקום 72</ItemName><ManufacturerName>קנור</ManufacturerName><ManufactureCountry>ישראל</ManufactureCountry><ManufacturerItemDescription>תיבולית קנור בזיליקום</ManufacturerItemDescription><SoldByWeight/><Quantity>72.00</Quantity><UnitOfMeasure>גרם     </UnitOfMeasure><QtyInPackage>לא ידוע</QtyInPackage><UnitOfMeasurePrice>0.1625</UnitOfMeasurePrice><AllowDiscount>1</AllowDiscount><ItemStatus>1</ItemStatus><ItemPrice>11.70</ItemPrice></item><item><PriceUpdateDate>2016-02-02 06:49:58</PriceUpdateDate><ItemCode>7290000438818</ItemCode><ItemType>1</ItemType><ItemName>תיבוליות בניחוח צלי</ItemName><ManufacturerName>קנור</ManufacturerName><ManufactureCountry>ישראל</ManufactureCountry><ManufacturerItemDescription>תיבוליות בניחוח צלי</ManufacturerItemDescription><SoldByWeight/><Quantity>72.00</Quantity><UnitOfMeasure>גרם     </UnitOfMeasure><QtyInPackage>לא ידוע</QtyInPackage><UnitOfMeasurePrice>0.1625</UnitOfMeasurePrice><AllowDiscount>1</AllowDiscount><ItemStatus>1</ItemStatus><ItemPrice>11.70</ItemPrice></item><item><PriceUpdateDate>2016-02-02 06:49:58</PriceUpdateDate><ItemCode>7290000438825</ItemCode><ItemType>1</ItemType><ItemName>תיבוליות פטריות 72 ג</ItemName><ManufacturerName>קנור</ManufacturerName><ManufactureCountry>ישראל</ManufactureCountry><ManufacturerItemDescription>תיבוליות פטריות 72 ג</ManufacturerItemDescription><SoldByWeight/><Quantity>72.00</Quantity><UnitOfMeasure>גרם     </UnitOfMeasure><QtyInPackage>לא ידוע</QtyInPackage><UnitOfMeasurePrice>0.1625</UnitOfMeasurePrice><AllowDiscount>1</AllowDiscount><ItemStatus>1</ItemStatus><ItemPrice>11.70</ItemPrice></item><item><PriceUpdateDate>2016-02-02 06:49:58</PriceUpdateDate><ItemCode>7290000438900</ItemCode><ItemType>1</ItemType><ItemName>פירה טעם ביתי 260 גר</ItemName><ManufacturerName>קנור</ManufacturerName><ManufactureCountry>ישראל</ManufactureCountry><ManufacturerItemDescription>פירה בטעם ביתי</ManufacturerItemDescription><SoldByWeight/><Quantity>260.00</Quantity><UnitOfMeasure>גרם     </UnitOfMeasure><QtyInPackage>לא ידוע</QtyInPackage><UnitOfMeasurePrice>0.0596</UnitOfMeasurePrice><AllowDiscount>1</AllowDiscount><ItemStatus>1</ItemStatus><ItemPrice>15.50</ItemPrice></item><item><PriceUpdateDate>2016-02-02 06:49:58</PriceUpdateDate><ItemCode>7290000438917</ItemCode><ItemType>1</ItemType><ItemName>פירה טעם בצל 270 גרם</ItemName><ManufacturerName>תלמה</ManufacturerName><ManufactureCountry>ישראל</ManufactureCountry><ManufacturerItemDescription>פירה בטעם בצל 270 גר</ManufacturerItemDescription><SoldByWeight/><Quantity>270.00</Quantity><UnitOfMeasure>גרם     </UnitOfMeasure><QtyInPackage>לא ידוע</QtyInPackage><UnitOfMeasurePrice>0.0574</UnitOfMeasurePrice><AllowDiscount>1</AllowDiscount><ItemStatus>1</ItemStatus><ItemPrice>15.50</ItemPrice></item><item><PriceUpdateDate>2016-05-30 22:02:11</PriceUpdateDate><ItemCode>7290000438979</ItemCode><ItemType>1</ItemType><ItemName>פתית שוודי חסכוני בד</ItemName><ManufacturerName>פתית</ManufacturerName><ManufactureCountry>ישראל</ManufactureCountry><ManufacturerItemDescription>פתית שוודי חסכוני300 גר .</ManufacturerItemDescription><SoldByWeight/><Quantity>300.00</Quantity><UnitOfMeasure>גרם     </UnitOfMeasure><QtyInPackage>לא ידוע</QtyInPackage><UnitOfMeasurePrice>0.0590</UnitOfMeasurePrice><AllowDiscount>1</AllowDiscount><ItemStatus>1</ItemStatus><ItemPrice>17.70</ItemPrice></item><item><PriceUpdateDate>2015-12-24 09:22:22</PriceUpdateDate><ItemCode>7290000438986</ItemCode><ItemType>1</ItemType><ItemName>קורנפלקס תלמה בד"צ 7</ItemName><ManufacturerName>לא ממותג</ManufacturerName><ManufactureCountry>ישראל</ManufactureCountry><ManufacturerItemDescription>קורנפלקס תלמה בד"צ 7</ManufacturerItemDescription><SoldByWeight/><Quantity>750.00</Quantity><UnitOfMeasure>גרם     </UnitOfMeasure><QtyInPackage>לא ידוע</QtyInPackage><UnitOfMeasurePrice>0.0199</UnitOfMeasurePrice><AllowDiscount>0</AllowDiscount><ItemStatus>1</ItemStatus><ItemPrice>14.90</ItemPrice></item><item><PriceUpdateDate>2016-05-01 21:46:05</PriceUpdateDate><ItemCode>7290000438993</ItemCode><ItemType>1</ItemType><ItemName>דגני בוקר שוגי פיצי</ItemName><ManufacturerName>פיצי</ManufacturerName><ManufactureCountry>ישראל</ManufactureCountry><ManufacturerItemDescription>דגני בוקר שוגי פיצי</ManufacturerItemDescription><SoldByWeight/><Quantity>500.00</Quantity><UnitOfMeasure>גרם     </UnitOfMeasure><QtyInPackage>לא ידוע</QtyInPackage><UnitOfMeasurePrice>0.0458</UnitOfMeasurePrice><AllowDiscount>1</AllowDiscount><ItemStatus>1</ItemStatus><ItemPrice>22.90</ItemPrice></item><item><PriceUpdateDate>2016-05-30 22:02:11</PriceUpdateDate><ItemCode>7290000439013</ItemCode><ItemType>1</ItemType><ItemName>ברנפלקס 500 גרם</ItemName><ManufacturerName>ברנפלקס - תלמה</ManufacturerName><ManufactureCountry>ישראל</ManufactureCountry><ManufacturerItemDescription>ברנפלקס בדץ 500 גרם</ManufacturerItemDescription><SoldByWeight/><Quantity>500.00</Quantity><UnitOfMeasure>גרם     </UnitOfMeasure><QtyInPackage>לא ידוע</QtyInPackage><UnitOfMeasurePrice>0.0398</UnitOfMeasurePrice><AllowDiscount>1</AllowDiscount><ItemStatus>1</ItemStatus><ItemPrice>19.90</ItemPrice></item><item><PriceUpdateDate>2016-05-30 22:02:11</PriceUpdateDate><ItemCode>7290000439037</ItemCode><ItemType>1</ItemType><ItemName>פתית חיטה מלאה 250 ג</ItemName><ManufacturerName>פתית</ManufacturerName><ManufactureCountry>ישראל</ManufactureCountry><ManufacturerItemDescription>פתית חיטה מלאה בדצ 250 גר</ManufacturerItemDescription><SoldByWeight/><Quantity>250.00</Quantity><UnitOfMeasure>גרם     </UnitOfMeasure><QtyInPackage>לא ידוע</QtyInPackage><UnitOfMeasurePrice>0.0708</UnitOfMeasurePrice><AllowDiscount>1</AllowDiscount><ItemStatus>1</ItemStatus><ItemPrice>17.70</ItemPrice></item><item><PriceUpdateDate>2016-05-01 21:46:05</PriceUpdateDate><ItemCode>7290000439044</ItemCode><ItemType>1</ItemType><ItemName>קוקומן פצפוצי אורז 5</ItemName><ManufacturerName>קוקומן</ManufacturerName><ManufactureCountry>ישראל</ManufactureCountry><ManufacturerItemDescription>קוקומן פצפוצי אורז 5</ManufacturerItemDescription><SoldByWeight/><Quantity>500.00</Quantity><UnitOfMeasure>גרם     </UnitOfMeasure><QtyInPackage>לא ידוע</QtyInPackage><UnitOfMeasurePrice>0.0512</UnitOfMeasurePrice><AllowDiscount>1</AllowDiscount><ItemStatus>1</ItemStatus><ItemPrice>25.60</ItemPrice></item><item><PriceUpdateDate>2016-05-30 22:02:11</PriceUpdateDate><ItemCode>7290000439068</ItemCode><ItemType>1</ItemType><ItemName>כריות נוגט בד"צ 750</ItemName><ManufacturerName>כריות</ManufacturerName><ManufactureCountry>ישראל</ManufactureCountry><ManufacturerItemDescription>כריות נוגט 750 גרם בדצ</ManufacturerItemDescription><SoldByWeight/><Quantity>750.00</Quantity><UnitOfMeasure>גרם     </UnitOfMeasure><QtyInPackage>לא ידוע</QtyInPackage><UnitOfMeasurePrice>0.0332</UnitOfMeasurePrice><AllowDiscount>1</AllowDiscount><ItemStatus>1</ItemStatus><ItemPrice>24.90</ItemPrice></item><item><PriceUpdateDate>2015-10-11 10:46:07</PriceUpdateDate><ItemCode>7290000439075</ItemCode><ItemType>1</ItemType><ItemName>נמס בכוס ועוד זך זוג</ItemName><ManufacturerName>קנור</ManufacturerName><ManufactureCountry>ישראל</ManufactureCountry><ManufacturerItemDescription>מרקנמס בכוס ועוד זך 048 ג</ManufacturerItemDescription><SoldByWeight/><Quantity>14.00</Quantity><UnitOfMeasure>גרם     </UnitOfMeasure><QtyInPackage>לא ידוע</QtyInPackage><UnitOfMeasurePrice>0.5929</UnitOfMeasurePrice><AllowDiscount>1</AllowDiscount><ItemStatus>1</ItemStatus><ItemPrice>8.30</ItemPrice></item><item><PriceUpdateDate>2015-10-11 10:46:07</PriceUpdateDate><ItemCode>7290000439099</ItemCode><ItemType>1</ItemType><ItemName>מרק נמס בכוס ועוד עג</ItemName><ManufacturerName>קנור</ManufacturerName><ManufactureCountry>ישראל</ManufactureCountry><ManufacturerItemDescription>מרקנמס בכוס ועוד עגבניות0</ManufacturerItemDescription><SoldByWeight/><Quantity>14.00</Quantity><UnitOfMeasure>גרם     </UnitOfMeasure><QtyInPackage>לא ידוע</QtyInPackage><UnitOfMeasurePrice>0.5929</UnitOfMeasurePrice><AllowDiscount>1</AllowDiscount><ItemStatus>1</ItemStatus><ItemPrice>8.30</ItemPrice></item><item><PriceUpdateDate>2015-11-12 15:11:51</PriceUpdateDate><ItemCode>7290000439198</ItemCode><ItemType>1</ItemType><ItemName>מרק עוף אמיתי קנור ר</ItemName><ManufacturerName>קנור</ManufacturerName><ManufactureCountry>ישראל</ManufactureCountry><ManufacturerItemDescription>מרק עוף אמיתי רכיבים טבעי</ManufacturerItemDescription><SoldByWeight/><Quantity>400.00</Quantity><UnitOfMeasure>גרם     </UnitOfMeasure><QtyInPackage>לא ידוע</QtyInPackage><UnitOfMeasurePrice>0.0772</UnitOfMeasurePrice><AllowDiscount>1</AllowDiscount><ItemStatus>1</ItemStatus><ItemPrice>30.90</ItemPrice></item><item><PriceUpdateDate>2015-10-21 13:52:44</PriceUpdateDate><ItemCode>7290000439204</ItemCode><ItemType>1</ItemType><ItemName>דגני בוקר שוגי 1 ק"ג</ItemName><ManufacturerName>שוגי</ManufacturerName><ManufactureCountry>ישראל</ManufactureCountry><ManufacturerItemDescription>דגני בוקר שוגי 1 ק"ג</ManufacturerItemDescription><SoldByWeight/><Quantity>1000.00</Quantity><UnitOfMeasure>גרם     </UnitOfMeasure><QtyInPackage>לא ידוע</QtyInPackage><UnitOfMeasurePrice>0.0351</UnitOfMeasurePrice><AllowDiscount>1</AllowDiscount><ItemStatus>1</ItemStatus><ItemPrice>35.10</ItemPrice></item><item><PriceUpdateDate>2016-02-02 06:49:59</PriceUpdateDate><ItemCode>7290000439310</ItemCode><ItemType>1</ItemType><ItemName>שוקולד ורד גליל זוג</ItemName><ManufacturerName>ורד הגליל</ManufacturerName><ManufactureCountry>ישראל</ManufactureCountry><ManufacturerItemDescription>שוקולד ורד גליל זוג</ManufacturerItemDescription><SoldByWeight/><Quantity>200.00</Quantity><UnitOfMeasure>גרם     </UnitOfMeasure><QtyInPackage>לא ידוע</QtyInPackage><UnitOfMeasurePrice>0.0710</UnitOfMeasurePrice><AllowDiscount>1</AllowDiscount><ItemStatus>1</ItemStatus><ItemPrice>14.20</ItemPrice></item><item><PriceUpdateDate>2015-11-12 16:55:25</PriceUpdateDate><ItemCode>7290000439389</ItemCode><ItemType>1</ItemType><ItemName>שוקולד חלב+אגוזים  4</ItemName><ManufacturerName>פרה</ManufacturerName><ManufactureCountry>ישראל</ManufactureCountry><ManufacturerItemDescription>שוקולד חלב+אגוזים  4</ManufacturerItemDescription><SoldByWeight/><Quantity>400.00</Quantity><UnitOfMeasure>גרם     </UnitOfMeasure><QtyInPackage>לא ידוע</QtyInPackage><UnitOfMeasurePrice>0.0865</UnitOfMeasurePrice><AllowDiscount>1</AllowDiscount><ItemStatus>1</ItemStatus><ItemPrice>34.60</ItemPrice></item><item><PriceUpdateDate>2014-11-03 06:36:36</PriceUpdateDate><ItemCode>7290000439419</ItemCode><ItemType>1</ItemType><ItemName>קפוצינו וניל 200 גרם</ItemName><ManufacturerName>עלית קפוצינו</ManufacturerName><ManufactureCountry>ישראל</ManufactureCountry><ManufacturerItemDescription>קפוצינו וניל 200 גרם</ManufacturerItemDescription><SoldByWeight/><Quantity>200.00</Quantity><UnitOfMeasure>גרם     </UnitOfMeasure><QtyInPackage>לא ידוע</QtyInPackage><UnitOfMeasurePrice>0.1495</UnitOfMeasurePrice><AllowDiscount>1</AllowDiscount><ItemStatus>1</ItemStatus><ItemPrice>29.90</ItemPrice></item><item><PriceUpdateDate>2016-02-16 15:55:39</PriceUpdateDate><ItemCode>7290000439426</ItemCode><ItemType>1</ItemType><ItemName>שוקולד פרה קרם חלב 1</ItemName><ManufacturerName>פרה</ManufacturerName><ManufactureCountry>ישראל</ManufactureCountry><ManufacturerItemDescription>שוקולד פרה קרם חלב 100 גר</ManufacturerItemDescription><SoldByWeight/><Quantity>100.00</Quantity><UnitOfMeasure>גרם     </UnitOfMeasure><QtyInPackage>לא ידוע</QtyInPackage><UnitOfMeasurePrice>0.0690</UnitOfMeasurePrice><AllowDiscount>0</AllowDiscount><ItemStatus>1</ItemStatus><ItemPrice>6.90</ItemPrice></item><item><PriceUpdateDate>2016-02-16 15:55:39</PriceUpdateDate><ItemCode>7290000439440</ItemCode><ItemType>1</ItemType><ItemName>שוקולד פרה חלב אגוזי</ItemName><ManufacturerName>פרה</ManufacturerName><ManufactureCountry>ישראל</ManufactureCountry><ManufacturerItemDescription>שוקולד פרה חלב+אגוזים 100</ManufacturerItemDescription><SoldByWeight/><Quantity>100.00</Quantity><UnitOfMeasure>גרם     </UnitOfMeasure><QtyInPackage>לא ידוע</QtyInPackage><UnitOfMeasurePrice>0.0690</UnitOfMeasurePrice><AllowDiscount>0</AllowDiscount><ItemStatus>1</ItemStatus><ItemPrice>6.90</ItemPrice></item><item><PriceUpdateDate>2016-03-16 15:40:31</PriceUpdateDate><ItemCode>7290000439457</ItemCode><ItemType>1</ItemType><ItemName>שוקולד חלב פרה ללא ס</ItemName><ManufacturerName>פרה</ManufacturerName><ManufactureCountry>ישראל</ManufactureCountry><ManufacturerItemDescription>שוקולד חלב ללא סוכר 100 ג</ManufacturerItemDescription><SoldByWeight/><Quantity>100.00</Quantity><UnitOfMeasure>גרם     </UnitOfMeasure><QtyInPackage>לא ידוע</QtyInPackage><UnitOfMeasurePrice>0.0950</UnitOfMeasurePrice><AllowDiscount>1</AllowDiscount><ItemStatus>1</ItemStatus><ItemPrice>9.50</ItemPrice></item><item><PriceUpdateDate>2015-10-20 16:39:48</PriceUpdateDate><ItemCode>7290000439464</ItemCode><ItemType>1</ItemType><ItemName>חציל פיקנטי 500 גרם</ItemName><ManufacturerName>אחלה</ManufacturerName><ManufactureCountry>ישראל</ManufactureCountry><ManufacturerItemDescription>סלט 500חציל פיקנטי אחלה</ManufacturerItemDescription><SoldByWeight/><Quantity>500.00</Quantity><UnitOfMeasure>גרם     </UnitOfMeasure><QtyInPackage>לא ידוע</QtyInPackage><UnitOfMeasurePrice>0.0374</UnitOfMeasurePrice><AllowDiscount>1</AllowDiscount><ItemStatus>1</ItemStatus><ItemPrice>18.70</ItemPrice></item><item><PriceUpdateDate>2016-02-02 06:49:59</PriceUpdateDate><ItemCode>7290000439471</ItemCode><ItemType>1</ItemType><ItemName>רביולי במילוי גבינה</ItemName><ManufacturerName>שטראוס</ManufacturerName><ManufactureCountry>ישראל</ManufactureCountry><ManufacturerItemDescription>פסטהשטראוס רביולי גבינה40</ManufacturerItemDescription><SoldByWeight/><Quantity>400.00</Quantity><UnitOfMeasure>גרם     </UnitOfMeasure><QtyInPackage>לא ידוע</QtyInPackage><UnitOfMeasurePrice>0.0522</UnitOfMeasurePrice><AllowDiscount>1</AllowDiscount><ItemStatus>1</ItemStatus><ItemPrice>20.90</ItemPrice></item><item><PriceUpdateDate>2016-06-01 09:41:31</PriceUpdateDate><ItemCode>7290000439525</ItemCode><ItemType>1</ItemType><ItemName>מב קצפת ריצ' פרווה 2</ItemName><ManufacturerName>ריצ</ManufacturerName><ManufactureCountry>ארצות הברית</ManufactureCountry><ManufacturerItemDescription>בייבי ביס       נה 50 גר</ManufacturerItemDescription><SoldByWeight/><Quantity>212.00</Quantity><UnitOfMeasure>מ"ל</UnitOfMeasure><QtyInPackage>לא ידוע</QtyInPackage><UnitOfMeasurePrice>0.0325</UnitOfMeasurePrice><AllowDiscount>1</AllowDiscount><ItemStatus>1</ItemStatus><ItemPrice>6.90</ItemPrice></item><item><PriceUpdateDate>2015-11-12 18:17:53</PriceUpdateDate><ItemCode>7290000439532</ItemCode><ItemType>1</ItemType><ItemName>קצפת ריצ' פרווה 425</ItemName><ManufacturerName>ריצ</ManufacturerName><ManufactureCountry>ארצות הברית</ManufactureCountry><ManufacturerItemDescription>דאק דיסק ג'ל    לה לבנדר</ManufacturerItemDescription><SoldByWeight/><Quantity>425.00</Quantity><UnitOfMeasure>מ"ל</UnitOfMeasure><QtyInPackage>לא ידוע</QtyInPackage><UnitOfMeasurePrice>0.0447</UnitOfMeasurePrice><AllowDiscount>1</AllowDiscount><ItemStatus>1</ItemStatus><ItemPrice>19.00</ItemPrice></item><item><PriceUpdateDate>2016-03-31 10:18:37</PriceUpdateDate><ItemCode>7290000439549</ItemCode><ItemType>1</ItemType><ItemName>מב קצפת ריצ' חלבי במ</ItemName><ManufacturerName>ריצ</ManufacturerName><ManufactureCountry>איטליה</ManufactureCountry><ManufacturerItemDescription>רייד בליסטר2X   וי+מכשיר</ManufacturerItemDescription><SoldByWeight/><Quantity>250.00</Quantity><UnitOfMeasure>גרם     </UnitOfMeasure><QtyInPackage>לא ידוע</QtyInPackage><UnitOfMeasurePrice>0.0396</UnitOfMeasurePrice><AllowDiscount>1</AllowDiscount><ItemStatus>1</ItemStatus><ItemPrice>9.90</ItemPrice></item><item><PriceUpdateDate>2016-06-13 13:03:30</PriceUpdateDate><ItemCode>7290000439808</ItemCode><ItemType>1</ItemType><ItemName>יופלה אננס 3% 150 גר</ItemName><ManufacturerName>יופלה</ManufacturerName><ManufactureCountry>ישראל</ManufactureCountry><ManufacturerItemDescription>יופלה אננס 150 3% מל</ManufacturerItemDescription><SoldByWeight/><Quantity>150.00</Quantity><UnitOfMeasure>גרם     </UnitOfMeasure><QtyInPackage>לא ידוע</QtyInPackage><UnitOfMeasurePrice>0.0327</UnitOfMeasurePrice><AllowDiscount>1</AllowDiscount><ItemStatus>1</ItemStatus><ItemPrice>4.90</ItemPrice></item><item><PriceUpdateDate>2015-10-11 12:49:58</PriceUpdateDate><ItemCode>7290000439822</ItemCode><ItemType>1</ItemType><ItemName>שוקו תנובה בשקית 225</ItemName><ManufacturerName>שוק</ManufacturerName><ManufactureCountry>ישראל</ManufactureCountry><ManufacturerItemDescription>שוקו שוק בשקית 225 מל</ManufacturerItemDescription><SoldByWeight/><Quantity>225.00</Quantity><UnitOfMeasure>מ"ל</UnitOfMeasure><QtyInPackage>לא ידוע</QtyInPackage><UnitOfMeasurePrice>0.0129</UnitOfMeasurePrice><AllowDiscount>1</AllowDiscount><ItemStatus>1</ItemStatus><ItemPrice>2.90</ItemPrice></item><item><PriceUpdateDate>2015-10-20 16:43:01</PriceUpdateDate><ItemCode>7290000439839</ItemCode><ItemType>1</ItemType><ItemName>מעדן קרלו וניל 1.5%</ItemName><ManufacturerName>קרלו</ManufacturerName><ManufactureCountry>ישראל</ManufactureCountry><ManufacturerItemDescription>קרלו מעדן וניל125 3%מל</ManufacturerItemDescription><SoldByWeight/><Quantity>125.00</Quantity><UnitOfMeasure>גרם     </UnitOfMeasure><QtyInPackage>לא ידוע</QtyInPackage><UnitOfMeasurePrice>0.0240</UnitOfMeasurePrice><AllowDiscount>1</AllowDiscount><ItemStatus>1</ItemStatus><ItemPrice>3.00</ItemPrice></item><item><PriceUpdateDate>2015-10-11 12:49:58</PriceUpdateDate><ItemCode>7290000439846</ItemCode><ItemType>1</ItemType><ItemName>מעדן קרלו שוקו 1.5%</ItemName><ManufacturerName>קרלו</ManufacturerName><ManufactureCountry>ישראל</ManufactureCountry><ManufacturerItemDescription>קרלו מעדן שוקו125 3% מל</ManufacturerItemDescription><SoldByWeight/><Quantity>125.00</Quantity><UnitOfMeasure>מ"ל</UnitOfMeasure><QtyInPackage>לא ידוע</QtyInPackage><UnitOfMeasurePrice>0.0240</UnitOfMeasurePrice><AllowDiscount>1</AllowDiscount><ItemStatus>1</ItemStatus><ItemPrice>3.00</ItemPrice></item><item><PriceUpdateDate>2015-10-11 12:49:58</PriceUpdateDate><ItemCode>7290000439853</ItemCode><ItemType>1</ItemType><ItemName>מעדן קרלו שוניל 1.5%</ItemName><ManufacturerName>קרלו</ManufacturerName><ManufactureCountry>ישראל</ManufactureCountry><ManufacturerItemDescription>קרלו מעדן שוניל 125 1.5%</ManufacturerItemDescription><SoldByWeight/><Quantity>125.00</Quantity><UnitOfMeasure>גרם     </UnitOfMeasure><QtyInPackage>לא ידוע</QtyInPackage><UnitOfMeasurePrice>0.0248</UnitOfMeasurePrice><AllowDiscount>1</AllowDiscount><ItemStatus>1</ItemStatus><ItemPrice>3.10</ItemPrice></item><item><PriceUpdateDate>2016-02-15 08:36:53</PriceUpdateDate><ItemCode>7290000439860</ItemCode><ItemType>1</ItemType><ItemName>יופלה דיאט דובדבן 0%</ItemName><ManufacturerName>יופלה</ManufacturerName><ManufactureCountry>ישראל</ManufactureCountry><ManufacturerItemDescription>יופלה דיאט דובדבן 150 מל</ManufacturerItemDescription><SoldByWeight/><Quantity>150.00</Quantity><UnitOfMeasure>גרם     </UnitOfMeasure><QtyInPackage>לא ידוע</QtyInPackage><UnitOfMeasurePrice>0.0353</UnitOfMeasurePrice><AllowDiscount>1</AllowDiscount><ItemStatus>1</ItemStatus><ItemPrice>5.30</ItemPrice></item><item><PriceUpdateDate>2016-03-29 06:16:53</PriceUpdateDate><ItemCode>7290000439891</ItemCode><ItemType>1</ItemType><ItemName>שוקו תנובה בשקית מאר</ItemName><ManufacturerName>תנובה</ManufacturerName><ManufactureCountry>ישראל</ManufactureCountry><ManufacturerItemDescription>שוקו מאגדת שקיות 225*6 מל</ManufacturerItemDescription><SoldByWeight/><Quantity>1350.00</Quantity><UnitOfMeasure>מ"ל</UnitOfMeasure><QtyInPackage>לא ידוע</QtyInPackage><UnitOfMeasurePrice>0.0124</UnitOfMeasurePrice><AllowDiscount>1</AllowDiscount><ItemStatus>1</ItemStatus><ItemPrice>16.70</ItemPrice></item><item><PriceUpdateDate>2016-03-29 06:16:53</PriceUpdateDate><ItemCode>7290000439921</ItemCode><ItemType>1</ItemType><ItemName>גבינה בולגרית 16% פי</ItemName><ManufacturerName>פיראוס</ManufacturerName><ManufactureCountry>ישראל</ManufactureCountry><ManufacturerItemDescription>גבינה בולגרית פיראוס250-1</ManufacturerItemDescription><SoldByWeight/><Quantity>250.00</Quantity><UnitOfMeasure>גרם     </UnitOfMeasure><QtyInPackage>לא ידוע</QtyInPackage><UnitOfMeasurePrice>0.0960</UnitOfMeasurePrice><AllowDiscount>1</AllowDiscount><ItemStatus>1</ItemStatus><ItemPrice>24.00</ItemPrice></item><item><PriceUpdateDate>2016-03-29 06:16:53</PriceUpdateDate><ItemCode>7290000439938</ItemCode><ItemType>1</ItemType><ItemName>גבינה בולגית 5% פירא</ItemName><ManufacturerName>פיראוס</ManufacturerName><ManufactureCountry>ישראל</ManufactureCountry><ManufacturerItemDescription>גבינה בולגרית פיראוס250-5</ManufacturerItemDescription><SoldByWeight/><Quantity>250.00</Quantity><UnitOfMeasure>גרם     </UnitOfMeasure><QtyInPackage>לא ידוע</QtyInPackage><UnitOfMeasurePrice>0.0908</UnitOfMeasurePrice><AllowDiscount>1</AllowDiscount><ItemStatus>1</ItemStatus><ItemPrice>22.70</ItemPrice></item><item><PriceUpdateDate>2016-02-15 08:36:53</PriceUpdateDate><ItemCode>7290000440002</ItemCode><ItemType>1</ItemType><ItemName>יופלה דיאט אפרסק 0%</ItemName><ManufacturerName>יופלה</ManufacturerName><ManufactureCountry>ישראל</ManufactureCountry><ManufacturerItemDescription>יופלה דיאט אפרסק 150 גרם</ManufacturerItemDescription><SoldByWeight/><Quantity>150.00</Quantity><UnitOfMeasure>גרם     </UnitOfMeasure><QtyInPackage>לא ידוע</QtyInPackage><UnitOfMeasurePrice>0.0353</UnitOfMeasurePrice><AllowDiscount>1</AllowDiscount><ItemStatus>1</ItemStatus><ItemPrice>5.30</ItemPrice></item><item><PriceUpdateDate>2016-05-01 21:46:05</PriceUpdateDate><ItemCode>7290000440026</ItemCode><ItemType>1</ItemType><ItemName>מאגדת יופלה3% אפרסק/</ItemName><ManufacturerName>יופלה</ManufacturerName><ManufactureCountry>ישראל</ManufactureCountry><ManufacturerItemDescription>מאגדת יופלה3% אפרסק/</ManufacturerItemDescription><SoldByWeight/><Quantity>2880.00</Quantity><UnitOfMeasure>מ"ל</UnitOfMeasure><QtyInPackage>לא ידוע</QtyInPackage><UnitOfMeasurePrice>0.0110</UnitOfMeasurePrice><AllowDiscount>1</AllowDiscount><ItemStatus>1</ItemStatus><ItemPrice>31.60</ItemPrice></item><item><PriceUpdateDate>2016-06-13 13:03:30</PriceUpdateDate><ItemCode>7290000440057</ItemCode><ItemType>1</ItemType><ItemName>יופלה עוגת גבינה 3%</ItemName><ManufacturerName>יופלה</ManufacturerName><ManufactureCountry>ישראל</ManufactureCountry><ManufacturerItemDescription>יופלה עוגת קרם גבינה ותות</ManufacturerItemDescription><SoldByWeight/><Quantity>150.00</Quantity><UnitOfMeasure>גרם     </UnitOfMeasure><QtyInPackage>לא ידוע</QtyInPackage><UnitOfMeasurePrice>0.0327</UnitOfMeasurePrice><AllowDiscount>1</AllowDiscount><ItemStatus>1</ItemStatus><ItemPrice>4.90</ItemPrice></item><item><PriceUpdateDate>2015-10-20 16:43:01</PriceUpdateDate><ItemCode>7290000440071</ItemCode><ItemType>1</ItemType><ItemName>פטה כבשים פיראוס 20%</ItemName><ManufacturerName>פיראוס</ManufacturerName><ManufactureCountry>ישראל</ManufactureCountry><ManufacturerItemDescription>פטה כבשים פיראוס 20%</ManufacturerItemDescription><SoldByWeight/><Quantity>250.00</Quantity><UnitOfMeasure>גרם     </UnitOfMeasure><QtyInPackage>לא ידוע</QtyInPackage><UnitOfMeasurePrice>0.1108</UnitOfMeasurePrice><AllowDiscount>1</AllowDiscount><ItemStatus>1</ItemStatus><ItemPrice>27.70</ItemPrice></item><item><PriceUpdateDate>2016-03-29 06:16:53</PriceUpdateDate><ItemCode>7290000440088</ItemCode><ItemType>1</ItemType><ItemName>קוביות בולגרית 5% פי</ItemName><ManufacturerName>פיראוס</ManufacturerName><ManufactureCountry>ישראל</ManufactureCountry><ManufacturerItemDescription>גבינה בולגרית קוביות פירא</ManufacturerItemDescription><SoldByWeight/><Quantity>200.00</Quantity><UnitOfMeasure>גרם     </UnitOfMeasure><QtyInPackage>לא ידוע</QtyInPackage><UnitOfMeasurePrice>0.1075</UnitOfMeasurePrice><AllowDiscount>1</AllowDiscount><ItemStatus>1</ItemStatus><ItemPrice>21.50</ItemPrice></item><item><PriceUpdateDate>2016-06-13 13:03:30</PriceUpdateDate><ItemCode>7290000440118</ItemCode><ItemType>1</ItemType><ItemName>גבינת עמק פתיתים 200</ItemName><ManufacturerName>שף לבן</ManufacturerName><ManufactureCountry>ישראל</ManufactureCountry><ManufacturerItemDescription>פתיתי עמק למאפים 200 גרם</ManufacturerItemDescription><SoldByWeight/><Quantity>200.00</Quantity><UnitOfMeasure>גרם     </UnitOfMeasure><QtyInPackage>לא ידוע</QtyInPackage><UnitOfMeasurePrice>0.0730</UnitOfMeasurePrice><AllowDiscount>1</AllowDiscount><ItemStatus>1</ItemStatus><ItemPrice>14.60</ItemPrice></item><item><PriceUpdateDate>2016-06-13 13:03:30</PriceUpdateDate><ItemCode>7290000440125</ItemCode><ItemType>1</ItemType><ItemName>גבינת פתיתי פרמזן לפ</ItemName><ManufacturerName>שף לבן</ManufacturerName><ManufactureCountry>ישראל</ManufactureCountry><ManufacturerItemDescription>פרמזן פתיתים100 גר</ManufacturerItemDescription><SoldByWeight/><Quantity>1000.00</Quantity><UnitOfMeasure>גרם     </UnitOfMeasure><QtyInPackage>לא ידוע</QtyInPackage><UnitOfMeasurePrice>0.0122</UnitOfMeasurePrice><AllowDiscount>1</AllowDiscount><ItemStatus>1</ItemStatus><ItemPrice>12.20</ItemPrice></item><item><PriceUpdateDate>2016-02-16 12:24:29</PriceUpdateDate><ItemCode>7290000440132</ItemCode><ItemType>1</ItemType><ItemName>צהובה גוש חלב 28% פר</ItemName><ManufacturerName>גוש חלב</ManufacturerName><ManufactureCountry>ישראל</ManufactureCountry><ManufacturerItemDescription>צהובה גוש חלב 28% פר</ManufacturerItemDescription><SoldByWeight/><Quantity>200.00</Quantity><UnitOfMeasure>גרם     </UnitOfMeasure><QtyInPackage>לא ידוע</QtyInPackage><UnitOfMeasurePrice>0.0695</UnitOfMeasurePrice><AllowDiscount>1</AllowDiscount><ItemStatus>1</ItemStatus><ItemPrice>13.90</ItemPrice></item><item><PriceUpdateDate>2015-09-30 23:37:37</PriceUpdateDate><ItemCode>7290000440149</ItemCode><ItemType>1</ItemType><ItemName>גבינה עמק פרוס 200 ג</ItemName><ManufacturerName>עמק</ManufacturerName><ManufactureCountry>ישראל</ManufactureCountry><ManufacturerItemDescription>גבינה עמק פרוס פתיחה חוזר</ManufacturerItemDescription><SoldByWeight/><Quantity>200.00</Quantity><UnitOfMeasure>גרם     </UnitOfMeasure><QtyInPackage>לא ידוע</QtyInPackage><UnitOfMeasurePrice>0.0765</UnitOfMeasurePrice><AllowDiscount>1</AllowDiscount><ItemStatus>1</ItemStatus><ItemPrice>15.30</ItemPrice></item><item><PriceUpdateDate>2015-10-11 12:49:59</PriceUpdateDate><ItemCode>7290000440163</ItemCode><ItemType>1</ItemType><ItemName>גבינת עמק לייט 9% 20</ItemName><ManufacturerName>עמק</ManufacturerName><ManufactureCountry>ישראל</ManufactureCountry><ManufacturerItemDescription>גבינה קשה עמק לייט200 9%</ManufacturerItemDescription><SoldByWeight/><Quantity>200.00</Quantity><UnitOfMeasure>גרם     </UnitOfMeasure><QtyInPackage>לא ידוע</QtyInPackage><UnitOfMeasurePrice>0.0835</UnitOfMeasurePrice><AllowDiscount>1</AllowDiscount><ItemStatus>1</ItemStatus><ItemPrice>16.70</ItemPrice></item><item><PriceUpdateDate>2016-06-17 09:14:02</PriceUpdateDate><ItemCode>7290000440187</ItemCode><ItemType>1</ItemType><ItemName>פתיתי עמק למאפה השף</ItemName><ManufacturerName>שף לבן</ManufacturerName><ManufactureCountry>ישראל</ManufactureCountry><ManufacturerItemDescription>פתיתי עמק למאפה השף</ManufacturerItemDescription><SoldByWeight/><Quantity>500.00</Quantity><UnitOfMeasure>גרם     </UnitOfMeasure><QtyInPackage>לא ידוע</QtyInPackage><UnitOfMeasurePrice>0.0678</UnitOfMeasurePrice><AllowDiscount>1</AllowDiscount><ItemStatus>1</ItemStatus><ItemPrice>33.90</ItemPrice></item><item><PriceUpdateDate>2015-10-11 12:49:59</PriceUpdateDate><ItemCode>7290000440217</ItemCode><ItemType>1</ItemType><ItemName>גבינת חמד פיראוס ליי</ItemName><ManufacturerName>פיראוס</ManufacturerName><ManufactureCountry>ישראל</ManufactureCountry><ManufacturerItemDescription>גבינת חמד פיראוס ליי</ManufacturerItemDescription><SoldByWeight/><Quantity>250.00</Quantity><UnitOfMeasure>גרם     </UnitOfMeasure><QtyInPackage>לא ידוע</QtyInPackage><UnitOfMeasurePrice>0.0700</UnitOfMeasurePrice><AllowDiscount>1</AllowDiscount><ItemStatus>1</ItemStatus><ItemPrice>17.50</ItemPrice></item><item><PriceUpdateDate>2015-10-20 16:43:01</PriceUpdateDate><ItemCode>7290000440224</ItemCode><ItemType>1</ItemType><ItemName>אצבעות עמק 172 גרם</ItemName><ManufacturerName>עמק</ManufacturerName><ManufactureCountry>ישראל</ManufactureCountry><ManufacturerItemDescription>אצבעות גבינה עמק 172 גרם</ManufacturerItemDescription><SoldByWeight/><Quantity>172.00</Quantity><UnitOfMeasure>גרם     </UnitOfMeasure><QtyInPackage>לא ידוע</QtyInPackage><UnitOfMeasurePrice>0.0959</UnitOfMeasurePrice><AllowDiscount>1</AllowDiscount><ItemStatus>1</ItemStatus><ItemPrice>16.50</ItemPrice></item><item><PriceUpdateDate>2016-06-13 13:03:30</PriceUpdateDate><ItemCode>7290000440279</ItemCode><ItemType>1</ItemType><ItemName>גבינה לבנה רכה 5% לל</ItemName><ManufacturerName>גבינות תנובה</ManufacturerName><ManufactureCountry>ישראל</ManufactureCountry><ManufacturerItemDescription>גבינה לבנה רכה 5% לל</ManufacturerItemDescription><SoldByWeight/><Quantity>250.00</Quantity><UnitOfMeasure>גרם     </UnitOfMeasure><QtyInPackage>לא ידוע</QtyInPackage><UnitOfMeasurePrice>0.0192</UnitOfMeasurePrice><AllowDiscount>1</AllowDiscount><ItemStatus>1</ItemStatus><ItemPrice>4.80</ItemPrice></item><item><PriceUpdateDate>2016-02-15 08:36:53</PriceUpdateDate><ItemCode>7290000440309</ItemCode><ItemType>1</ItemType><ItemName>יופלה דיאט תות 0% 15</ItemName><ManufacturerName>יופלה</ManufacturerName><ManufactureCountry>ישראל</ManufactureCountry><ManufacturerItemDescription>יופלה דיאט תות 150 מל</ManufacturerItemDescription><SoldByWeight/><Quantity>150.00</Quantity><UnitOfMeasure>גרם     </UnitOfMeasure><QtyInPackage>לא ידוע</QtyInPackage><UnitOfMeasurePrice>0.0353</UnitOfMeasurePrice><AllowDiscount>1</AllowDiscount><ItemStatus>1</ItemStatus><ItemPrice>5.30</ItemPrice></item><item><PriceUpdateDate>2015-10-11 12:49:59</PriceUpdateDate><ItemCode>7290000440354</ItemCode><ItemType>1</ItemType><ItemName>שמנת תנובה 9% שומן</ItemName><ManufacturerName>חלב תנובה</ManufacturerName><ManufactureCountry>ישראל</ManufactureCountry><ManufacturerItemDescription>שמנת תנובה 200 9% מל</ManufacturerItemDescription><SoldByWeight/><Quantity>200.00</Quantity><UnitOfMeasure>מ"ל</UnitOfMeasure><QtyInPackage>לא ידוע</QtyInPackage><UnitOfMeasurePrice>0.0185</UnitOfMeasurePrice><AllowDiscount>1</AllowDiscount><ItemStatus>1</ItemStatus><ItemPrice>3.70</ItemPrice></item><item><PriceUpdateDate>2016-02-11 09:32:36</PriceUpdateDate><ItemCode>7290000440361</ItemCode><ItemType>1</ItemType><ItemName>אשל לבן 4.5% 200 מ"ל</ItemName><ManufacturerName>אשל</ManufacturerName><ManufactureCountry>ישראל</ManufactureCountry><ManufacturerItemDescription>שלי אשל200 מל מהדרין פיקו</ManufacturerItemDescription><SoldByWeight/><Quantity>200.00</Quantity><UnitOfMeasure>מ"ל</UnitOfMeasure><QtyInPackage>לא ידוע</QtyInPackage><UnitOfMeasurePrice>0.0078</UnitOfMeasurePrice><AllowDiscount>1</AllowDiscount><ItemStatus>1</ItemStatus><ItemPrice>1.55</ItemPrice></item><item><PriceUpdateDate>2016-02-11 09:32:36</PriceUpdateDate><ItemCode>7290000440378</ItemCode><ItemType>1</ItemType><ItemName>גיל לבן 3% 200 מ"ל ת</ItemName><ManufacturerName>גיל</ManufacturerName><ManufactureCountry>ישראל</ManufactureCountry><ManufacturerItemDescription>שלי גיל200 מל    פיקוח</ManufacturerItemDescription><SoldByWeight/><Quantity>200.00</Quantity><UnitOfMeasure>מ"ל</UnitOfMeasure><QtyInPackage>לא ידוע</QtyInPackage><UnitOfMeasurePrice>0.0070</UnitOfMeasurePrice><AllowDiscount>1</AllowDiscount><ItemStatus>1</ItemStatus><ItemPrice>1.40</ItemPrice></item><item><PriceUpdateDate>2016-02-11 09:32:36</PriceUpdateDate><ItemCode>7290000440385</ItemCode><ItemType>1</ItemType><ItemName>שמנת תנובה 15% 200 מ</ItemName><ManufacturerName>חלב תנובה</ManufacturerName><ManufactureCountry>ישראל</ManufactureCountry><ManufacturerItemDescription>שמנת תנובה200 15% מל  פיק</ManufacturerItemDescription><SoldByWeight/><Quantity>200.00</Quantity><UnitOfMeasure>מ"ל</UnitOfMeasure><QtyInPackage>לא ידוע</QtyInPackage><UnitOfMeasurePrice>0.0110</UnitOfMeasurePrice><AllowDiscount>1</AllowDiscount><ItemStatus>1</ItemStatus><ItemPrice>2.20</ItemPrice></item><item><PriceUpdateDate>2015-09-30 23:37:37</PriceUpdateDate><ItemCode>7290000440392</ItemCode><ItemType>1</ItemType><ItemName>שמנת חמוצה 15% 500 ג</ItemName><ManufacturerName>תנובה</ManufacturerName><ManufactureCountry>ישראל</ManufactureCountry><ManufacturerItemDescription>שמנת חמוצה 15% 500 ג</ManufacturerItemDescription><SoldByWeight/><Quantity>500.00</Quantity><UnitOfMeasure>מ"ל</UnitOfMeasure><QtyInPackage>לא ידוע</QtyInPackage><UnitOfMeasurePrice>0.0114</UnitOfMeasurePrice><AllowDiscount>1</AllowDiscount><ItemStatus>1</ItemStatus><ItemPrice>5.70</ItemPrice></item><item><PriceUpdateDate>2015-07-24 10:13:14</PriceUpdateDate><ItemCode>7290000440408</ItemCode><ItemType>1</ItemType><ItemName>שמנת אורגינל 15% חצי</ItemName><ManufacturerName>חלב תנובה</ManufacturerName><ManufactureCountry>ישראל</ManufactureCountry><ManufacturerItemDescription>שמנת תנובה 15% חצי מנה 10</ManufacturerItemDescription><SoldByWeight/><Quantity>100.00</Quantity><UnitOfMeasure>מ"ל</UnitOfMeasure><QtyInPackage>לא ידוע</QtyInPackage><UnitOfMeasurePrice>0.0190</UnitOfMeasurePrice><AllowDiscount>1</AllowDiscount><ItemStatus>1</ItemStatus><ItemPrice>1.90</ItemPrice></item><item><PriceUpdateDate>2016-05-30 22:02:12</PriceUpdateDate><ItemCode>7290000440415</ItemCode><ItemType>1</ItemType><ItemName>משקה סויה מעושר בסיד</ItemName><ManufacturerName>סו תנובה</ManufacturerName><ManufactureCountry>ישראל</ManufactureCountry><ManufacturerItemDescription>משקה סויה מועשר בסידן 1 ל</ManufacturerItemDescription><SoldByWeight/><Quantity>1000.00</Quantity><UnitOfMeasure>מ"ל</UnitOfMeasure><QtyInPackage>לא ידוע</QtyInPackage><UnitOfMeasurePrice>0.0109</UnitOfMeasurePrice><AllowDiscount>0</AllowDiscount><ItemStatus>1</ItemStatus><ItemPrice>10.90</ItemPrice></item><item><PriceUpdateDate>2016-05-30 22:02:12</PriceUpdateDate><ItemCode>7290000440422</ItemCode><ItemType>1</ItemType><ItemName>משקה סויה על הבוקר 1</ItemName><ManufacturerName>סו תנובה</ManufacturerName><ManufactureCountry>ישראל</ManufactureCountry><ManufacturerItemDescription>משקה סויה על הבוקר וניל 1</ManufacturerItemDescription><SoldByWeight/><Quantity>1000.00</Quantity><UnitOfMeasure>מ"ל</UnitOfMeasure><QtyInPackage>לא ידוע</QtyInPackage><UnitOfMeasurePrice>0.0109</UnitOfMeasurePrice><AllowDiscount>0</AllowDiscount><ItemStatus>1</ItemStatus><ItemPrice>10.90</ItemPrice></item><item><PriceUpdateDate>2015-11-12 17:28:16</PriceUpdateDate><ItemCode>7290000440439</ItemCode><ItemType>1</ItemType><ItemName>משקה סויה עמיד טבעי</ItemName><ManufacturerName>סו תנובה</ManufacturerName><ManufactureCountry>ישראל</ManufactureCountry><ManufacturerItemDescription>משקה סויה עמיד טבעי</ManufacturerItemDescription><SoldByWeight/><Quantity>1000.00</Quantity><UnitOfMeasure>מ"ל</UnitOfMeasure><QtyInPackage>לא ידוע</QtyInPackage><UnitOfMeasurePrice>0.0118</UnitOfMeasurePrice><AllowDiscount>0</AllowDiscount><ItemStatus>1</ItemStatus><ItemPrice>11.80</ItemPrice></item><item><PriceUpdateDate>2016-02-16 12:24:29</PriceUpdateDate><ItemCode>7290000440446</ItemCode><ItemType>1</ItemType><ItemName>שמנת לבישול15% השף ה</ItemName><ManufacturerName>שף לבן</ManufacturerName><ManufactureCountry>ישראל</ManufactureCountry><ManufacturerItemDescription>שמנת לבישול 250 15% מל</ManufacturerItemDescription><SoldByWeight/><Quantity>250.00</Quantity><UnitOfMeasure>מ"ל</UnitOfMeasure><QtyInPackage>לא ידוע</QtyInPackage><UnitOfMeasurePrice>0.0376</UnitOfMeasurePrice><AllowDiscount>1</AllowDiscount><ItemStatus>1</ItemStatus><ItemPrice>9.40</ItemPrice></item><item><PriceUpdateDate>2016-02-25 09:05:07</PriceUpdateDate><ItemCode>7290000440453</ItemCode><ItemType>1</ItemType><ItemName>שמנת להקצפה 32% 250</ItemName><ManufacturerName>שף לבן</ManufacturerName><ManufactureCountry>ישראל</ManufactureCountry><ManufacturerItemDescription>שמנת להקצפה 250 - 32% מל</ManufacturerItemDescription><SoldByWeight/><Quantity>250.00</Quantity><UnitOfMeasure>מ"ל</UnitOfMeasure><QtyInPackage>לא ידוע</QtyInPackage><UnitOfMeasurePrice>0.0276</UnitOfMeasurePrice><AllowDiscount>1</AllowDiscount><ItemStatus>1</ItemStatus><ItemPrice>6.90</ItemPrice></item><item><PriceUpdateDate>2016-02-16 12:24:29</PriceUpdateDate><ItemCode>7290000440460</ItemCode><ItemType>1</ItemType><ItemName>עמק פרוס בקופסא 400</ItemName><ManufacturerName>עמק</ManufacturerName><ManufactureCountry>ישראל</ManufactureCountry><ManufacturerItemDescription>גבינהקשה עמק 400 28% גרם</ManufacturerItemDescription><SoldByWeight/><Quantity>400.00</Quantity><UnitOfMeasure>גרם     </UnitOfMeasure><QtyInPackage>לא ידוע</QtyInPackage><UnitOfMeasurePrice>0.0722</UnitOfMeasurePrice><AllowDiscount>1</AllowDiscount><ItemStatus>1</ItemStatus><ItemPrice>28.90</ItemPrice></item><item><PriceUpdateDate>2015-10-11 12:50:00</PriceUpdateDate><ItemCode>7290000440507</ItemCode><ItemType>1</ItemType><ItemName>גבינה צהובה טל העמק</ItemName><ManufacturerName>עמק</ManufacturerName><ManufactureCountry>ישראל</ManufactureCountry><ManufacturerItemDescription>גבינהקשה טל העמק לייט200</ManufacturerItemDescription><SoldByWeight/><Quantity>200.00</Quantity><UnitOfMeasure>גרם     </UnitOfMeasure><QtyInPackage>לא ידוע</QtyInPackage><UnitOfMeasurePrice>0.0945</UnitOfMeasurePrice><AllowDiscount>1</AllowDiscount><ItemStatus>1</ItemStatus><ItemPrice>18.90</ItemPrice></item><item><PriceUpdateDate>2016-02-15 08:36:53</PriceUpdateDate><ItemCode>7290000440514</ItemCode><ItemType>1</ItemType><ItemName>יופלה דיאט פירות יער</ItemName><ManufacturerName>יופלה</ManufacturerName><ManufactureCountry>ישראל</ManufactureCountry><ManufacturerItemDescription>יופלה דיאט פירות יער 150</ManufacturerItemDescription><SoldByWeight/><Quantity>150.00</Quantity><UnitOfMeasure>גרם     </UnitOfMeasure><QtyInPackage>לא ידוע</QtyInPackage><UnitOfMeasurePrice>0.0353</UnitOfMeasurePrice><AllowDiscount>1</AllowDiscount><ItemStatus>1</ItemStatus><ItemPrice>5.30</ItemPrice></item><item><PriceUpdateDate>2016-05-30 22:02:12</PriceUpdateDate><ItemCode>7290000440521</ItemCode><ItemType>1</ItemType><ItemName>שוקו תנובה 250 מ"ל</ItemName><ManufacturerName>שוק</ManufacturerName><ManufactureCountry>ישראל</ManufactureCountry><ManufacturerItemDescription>שוקו בקבוק 250 מל מהדרין</ManufacturerItemDescription><SoldByWeight/><Quantity>250.00</Quantity><UnitOfMeasure>מ"ל</UnitOfMeasure><QtyInPackage>לא ידוע</QtyInPackage><UnitOfMeasurePrice>0.0228</UnitOfMeasurePrice><AllowDiscount>1</AllowDiscount><ItemStatus>1</ItemStatus><ItemPrice>5.70</ItemPrice></item><item><PriceUpdateDate>2015-11-12 14:34:23</PriceUpdateDate><ItemCode>7290000440538</ItemCode><ItemType>1</ItemType><ItemName>קוטג' 3% מהדרין 250</ItemName><ManufacturerName>קוטג תנובה</ManufacturerName><ManufactureCountry>ישראל</ManufactureCountry><ManufacturerItemDescription>קוטג 250 3% גרם</ManufacturerItemDescription><SoldByWeight/><Quantity>250.00</Quantity><UnitOfMeasure>גרם     </UnitOfMeasure><QtyInPackage>לא ידוע</QtyInPackage><UnitOfMeasurePrice>0.0228</UnitOfMeasurePrice><AllowDiscount>1</AllowDiscount><ItemStatus>1</ItemStatus><ItemPrice>5.70</ItemPrice></item><item><PriceUpdateDate>2015-09-30 23:37:37</PriceUpdateDate><ItemCode>7290000440545</ItemCode><ItemType>1</ItemType><ItemName>קוטג' 5% מהדרין 250</ItemName><ManufacturerName>קוטג תנובה</ManufacturerName><ManufactureCountry>ישראל</ManufactureCountry><ManufacturerItemDescription>קוטג250 5% גר.בעלז</ManufacturerItemDescription><SoldByWeight/><Quantity>250.00</Quantity><UnitOfMeasure>גרם     </UnitOfMeasure><QtyInPackage>לא ידוע</QtyInPackage><UnitOfMeasurePrice>0.0228</UnitOfMeasurePrice><AllowDiscount>1</AllowDiscount><ItemStatus>1</ItemStatus><ItemPrice>5.70</ItemPrice></item><item><PriceUpdateDate>2015-11-12 14:34:23</PriceUpdateDate><ItemCode>7290000440552</ItemCode><ItemType>1</ItemType><ItemName>קוטג' 9% 250 גרם תנו</ItemName><ManufacturerName>קוטג תנובה</ManufacturerName><ManufactureCountry>ישראל</ManufactureCountry><ManufacturerItemDescription>קוטג250 9% גרם בעלז</ManufacturerItemDescription><SoldByWeight/><Quantity>250.00</Quantity><UnitOfMeasure>גרם     </UnitOfMeasure><QtyInPackage>לא ידוע</QtyInPackage><UnitOfMeasurePrice>0.0228</UnitOfMeasurePrice><AllowDiscount>1</AllowDiscount><ItemStatus>1</ItemStatus><ItemPrice>5.70</ItemPrice></item><item><PriceUpdateDate>2016-05-22 09:27:47</PriceUpdateDate><ItemCode>7290000440583</ItemCode><ItemType>1</ItemType><ItemName>גבינה לבנה 5% 500 גר</ItemName><ManufacturerName>גבינות תנובה</ManufacturerName><ManufactureCountry>ישראל</ManufactureCountry><ManufacturerItemDescription>גבינה למריחה 500 5% גרם</ManufacturerItemDescription><SoldByWeight/><Quantity>500.00</Quantity><UnitOfMeasure>גרם     </UnitOfMeasure><QtyInPackage>לא ידוע</QtyInPackage><UnitOfMeasurePrice>0.0184</UnitOfMeasurePrice><AllowDiscount>1</AllowDiscount><ItemStatus>1</ItemStatus><ItemPrice>9.20</ItemPrice></item><item><PriceUpdateDate>2016-05-22 09:27:47</PriceUpdateDate><ItemCode>7290000440590</ItemCode><ItemType>1</ItemType><ItemName>גבינה לבנה 9% 500 גר</ItemName><ManufacturerName>גבינות תנובה</ManufacturerName><ManufactureCountry>ישראל</ManufactureCountry><ManufacturerItemDescription>גבינה לבנה 9% 500 גר</ManufacturerItemDescription><SoldByWeight/><Quantity>500.00</Quantity><UnitOfMeasure>גרם     </UnitOfMeasure><QtyInPackage>לא ידוע</QtyInPackage><UnitOfMeasurePrice>0.0198</UnitOfMeasurePrice><AllowDiscount>1</AllowDiscount><ItemStatus>1</ItemStatus><ItemPrice>9.90</ItemPrice></item><item><PriceUpdateDate>2016-02-11 09:32:36</PriceUpdateDate><ItemCode>7290000440606</ItemCode><ItemType>1</ItemType><ItemName>גבינה לבנה 5% 750 גר</ItemName><ManufacturerName>גבינות תנובה</ManufacturerName><ManufactureCountry>ישראל</ManufactureCountry><ManufacturerItemDescription>גבינה לבנה 5% 750 גר</ManufacturerItemDescription><SoldByWeight/><Quantity>750.00</Quantity><UnitOfMeasure>גרם     </UnitOfMeasure><QtyInPackage>לא ידוע</QtyInPackage><UnitOfMeasurePrice>0.0184</UnitOfMeasurePrice><AllowDiscount>1</AllowDiscount><ItemStatus>1</ItemStatus><ItemPrice>13.80</ItemPrice></item><item><PriceUpdateDate>2016-05-22 09:27:47</PriceUpdateDate><ItemCode>7290000440620</ItemCode><ItemType>1</ItemType><ItemName>גבינה לבנה 1/2% 500</ItemName><ManufacturerName>גבינות תנובה</ManufacturerName><ManufactureCountry>ישראל</ManufactureCountry><ManufacturerItemDescription>גבינה לבנה 1/2% 500</ManufacturerItemDescription><SoldByWeight/><Quantity>500.00</Quantity><UnitOfMeasure>גרם     </UnitOfMeasure><QtyInPackage>לא ידוע</QtyInPackage><UnitOfMeasurePrice>0.0198</UnitOfMeasurePrice><AllowDiscount>1</AllowDiscount><ItemStatus>1</ItemStatus><ItemPrice>9.90</ItemPrice></item><item><PriceUpdateDate>2015-11-12 14:34:23</PriceUpdateDate><ItemCode>7290000440682</ItemCode><ItemType>1</ItemType><ItemName>גבינת עמק בסגנון אמר</ItemName><ManufacturerName>טוסטי</ManufacturerName><ManufactureCountry>ישראל</ManufactureCountry><ManufacturerItemDescription>גבינת עמק בסגנון אמר</ManufacturerItemDescription><SoldByWeight/><Quantity>200.00</Quantity><UnitOfMeasure>גרם     </UnitOfMeasure><QtyInPackage>לא ידוע</QtyInPackage><UnitOfMeasurePrice>0.0990</UnitOfMeasurePrice><AllowDiscount>1</AllowDiscount><ItemStatus>1</ItemStatus><ItemPrice>19.80</ItemPrice></item><item><PriceUpdateDate>2015-11-12 14:34:23</PriceUpdateDate><ItemCode>7290000440705</ItemCode><ItemType>1</ItemType><ItemName>לאבנה פיראוס 500 גרם</ItemName><ManufacturerName>פיראוס</ManufacturerName><ManufactureCountry>ישראל</ManufactureCountry><ManufacturerItemDescription>לאבנה פיראוס 500 גרם</ManufacturerItemDescription><SoldByWeight/><Quantity>500.00</Quantity><UnitOfMeasure>גרם     </UnitOfMeasure><QtyInPackage>לא ידוע</QtyInPackage><UnitOfMeasurePrice>0.0406</UnitOfMeasurePrice><AllowDiscount>1</AllowDiscount><ItemStatus>1</ItemStatus><ItemPrice>20.30</ItemPrice></item><item><PriceUpdateDate>2016-05-30 22:02:12</PriceUpdateDate><ItemCode>7290000440712</ItemCode><ItemType>1</ItemType><ItemName>מב גבינת קרם שמנת 5%</ItemName><ManufacturerName>גבינות תנובה</ManufacturerName><ManufactureCountry>ישראל</ManufactureCountry><ManufacturerItemDescription>גבינת שמנת 200 5% גרם</ManufacturerItemDescription><SoldByWeight/><Quantity>200.00</Quantity><UnitOfMeasure>גרם     </UnitOfMeasure><QtyInPackage>לא ידוע</QtyInPackage><UnitOfMeasurePrice>0.0445</UnitOfMeasurePrice><AllowDiscount>1</AllowDiscount><ItemStatus>1</ItemStatus><ItemPrice>8.90</ItemPrice></item><item><PriceUpdateDate>2016-05-30 22:02:12</PriceUpdateDate><ItemCode>7290000440729</ItemCode><ItemType>1</ItemType><ItemName>מב גבינת קרם שמנת 5%</ItemName><ManufacturerName>גבינות תנובה</ManufacturerName><ManufactureCountry>ישראל</ManufactureCountry><ManufacturerItemDescription>גבינת שמנת 5% זיתים 200 ג</ManufacturerItemDescription><SoldByWeight/><Quantity>200.00</Quantity><UnitOfMeasure>גרם     </UnitOfMeasure><QtyInPackage>לא ידוע</QtyInPackage><UnitOfMeasurePrice>0.0445</UnitOfMeasurePrice><AllowDiscount>1</AllowDiscount><ItemStatus>1</ItemStatus><ItemPrice>8.90</ItemPrice></item><item><PriceUpdateDate>2016-05-30 22:02:12</PriceUpdateDate><ItemCode>7290000440774</ItemCode><ItemType>1</ItemType><ItemName>מב גבינת נפוליאון טב</ItemName><ManufacturerName>נפוליאון</ManufacturerName><ManufactureCountry>ישראל</ManufactureCountry><ManufacturerItemDescription>גבינהשמנ.נפולאון טעם טבעי</ManufacturerItemDescription><SoldByWeight/><Quantity>225.00</Quantity><UnitOfMeasure>גרם     </UnitOfMeasure><QtyInPackage>לא ידוע</QtyInPackage><UnitOfMeasurePrice>0.0444</UnitOfMeasurePrice><AllowDiscount>1</AllowDiscount><ItemStatus>1</ItemStatus><ItemPrice>10.00</ItemPrice></item><item><PriceUpdateDate>2016-05-30 22:02:12</PriceUpdateDate><ItemCode>7290000440781</ItemCode><ItemType>1</ItemType><ItemName>מב גבינת נפוליאון בט</ItemName><ManufacturerName>נפוליאון</ManufacturerName><ManufactureCountry>ישראל</ManufactureCountry><ManufacturerItemDescription>גבינהשמנ.נפולאון זיתים 22</ManufacturerItemDescription><SoldByWeight/><Quantity>225.00</Quantity><UnitOfMeasure>גרם     </UnitOfMeasure><QtyInPackage>לא ידוע</QtyInPackage><UnitOfMeasurePrice>0.0444</UnitOfMeasurePrice><AllowDiscount>1</AllowDiscount><ItemStatus>1</ItemStatus><ItemPrice>10.00</ItemPrice></item><item><PriceUpdateDate>2016-05-30 22:02:12</PriceUpdateDate><ItemCode>7290000440798</ItemCode><ItemType>1</ItemType><ItemName>מב גבינת נפוליאון בט</ItemName><ManufacturerName>נפוליאון</ManufacturerName><ManufactureCountry>ישראל</ManufactureCountry><ManufacturerItemDescription>גבינהשמנ.נפולאון שום שמיר</ManufacturerItemDescription><SoldByWeight/><Quantity>225.00</Quantity><UnitOfMeasure>גרם     </UnitOfMeasure><QtyInPackage>לא ידוע</QtyInPackage><UnitOfMeasurePrice>0.0444</UnitOfMeasurePrice><AllowDiscount>1</AllowDiscount><ItemStatus>1</ItemStatus><ItemPrice>10.00</ItemPrice></item><item><PriceUpdateDate>2016-06-13 13:03:30</PriceUpdateDate><ItemCode>7290000440811</ItemCode><ItemType>1</ItemType><ItemName>גבינה לבנה 3% 250 גר</ItemName><ManufacturerName>גבינות תנובה</ManufacturerName><ManufactureCountry>ישראל</ManufactureCountry><ManufacturerItemDescription>גבינה לבנה 250 3% גרם</ManufacturerItemDescription><SoldByWeight/><Quantity>250.00</Quantity><UnitOfMeasure>גרם     </UnitOfMeasure><QtyInPackage>לא ידוע</QtyInPackage><UnitOfMeasurePrice>0.0196</UnitOfMeasurePrice><AllowDiscount>1</AllowDiscount><ItemStatus>1</ItemStatus><ItemPrice>4.90</ItemPrice></item><item><PriceUpdateDate>2015-10-11 12:50:00</PriceUpdateDate><ItemCode>7290000440842</ItemCode><ItemType>1</ItemType><ItemName>יופלה עם פצפוצי שוקו</ItemName><ManufacturerName>יופלה</ManufacturerName><ManufactureCountry>ישראל</ManufactureCountry><ManufacturerItemDescription>יופלה 3% פצפוצים מכסה מעל</ManufacturerItemDescription><SoldByWeight/><Quantity>167.00</Quantity><UnitOfMeasure>גרם     </UnitOfMeasure><QtyInPackage>לא ידוע</QtyInPackage><UnitOfMeasurePrice>0.0341</UnitOfMeasurePrice><AllowDiscount>1</AllowDiscount><ItemStatus>1</ItemStatus><ItemPrice>5.70</ItemPrice></item><item><PriceUpdateDate>2015-10-11 12:50:00</PriceUpdateDate><ItemCode>7290000440859</ItemCode><ItemType>1</ItemType><ItemName>יופלה לבן מעודן 1.5%</ItemName><ManufacturerName>יופלה</ManufacturerName><ManufactureCountry>ישראל</ManufactureCountry><ManufacturerItemDescription>יוגורט יופלה לבן 1.5% מעו</ManufacturerItemDescription><SoldByWeight/><Quantity>200.00</Quantity><UnitOfMeasure>מ"ל</UnitOfMeasure><QtyInPackage>לא ידוע</QtyInPackage><UnitOfMeasurePrice>0.0225</UnitOfMeasurePrice><AllowDiscount>1</AllowDiscount><ItemStatus>1</ItemStatus><ItemPrice>4.50</ItemPrice></item><item><PriceUpdateDate>2016-05-30 22:02:12</PriceUpdateDate><ItemCode>7290000440866</ItemCode><ItemType>1</ItemType><ItemName>מב מאגדת יופלה 3% לב</ItemName><ManufacturerName>יופלה</ManufacturerName><ManufactureCountry>ישראל</ManufactureCountry><ManufacturerItemDescription>מב מאגדת יופלה 3% לב</ManufacturerItemDescription><SoldByWeight/><Quantity>1200.00</Quantity><UnitOfMeasure>גרם     </UnitOfMeasure><QtyInPackage>לא ידוע</QtyInPackage><UnitOfMeasurePrice>0.0124</UnitOfMeasurePrice><AllowDiscount>1</AllowDiscount><ItemStatus>1</ItemStatus><ItemPrice>14.90</ItemPrice></item><item><PriceUpdateDate>2016-05-02 08:05:33</PriceUpdateDate><ItemCode>7290000440880</ItemCode><ItemType>1</ItemType><ItemName>מב אייס קפה תנובה 1</ItemName><ManufacturerName>שוק</ManufacturerName><ManufactureCountry>ישראל</ManufactureCountry><ManufacturerItemDescription>משקה אייס קפה בקבוק 1 ליט</ManufacturerItemDescription><SoldByWeight/><Quantity>1000.00</Quantity><UnitOfMeasure>מ"ל</UnitOfMeasure><QtyInPackage>לא ידוע</QtyInPackage><UnitOfMeasurePrice>0.0089</UnitOfMeasurePrice><AllowDiscount>1</AllowDiscount><ItemStatus>1</ItemStatus><ItemPrice>8.90</ItemPrice></item><item><PriceUpdateDate>2016-05-30 22:02:12</PriceUpdateDate><ItemCode>7290000440897</ItemCode><ItemType>1</ItemType><ItemName>משקה סויה מועשר בטעם</ItemName><ManufacturerName>סו תנובה</ManufacturerName><ManufactureCountry>ישראל</ManufactureCountry><ManufacturerItemDescription>משקה סויה מועשר מופחת מתי</ManufacturerItemDescription><SoldByWeight/><Quantity>1000.00</Quantity><UnitOfMeasure>מ"ל</UnitOfMeasure><QtyInPackage>לא ידוע</QtyInPackage><UnitOfMeasurePrice>0.0109</UnitOfMeasurePrice><AllowDiscount>0</AllowDiscount><ItemStatus>1</ItemStatus><ItemPrice>10.90</ItemPrice></item><item><PriceUpdateDate>2016-06-13 13:03:30</PriceUpdateDate><ItemCode>7290000440910</ItemCode><ItemType>1</ItemType><ItemName>יופלה פירות יער בשמנ</ItemName><ManufacturerName>יופלה</ManufacturerName><ManufactureCountry>ישראל</ManufactureCountry><ManufacturerItemDescription>יופלה פירות יער שמנת</ManufacturerItemDescription><SoldByWeight/><Quantity>150.00</Quantity><UnitOfMeasure>גרם     </UnitOfMeasure><QtyInPackage>לא ידוע</QtyInPackage><UnitOfMeasurePrice>0.0327</UnitOfMeasurePrice><AllowDiscount>1</AllowDiscount><ItemStatus>1</ItemStatus><ItemPrice>4.90</ItemPrice></item><item><PriceUpdateDate>2016-05-15 12:47:49</PriceUpdateDate><ItemCode>7290000440941</ItemCode><ItemType>1</ItemType><ItemName>חלב קרטון 3% מהדרין</ItemName><ManufacturerName>חלב תנובה</ManufacturerName><ManufactureCountry>ישראל</ManufactureCountry><ManufacturerItemDescription>חלב1 3% ל.קרטון מהדרין פי</ManufacturerItemDescription><SoldByWeight/><Quantity>1000.00</Quantity><UnitOfMeasure>מ"ל</UnitOfMeasure><QtyInPackage>לא ידוע</QtyInPackage><UnitOfMeasurePrice>0.0058</UnitOfMeasurePrice><AllowDiscount>1</AllowDiscount><ItemStatus>1</ItemStatus><ItemPrice>5.75</ItemPrice></item><item><PriceUpdateDate>2016-05-22 09:27:47</PriceUpdateDate><ItemCode>7290000440972</ItemCode><ItemType>1</ItemType><ItemName>גבינה לבנה 3% 500 גר</ItemName><ManufacturerName>גבינות תנובה</ManufacturerName><ManufactureCountry>ישראל</ManufactureCountry><ManufacturerItemDescription>גבינה לבנה 3% 500 גר</ManufacturerItemDescription><SoldByWeight/><Quantity>500.00</Quantity><UnitOfMeasure>גרם     </UnitOfMeasure><QtyInPackage>לא ידוע</QtyInPackage><UnitOfMeasurePrice>0.0198</UnitOfMeasurePrice><AllowDiscount>1</AllowDiscount><ItemStatus>1</ItemStatus><ItemPrice>9.90</ItemPrice></item><item><PriceUpdateDate>2014-11-03 06:36:54</PriceUpdateDate><ItemCode>7290000440989</ItemCode><ItemType>1</ItemType><ItemName>חלב הרדוף 3% אורגני</ItemName><ManufacturerName>הרדוף</ManufacturerName><ManufactureCountry>ישראל</ManufactureCountry><ManufacturerItemDescription>חלב 1  1 3% ליטר</ManufacturerItemDescription><SoldByWeight/><Quantity>1000.00</Quantity><UnitOfMeasure>מ"ל</UnitOfMeasure><QtyInPackage>לא ידוע</QtyInPackage><UnitOfMeasurePrice>0.0119</UnitOfMeasurePrice><AllowDiscount>1</AllowDiscount><ItemStatus>1</ItemStatus><ItemPrice>11.90</ItemPrice></item><item><PriceUpdateDate>2016-05-30 22:02:12</PriceUpdateDate><ItemCode>7290000440996</ItemCode><ItemType>1</ItemType><ItemName>יופלה ביו 3% לבן 200</ItemName><ManufacturerName>יופלה</ManufacturerName><ManufactureCountry>ישראל</ManufactureCountry><ManufacturerItemDescription>יוגורט יופלה לבן 200 3% ג</ManufacturerItemDescription><SoldByWeight/><Quantity>200.00</Quantity><UnitOfMeasure>גרם     </UnitOfMeasure><QtyInPackage>לא ידוע</QtyInPackage><UnitOfMeasurePrice>0.0190</UnitOfMeasurePrice><AllowDiscount>1</AllowDiscount><ItemStatus>1</ItemStatus><ItemPrice>3.80</ItemPrice></item><item><PriceUpdateDate>2015-10-20 16:43:01</PriceUpdateDate><ItemCode>7290000441009</ItemCode><ItemType>1</ItemType><ItemName>יופלה ביו 1.5% לבן 2</ItemName><ManufacturerName>יופלה</ManufacturerName><ManufactureCountry>ישראל</ManufactureCountry><ManufacturerItemDescription>יוגורט יופלה לבן 200 1.5%</ManufacturerItemDescription><SoldByWeight/><Quantity>200.00</Quantity><UnitOfMeasure>גרם     </UnitOfMeasure><QtyInPackage>לא ידוע</QtyInPackage><UnitOfMeasurePrice>0.0200</UnitOfMeasurePrice><AllowDiscount>1</AllowDiscount><ItemStatus>1</ItemStatus><ItemPrice>4.00</ItemPrice></item><item><PriceUpdateDate>2016-05-02 08:05:33</PriceUpdateDate><ItemCode>7290000441030</ItemCode><ItemType>1</ItemType><ItemName>מב שוקו תנובה 1 ליטר</ItemName><ManufacturerName>שוק</ManufacturerName><ManufactureCountry>ישראל</ManufactureCountry><ManufacturerItemDescription>שוקו תנובה בקבוק 1 ליטר</ManufacturerItemDescription><SoldByWeight/><Quantity>1000.00</Quantity><UnitOfMeasure>מ"ל</UnitOfMeasure><QtyInPackage>לא ידוע</QtyInPackage><UnitOfMeasurePrice>0.0089</UnitOfMeasurePrice><AllowDiscount>1</AllowDiscount><ItemStatus>1</ItemStatus><ItemPrice>8.90</ItemPrice></item><item><PriceUpdateDate>2016-02-14 10:59:55</PriceUpdateDate><ItemCode>7290000441108</ItemCode><ItemType>1</ItemType><ItemName>חלב לקפה3.5% שומן 80</ItemName><ManufacturerName>חלב תנובה</ManufacturerName><ManufactureCountry>ישראל</ManufactureCountry><ManufacturerItemDescription>חלב פלוס לקפה  800 3.5% מ</ManufacturerItemDescription><SoldByWeight/><Quantity>800.00</Quantity><UnitOfMeasure>מ"ל</UnitOfMeasure><QtyInPackage>לא ידוע</QtyInPackage><UnitOfMeasurePrice>0.0086</UnitOfMeasurePrice><AllowDiscount>1</AllowDiscount><ItemStatus>1</ItemStatus><ItemPrice>6.90</ItemPrice></item><item><PriceUpdateDate>2016-05-02 08:05:33</PriceUpdateDate><ItemCode>7290000441139</ItemCode><ItemType>1</ItemType><ItemName>מב משקה חלב בננה תנו</ItemName><ManufacturerName>תנובה</ManufacturerName><ManufactureCountry>ישראל</ManufactureCountry><ManufacturerItemDescription>מב משקה חלב בננה תנו</ManufacturerItemDescription><SoldByWeight/><Quantity>1000.00</Quantity><UnitOfMeasure>מ"ל</UnitOfMeasure><QtyInPackage>לא ידוע</QtyInPackage><UnitOfMeasurePrice>0.0089</UnitOfMeasurePrice><AllowDiscount>1</AllowDiscount><ItemStatus>1</ItemStatus><ItemPrice>8.90</ItemPrice></item><item><PriceUpdateDate>2016-05-30 22:02:12</PriceUpdateDate><ItemCode>7290000441146</ItemCode><ItemType>1</ItemType><ItemName>חלב סויה טבעי 1 ליטר</ItemName><ManufacturerName>סו תנובה</ManufacturerName><ManufactureCountry>ישראל</ManufactureCountry><ManufacturerItemDescription>משקה סויה דיאט 1 ליטר</ManufacturerItemDescription><SoldByWeight/><Quantity>1000.00</Quantity><UnitOfMeasure>מ"ל</UnitOfMeasure><QtyInPackage>לא ידוע</QtyInPackage><UnitOfMeasurePrice>0.0109</UnitOfMeasurePrice><AllowDiscount>0</AllowDiscount><ItemStatus>1</ItemStatus><ItemPrice>10.90</ItemPrice></item><item><PriceUpdateDate>2015-11-12 14:34:23</PriceUpdateDate><ItemCode>7290000441238</ItemCode><ItemType>1</ItemType><ItemName>יופלה לבןעם גרנולה 1</ItemName><ManufacturerName>יופלה</ManufacturerName><ManufactureCountry>ישראל</ManufactureCountry><ManufacturerItemDescription>יופלה לבן+1.5% גרנולה מכס</ManufacturerItemDescription><SoldByWeight/><Quantity>170.00</Quantity><UnitOfMeasure>מ"ל</UnitOfMeasure><QtyInPackage>לא ידוע</QtyInPackage><UnitOfMeasurePrice>0.0353</UnitOfMeasurePrice><AllowDiscount>1</AllowDiscount><ItemStatus>1</ItemStatus><ItemPrice>6.00</ItemPrice></item><item><PriceUpdateDate>2015-10-20 16:43:01</PriceUpdateDate><ItemCode>7290000441245</ItemCode><ItemType>1</ItemType><ItemName>יופלה ביו דיאט 0% לב</ItemName><ManufacturerName>יופלה</ManufacturerName><ManufactureCountry>ישראל</ManufactureCountry><ManufacturerItemDescription>יופלה לבן דיאט 200 ג</ManufacturerItemDescription><SoldByWeight/><Quantity>200.00</Quantity><UnitOfMeasure>גרם     </UnitOfMeasure><QtyInPackage>לא ידוע</QtyInPackage><UnitOfMeasurePrice>0.0200</UnitOfMeasurePrice><AllowDiscount>1</AllowDiscount><ItemStatus>1</ItemStatus><ItemPrice>4.00</ItemPrice></item><item><PriceUpdateDate>2016-05-30 22:02:13</PriceUpdateDate><ItemCode>7290000441276</ItemCode><ItemType>1</ItemType><ItemName>מאגדת יופלה 1.5% לבן</ItemName><ManufacturerName>יופלה</ManufacturerName><ManufactureCountry>ישראל</ManufactureCountry><ManufacturerItemDescription>מאגדת יופלה 1.5% לבן</ManufacturerItemDescription><SoldByWeight/><Quantity>1200.00</Quantity><UnitOfMeasure>גרם     </UnitOfMeasure><QtyInPackage>לא ידוע</QtyInPackage><UnitOfMeasurePrice>0.0182</UnitOfMeasurePrice><AllowDiscount>1</AllowDiscount><ItemStatus>1</ItemStatus><ItemPrice>21.80</ItemPrice></item><item><PriceUpdateDate>2016-02-14 10:59:55</PriceUpdateDate><ItemCode>7290000441313</ItemCode><ItemType>1</ItemType><ItemName>חלב על הבוקר 3% בקרט</ItemName><ManufacturerName>חלב תנובה</ManufacturerName><ManufactureCountry>ישראל</ManufactureCountry><ManufacturerItemDescription>חלב 3% על הבוקר קרטון+פקק</ManufacturerItemDescription><SoldByWeight/><Quantity>1000.00</Quantity><UnitOfMeasure>מ"ל</UnitOfMeasure><QtyInPackage>לא ידוע</QtyInPackage><UnitOfMeasurePrice>0.0089</UnitOfMeasurePrice><AllowDiscount>1</AllowDiscount><ItemStatus>1</ItemStatus><ItemPrice>8.90</ItemPrice></item><item><PriceUpdateDate>2016-03-01 06:42:22</PriceUpdateDate><ItemCode>7290000441412</ItemCode><ItemType>1</ItemType><ItemName>מאגדת קרלו 800 גר'</ItemName><ManufacturerName>קרלו</ManufacturerName><ManufactureCountry>ישראל</ManufactureCountry><ManufacturerItemDescription>מאגדת קרלו 800 גר'</ManufacturerItemDescription><SoldByWeight/><Quantity>800.00</Quantity><UnitOfMeasure>גרם     </UnitOfMeasure><QtyInPackage>לא ידוע</QtyInPackage><UnitOfMeasurePrice>0.0173</UnitOfMeasurePrice><AllowDiscount>1</AllowDiscount><ItemStatus>1</ItemStatus><ItemPrice>13.80</ItemPrice></item><item><PriceUpdateDate>2015-11-12 14:34:23</PriceUpdateDate><ItemCode>7290000441429</ItemCode><ItemType>1</ItemType><ItemName>מאגדת קרלו 800 גר'</ItemName><ManufacturerName>קרלו</ManufacturerName><ManufactureCountry>ישראל</ManufactureCountry><ManufacturerItemDescription>מאגדת קרלו 800 גר'</ManufacturerItemDescription><SoldByWeight/><Quantity>800.00</Quantity><UnitOfMeasure>גרם     </UnitOfMeasure><QtyInPackage>לא ידוע</QtyInPackage><UnitOfMeasurePrice>0.0173</UnitOfMeasurePrice><AllowDiscount>1</AllowDiscount><ItemStatus>1</ItemStatus><ItemPrice>13.80</ItemPrice></item><item><PriceUpdateDate>2015-10-11 12:50:01</PriceUpdateDate><ItemCode>7290000441443</ItemCode><ItemType>1</ItemType><ItemName>מעדן תנובה 0% שוקולד</ItemName><ManufacturerName>מעדן תנובה</ManufacturerName><ManufactureCountry>ישראל</ManufactureCountry><ManufacturerItemDescription>מעדן דיאט שוקולד 150 גרם</ManufacturerItemDescription><SoldByWeight/><Quantity>150.00</Quantity><UnitOfMeasure>גרם     </UnitOfMeasure><QtyInPackage>לא ידוע</QtyInPackage><UnitOfMeasurePrice>0.0267</UnitOfMeasurePrice><AllowDiscount>1</AllowDiscount><ItemStatus>1</ItemStatus><ItemPrice>4.00</ItemPrice></item><item><PriceUpdateDate>2016-05-30 22:02:13</PriceUpdateDate><ItemCode>7290000441672</ItemCode><ItemType>1</ItemType><ItemName>מב שוקו בבקבוק 340 מ</ItemName><ManufacturerName>תנובה</ManufacturerName><ManufactureCountry>ישראל</ManufactureCountry><ManufacturerItemDescription>שוקו 340 מל בקבוק</ManufacturerItemDescription><SoldByWeight/><Quantity>340.00</Quantity><UnitOfMeasure>מ"ל</UnitOfMeasure><QtyInPackage>לא ידוע</QtyInPackage><UnitOfMeasurePrice>0.0144</UnitOfMeasurePrice><AllowDiscount>1</AllowDiscount><ItemStatus>1</ItemStatus><ItemPrice>4.90</ItemPrice></item><item><PriceUpdateDate>2016-05-30 22:02:13</PriceUpdateDate><ItemCode>7290000441689</ItemCode><ItemType>1</ItemType><ItemName>מב אייס קפה תנובה בק</ItemName><ManufacturerName>שוק</ManufacturerName><ManufactureCountry>ישראל</ManufactureCountry><ManufacturerItemDescription>משקה אייס קפה340 מל בקבוק</ManufacturerItemDescription><SoldByWeight/><Quantity>340.00</Quantity><UnitOfMeasure>מ"ל</UnitOfMeasure><QtyInPackage>לא ידוע</QtyInPackage><UnitOfMeasurePrice>0.0144</UnitOfMeasurePrice><AllowDiscount>1</AllowDiscount><ItemStatus>1</ItemStatus><ItemPrice>4.90</ItemPrice></item><item><PriceUpdateDate>2016-05-30 22:02:13</PriceUpdateDate><ItemCode>7290000441719</ItemCode><ItemType>1</ItemType><ItemName>מילקשייק פונץ' בננה</ItemName><ManufacturerName>שוק</ManufacturerName><ManufactureCountry>ישראל</ManufactureCountry><ManufacturerItemDescription>מילקשייק פונץ' בננה</ManufacturerItemDescription><SoldByWeight/><Quantity>250.00</Quantity><UnitOfMeasure>מ"ל</UnitOfMeasure><QtyInPackage>לא ידוע</QtyInPackage><UnitOfMeasurePrice>0.0256</UnitOfMeasurePrice><AllowDiscount>1</AllowDiscount><ItemStatus>1</ItemStatus><ItemPrice>6.40</ItemPrice></item><item><PriceUpdateDate>2015-11-12 14:34:23</PriceUpdateDate><ItemCode>7290000441740</ItemCode><ItemType>1</ItemType><ItemName>גבינה בולגרית מעודנת</ItemName><ManufacturerName>פיראוס</ManufacturerName><ManufactureCountry>ישראל</ManufactureCountry><ManufacturerItemDescription>גבינה בולגרית 5% מעודנת 1</ManufacturerItemDescription><SoldByWeight/><Quantity>120.00</Quantity><UnitOfMeasure>גרם     </UnitOfMeasure><QtyInPackage>לא ידוע</QtyInPackage><UnitOfMeasurePrice>0.1150</UnitOfMeasurePrice><AllowDiscount>1</AllowDiscount><ItemStatus>1</ItemStatus><ItemPrice>13.80</ItemPrice></item><item><PriceUpdateDate>2016-03-01 06:42:22</PriceUpdateDate><ItemCode>7290000441788</ItemCode><ItemType>1</ItemType><ItemName>מארז הפסקת אוכל קורנ</ItemName><ManufacturerName>חלב תנובה</ManufacturerName><ManufactureCountry>ישראל</ManufactureCountry><ManufacturerItemDescription>מארז הפסקת אוכל חלב+דגנים</ManufacturerItemDescription><SoldByWeight/><Quantity>150.00</Quantity><UnitOfMeasure>מ"ל</UnitOfMeasure><QtyInPackage>לא ידוע</QtyInPackage><UnitOfMeasurePrice>0.0640</UnitOfMeasurePrice><AllowDiscount>1</AllowDiscount><ItemStatus>1</ItemStatus><ItemPrice>9.60</ItemPrice></item><item><PriceUpdateDate>2015-10-11 12:50:01</PriceUpdateDate><ItemCode>7290000441801</ItemCode><ItemType>1</ItemType><ItemName>ג'לי פטל 125 גרם</ItemName><ManufacturerName>ג'לי תנובה</ManufacturerName><ManufactureCountry>ישראל</ManufactureCountry><ManufacturerItemDescription>מעדן גלי פטל</ManufacturerItemDescription><SoldByWeight/><Quantity>125.00</Quantity><UnitOfMeasure>גרם     </UnitOfMeasure><QtyInPackage>לא ידוע</QtyInPackage><UnitOfMeasurePrice>0.0232</UnitOfMeasurePrice><AllowDiscount>0</AllowDiscount><ItemStatus>1</ItemStatus><ItemPrice>2.90</ItemPrice></item><item><PriceUpdateDate>2015-10-20 16:43:01</PriceUpdateDate><ItemCode>7290000441818</ItemCode><ItemType>1</ItemType><ItemName>ג'לי אננס עם חתיכות</ItemName><ManufacturerName>ג'לי תנובה</ManufacturerName><ManufactureCountry>ישראל</ManufactureCountry><ManufacturerItemDescription>מעדן גלי אננס וחתיכות פרי</ManufacturerItemDescription><SoldByWeight/><Quantity>125.00</Quantity><UnitOfMeasure>גרם     </UnitOfMeasure><QtyInPackage>לא ידוע</QtyInPackage><UnitOfMeasurePrice>0.0240</UnitOfMeasurePrice><AllowDiscount>0</AllowDiscount><ItemStatus>1</ItemStatus><ItemPrice>3.00</ItemPrice></item><item><PriceUpdateDate>2015-10-20 16:43:01</PriceUpdateDate><ItemCode>7290000441825</ItemCode><ItemType>1</ItemType><ItemName>ג'לי אפרסק עם חתיכות</ItemName><ManufacturerName>ג'לי תנובה</ManufacturerName><ManufactureCountry>ישראל</ManufactureCountry><ManufacturerItemDescription>ג'לי אפרסק עם חתיכות</ManufacturerItemDescription><SoldByWeight/><Quantity>125.00</Quantity><UnitOfMeasure>גרם     </UnitOfMeasure><QtyInPackage>לא ידוע</QtyInPackage><UnitOfMeasurePrice>0.0240</UnitOfMeasurePrice><AllowDiscount>0</AllowDiscount><ItemStatus>1</ItemStatus><ItemPrice>3.00</ItemPrice></item><item><PriceUpdateDate>2015-10-11 12:50:01</PriceUpdateDate><ItemCode>7290000441849</ItemCode><ItemType>1</ItemType><ItemName>שמנת לבישול10% 250 מ</ItemName><ManufacturerName>שף לבן</ManufacturerName><ManufactureCountry>ישראל</ManufactureCountry><ManufacturerItemDescription>שמנת לבישול מופחת שומן</ManufacturerItemDescription><SoldByWeight/><Quantity>250.00</Quantity><UnitOfMeasure>מ"ל</UnitOfMeasure><QtyInPackage>לא ידוע</QtyInPackage><UnitOfMeasurePrice>0.0352</UnitOfMeasurePrice><AllowDiscount>1</AllowDiscount><ItemStatus>1</ItemStatus><ItemPrice>8.80</ItemPrice></item><item><PriceUpdateDate>2016-02-16 12:24:29</PriceUpdateDate><ItemCode>7290000441900</ItemCode><ItemType>1</ItemType><ItemName>עמק לייט משפחתית 400</ItemName><ManufacturerName>עמק</ManufacturerName><ManufactureCountry>ישראל</ManufactureCountry><ManufacturerItemDescription>עמק לייט משפחתית 400</ManufacturerItemDescription><SoldByWeight/><Quantity>400.00</Quantity><UnitOfMeasure>גרם     </UnitOfMeasure><QtyInPackage>לא ידוע</QtyInPackage><UnitOfMeasurePrice>0.0747</UnitOfMeasurePrice><AllowDiscount>1</AllowDiscount><ItemStatus>1</ItemStatus><ItemPrice>29.90</ItemPrice></item><item><PriceUpdateDate>2016-05-01 21:46:06</PriceUpdateDate><ItemCode>7290000441962</ItemCode><ItemType>1</ItemType><ItemName>לאבנה 5% 250 גרם</ItemName><ManufacturerName>פיראוס</ManufacturerName><ManufactureCountry>ישראל</ManufactureCountry><ManufacturerItemDescription>לאבנה 250 5% גרם    פיראו</ManufacturerItemDescription><SoldByWeight/><Quantity>250.00</Quantity><UnitOfMeasure>גרם     </UnitOfMeasure><QtyInPackage>לא ידוע</QtyInPackage><UnitOfMeasurePrice>0.0512</UnitOfMeasurePrice><AllowDiscount>1</AllowDiscount><ItemStatus>1</ItemStatus><ItemPrice>12.80</ItemPrice></item><item><PriceUpdateDate>2015-06-30 06:46:06</PriceUpdateDate><ItemCode>7290000442723</ItemCode><ItemType>1</ItemType><ItemName>עוגת לחמי בראוניס עש</ItemName><ManufacturerName>לחמי</ManufacturerName><ManufactureCountry>ישראל</ManufactureCountry><ManufacturerItemDescription>עוגת בראוניס עשירה 380 גר</ManufacturerItemDescription><SoldByWeight/><Quantity>450.00</Quantity><UnitOfMeasure>גרם     </UnitOfMeasure><QtyInPackage>לא ידוע</QtyInPackage><UnitOfMeasurePrice>0.0429</UnitOfMeasurePrice><AllowDiscount>1</AllowDiscount><ItemStatus>1</ItemStatus><ItemPrice>19.30</ItemPrice></item><item><PriceUpdateDate>2016-03-01 06:48:37</PriceUpdateDate><ItemCode>7290000443034</ItemCode><ItemType>1</ItemType><ItemName>מב קבב כבש 500 גרם</ItemName><ManufacturerName>טיבון ויל</ManufacturerName><ManufactureCountry>ישראל</ManufactureCountry><ManufacturerItemDescription>קבב כבש500 גר</ManufacturerItemDescription><SoldByWeight/><Quantity>500.00</Quantity><UnitOfMeasure>גרם     </UnitOfMeasure><QtyInPackage>לא ידוע</QtyInPackage><UnitOfMeasurePrice>0.0378</UnitOfMeasurePrice><AllowDiscount>1</AllowDiscount><ItemStatus>1</ItemStatus><ItemPrice>18.90</ItemPrice></item><item><PriceUpdateDate>2016-05-30 22:02:13</PriceUpdateDate><ItemCode>7290000443089</ItemCode><ItemType>1</ItemType><ItemName>מיץ פריגת תפוחים 1.5</ItemName><ManufacturerName>פריגת</ManufacturerName><ManufactureCountry>ישראל</ManufactureCountry><ManufacturerItemDescription>משקל פריגת תפוחים 1.5 ל</ManufacturerItemDescription><SoldByWeight/><Quantity>1500.00</Quantity><UnitOfMeasure>מ"ל</UnitOfMeasure><QtyInPackage>לא ידוע</QtyInPackage><UnitOfMeasurePrice>0.0045</UnitOfMeasurePrice><AllowDiscount>0</AllowDiscount><ItemStatus>1</ItemStatus><ItemPrice>6.80</ItemPrice></item><item><PriceUpdateDate>2015-11-12 14:29:09</PriceUpdateDate><ItemCode>7290000443133</ItemCode><ItemType>1</ItemType><ItemName>בייגלה שמיניות גדולו</ItemName><ManufacturerName>בייגל בייגל</ManufacturerName><ManufactureCountry>ישראל</ManufactureCountry><ManufacturerItemDescription>בייגלה שמיניות גדולו</ManufacturerItemDescription><SoldByWeight/><Quantity>400.00</Quantity><UnitOfMeasure>גרם     </UnitOfMeasure><QtyInPackage>לא ידוע</QtyInPackage><UnitOfMeasurePrice>0.0385</UnitOfMeasurePrice><AllowDiscount>1</AllowDiscount><ItemStatus>1</ItemStatus><ItemPrice>15.40</ItemPrice></item><item><PriceUpdateDate>2016-05-01 21:46:06</PriceUpdateDate><ItemCode>7290000443171</ItemCode><ItemType>1</ItemType><ItemName>נשנושים שמנת בצל 300</ItemName><ManufacturerName>נישנושים</ManufacturerName><ManufactureCountry>ישראל</ManufactureCountry><ManufacturerItemDescription>נשנושים בצל שמנת 300 גר</ManufacturerItemDescription><SoldByWeight/><Quantity>300.00</Quantity><UnitOfMeasure>גרם     </UnitOfMeasure><QtyInPackage>לא ידוע</QtyInPackage><UnitOfMeasurePrice>0.0520</UnitOfMeasurePrice><AllowDiscount>1</AllowDiscount><ItemStatus>1</ItemStatus><ItemPrice>15.60</ItemPrice></item><item><PriceUpdateDate>2016-05-01 21:46:06</PriceUpdateDate><ItemCode>7290000443188</ItemCode><ItemType>1</ItemType><ItemName>נשנושים תירס 325 גרם</ItemName><ManufacturerName>נישנושים</ManufacturerName><ManufactureCountry>ישראל</ManufactureCountry><ManufacturerItemDescription>נשנושים תירס 325 גרם</ManufacturerItemDescription><SoldByWeight/><Quantity>325.00</Quantity><UnitOfMeasure>גרם     </UnitOfMeasure><QtyInPackage>לא ידוע</QtyInPackage><UnitOfMeasurePrice>0.0480</UnitOfMeasurePrice><AllowDiscount>1</AllowDiscount><ItemStatus>1</ItemStatus><ItemPrice>15.60</ItemPrice></item><item><PriceUpdateDate>2016-05-01 21:46:06</PriceUpdateDate><ItemCode>7290000443195</ItemCode><ItemType>1</ItemType><ItemName>נשנושים זעתר 300 גרם</ItemName><ManufacturerName>בייגל בייגל</ManufacturerName><ManufactureCountry>ישראל</ManufactureCountry><ManufacturerItemDescription>נשנושים זעתר 300 גר</ManufacturerItemDescription><SoldByWeight/><Quantity>300.00</Quantity><UnitOfMeasure>גרם     </UnitOfMeasure><QtyInPackage>לא ידוע</QtyInPackage><UnitOfMeasurePrice>0.0520</UnitOfMeasurePrice><AllowDiscount>0</AllowDiscount><ItemStatus>1</ItemStatus><ItemPrice>15.60</ItemPrice></item><item><PriceUpdateDate>2016-02-02 06:50:00</PriceUpdateDate><ItemCode>7290000443225</ItemCode><ItemType>1</ItemType><ItemName>נשנושי קרקר עיגולים</ItemName><ManufacturerName>לא ידוע</ManufacturerName><ManufactureCountry>ישראל</ManufactureCountry><ManufacturerItemDescription>נשנושי קרקר עיגולים</ManufacturerItemDescription><SoldByWeight/><Quantity>350.00</Quantity><UnitOfMeasure>גרם     </UnitOfMeasure><QtyInPackage>לא ידוע</QtyInPackage><UnitOfMeasurePrice>0.0446</UnitOfMeasurePrice><AllowDiscount>1</AllowDiscount><ItemStatus>1</ItemStatus><ItemPrice>15.60</ItemPrice></item><item><PriceUpdateDate>2016-02-02 06:50:00</PriceUpdateDate><ItemCode>7290000443232</ItemCode><ItemType>1</ItemType><ItemName>נשנושי קרקר שומשום 3</ItemName><ManufacturerName>נישנושים</ManufacturerName><ManufactureCountry>ישראל</ManufactureCountry><ManufacturerItemDescription>נשנושי קרקר שומשום 3</ManufacturerItemDescription><SoldByWeight/><Quantity>350.00</Quantity><UnitOfMeasure>גרם     </UnitOfMeasure><QtyInPackage>לא ידוע</QtyInPackage><UnitOfMeasurePrice>0.0446</UnitOfMeasurePrice><AllowDiscount>1</AllowDiscount><ItemStatus>1</ItemStatus><ItemPrice>15.60</ItemPrice></item><item><PriceUpdateDate>2016-02-02 06:50:00</PriceUpdateDate><ItemCode>7290000443249</ItemCode><ItemType>1</ItemType><ItemName>נשנושי קרקר קוקטייל</ItemName><ManufacturerName>נישנושים</ManufacturerName><ManufactureCountry>ישראל</ManufactureCountry><ManufacturerItemDescription>נשנושי קרקר קוקטייל</ManufacturerItemDescription><SoldByWeight/><Quantity>350.00</Quantity><UnitOfMeasure>גרם     </UnitOfMeasure><QtyInPackage>לא ידוע</QtyInPackage><UnitOfMeasurePrice>0.0446</UnitOfMeasurePrice><AllowDiscount>1</AllowDiscount><ItemStatus>1</ItemStatus><ItemPrice>15.60</ItemPrice></item><item><PriceUpdateDate>2016-03-01 06:42:23</PriceUpdateDate><ItemCode>7290000443300</ItemCode><ItemType>1</ItemType><ItemName>מארז גמדים תות בננה</ItemName><ManufacturerName>גמדים</ManufacturerName><ManufactureCountry>ישראל</ManufactureCountry><ManufacturerItemDescription>מארז גמדים תות בננה</ManufacturerItemDescription><SoldByWeight/><Quantity>400.00</Quantity><UnitOfMeasure>מ"ל</UnitOfMeasure><QtyInPackage>לא ידוע</QtyInPackage><UnitOfMeasurePrice>0.0285</UnitOfMeasurePrice><AllowDiscount>0</AllowDiscount><ItemStatus>1</ItemStatus><ItemPrice>11.40</ItemPrice></item><item><PriceUpdateDate>2016-06-01 09:41:31</PriceUpdateDate><ItemCode>7290000443317</ItemCode><ItemType>1</ItemType><ItemName>מב סימפוניה 5% טבעית</ItemName><ManufacturerName>סימפוניה שטראוס</ManufacturerName><ManufactureCountry>ישראל</ManufactureCountry><ManufacturerItemDescription>סימפוניה בטעם טבעי 200 גר</ManufacturerItemDescription><SoldByWeight/><Quantity>200.00</Quantity><UnitOfMeasure>גרם     </UnitOfMeasure><QtyInPackage>לא ידוע</QtyInPackage><UnitOfMeasurePrice>0.0495</UnitOfMeasurePrice><AllowDiscount>0</AllowDiscount><ItemStatus>1</ItemStatus><ItemPrice>9.90</ItemPrice></item><item><PriceUpdateDate>2015-10-11 18:10:34</PriceUpdateDate><ItemCode>7290000443324</ItemCode><ItemType>1</ItemType><ItemName>דנונה ביו טבעי 1.7%</ItemName><ManufacturerName>דנונה</ManufacturerName><ManufactureCountry>ישראל</ManufactureCountry><ManufacturerItemDescription>יוגורט דנונה בי 200  1.7%</ManufacturerItemDescription><SoldByWeight/><Quantity>200.00</Quantity><UnitOfMeasure>גרם     </UnitOfMeasure><QtyInPackage>לא ידוע</QtyInPackage><UnitOfMeasurePrice>0.0200</UnitOfMeasurePrice><AllowDiscount>1</AllowDiscount><ItemStatus>1</ItemStatus><ItemPrice>4.00</ItemPrice></item><item><PriceUpdateDate>2015-10-11 18:10:34</PriceUpdateDate><ItemCode>7290000443348</ItemCode><ItemType>1</ItemType><ItemName>מעדן דני וניל 125 גר</ItemName><ManufacturerName>דני</ManufacturerName><ManufactureCountry>ישראל</ManufactureCountry><ManufacturerItemDescription>דני וניל125 גר</ManufacturerItemDescription><SoldByWeight/><Quantity>125.00</Quantity><UnitOfMeasure>גרם     </UnitOfMeasure><QtyInPackage>לא ידוע</QtyInPackage><UnitOfMeasurePrice>0.0216</UnitOfMeasurePrice><AllowDiscount>1</AllowDiscount><ItemStatus>1</ItemStatus><ItemPrice>2.70</ItemPrice></item><item><PriceUpdateDate>2016-03-16 15:40:31</PriceUpdateDate><ItemCode>7290000444031</ItemCode><ItemType>1</ItemType><ItemName>בונזו בטעם בשר 3 ק"ג</ItemName><ManufacturerName>בונזו</ManufacturerName><ManufactureCountry>ישראל</ManufactureCountry><ManufacturerItemDescription>בונזו בשר 3 קג</ManufacturerItemDescription><SoldByWeight/><Quantity>3000.00</Quantity><UnitOfMeasure>גרם     </UnitOfMeasure><QtyInPackage>לא ידוע</QtyInPackage><UnitOfMeasurePrice>0.0150</UnitOfMeasurePrice><AllowDiscount>1</AllowDiscount><ItemStatus>1</ItemStatus><ItemPrice>44.90</ItemPrice></item><item><PriceUpdateDate>2016-01-05 08:48:19</PriceUpdateDate><ItemCode>7290000444062</ItemCode><ItemType>1</ItemType><ItemName>סלט חומוס יום יום 12</ItemName><ManufacturerName>אחלה</ManufacturerName><ManufactureCountry>ישראל</ManufactureCountry><ManufacturerItemDescription>סלט חומוס יום יום 125  גר</ManufacturerItemDescription><SoldByWeight/><Quantity>125.00</Quantity><UnitOfMeasure>גרם     </UnitOfMeasure><QtyInPackage>לא ידוע</QtyInPackage><UnitOfMeasurePrice>0.0440</UnitOfMeasurePrice><AllowDiscount>1</AllowDiscount><ItemStatus>1</ItemStatus><ItemPrice>5.50</ItemPrice></item><item><PriceUpdateDate>2016-01-05 08:48:19</PriceUpdateDate><ItemCode>7290000444079</ItemCode><ItemType>1</ItemType><ItemName>סלט חציל במיונז 125</ItemName><ManufacturerName>אחלה</ManufacturerName><ManufactureCountry>ישראל</ManufactureCountry><ManufacturerItemDescription>חציל במיונז 125 גרם</ManufacturerItemDescription><SoldByWeight/><Quantity>125.00</Quantity><UnitOfMeasure>גרם     </UnitOfMeasure><QtyInPackage>לא ידוע</QtyInPackage><UnitOfMeasurePrice>0.0440</UnitOfMeasurePrice><AllowDiscount>1</AllowDiscount><ItemStatus>1</ItemStatus><ItemPrice>5.50</ItemPrice></item><item><PriceUpdateDate>2015-11-12 14:58:32</PriceUpdateDate><ItemCode>7290000444123</ItemCode><ItemType>1</ItemType><ItemName>עוגיות חיוכים שוקו 1</ItemName><ManufacturerName>לא ממותג</ManufacturerName><ManufactureCountry>ישראל</ManufactureCountry><ManufacturerItemDescription>עוגיות חיוכים שוקו 150 גר</ManufacturerItemDescription><SoldByWeight/><Quantity>150.00</Quantity><UnitOfMeasure>גרם     </UnitOfMeasure><QtyInPackage>לא ידוע</QtyInPackage><UnitOfMeasurePrice>0.0380</UnitOfMeasurePrice><AllowDiscount>1</AllowDiscount><ItemStatus>1</ItemStatus><ItemPrice>5.70</ItemPrice></item><item><PriceUpdateDate>2016-05-09 08:55:25</PriceUpdateDate><ItemCode>7290000444147</ItemCode><ItemType>1</ItemType><ItemName>פתי בר וניל 1.75 ק"ג</ItemName><ManufacturerName>עלית</ManufacturerName><ManufactureCountry>ישראל</ManufactureCountry><ManufacturerItemDescription>פתי בר וניל 1.75 ק"ג</ManufacturerItemDescription><SoldByWeight/><Quantity>1750.00</Quantity><UnitOfMeasure>גרם     </UnitOfMeasure><QtyInPackage>לא ידוע</QtyInPackage><UnitOfMeasurePrice>0.0159</UnitOfMeasurePrice><AllowDiscount>1</AllowDiscount><ItemStatus>1</ItemStatus><ItemPrice>27.90</ItemPrice></item><item><PriceUpdateDate>2016-03-01 06:42:23</PriceUpdateDate><ItemCode>7290000444208</ItemCode><ItemType>1</ItemType><ItemName>קפה נמס עלית נטול קפ</ItemName><ManufacturerName>עלית</ManufacturerName><ManufactureCountry>ישראל</ManufactureCountry><ManufacturerItemDescription>קפה נמס עלית נטול קפ</ManufacturerItemDescription><SoldByWeight/><Quantity>200.00</Quantity><UnitOfMeasure>גרם     </UnitOfMeasure><QtyInPackage>לא ידוע</QtyInPackage><UnitOfMeasurePrice>0.1845</UnitOfMeasurePrice><AllowDiscount>1</AllowDiscount><ItemStatus>1</ItemStatus><ItemPrice>36.90</ItemPrice></item><item><PriceUpdateDate>2015-12-16 07:19:23</PriceUpdateDate><ItemCode>7290000444215</ItemCode><ItemType>1</ItemType><ItemName>ביסקוויט עד חצות מרי</ItemName><ManufacturerName>לא ממותג</ManufacturerName><ManufactureCountry>ישראל</ManufactureCountry><ManufacturerItemDescription>ביסקוויט מריר  200 גר</ManufacturerItemDescription><SoldByWeight/><Quantity>200.00</Quantity><UnitOfMeasure>גרם     </UnitOfMeasure><QtyInPackage>לא ידוע</QtyInPackage><UnitOfMeasurePrice>0.0745</UnitOfMeasurePrice><AllowDiscount>1</AllowDiscount><ItemStatus>1</ItemStatus><ItemPrice>14.90</ItemPrice></item><item><PriceUpdateDate>2016-01-14 09:15:35</PriceUpdateDate><ItemCode>7290000444222</ItemCode><ItemType>1</ItemType><ItemName>מסטיק מאסט ריח לפה 2</ItemName><ManufacturerName>מאסט</ManufacturerName><ManufactureCountry>ישראל</ManufactureCountry><ManufacturerItemDescription>מסטיק מאסט ריח פה פפרמינט</ManufacturerItemDescription><SoldByWeight/><Quantity>0.00</Quantity><UnitOfMeasure>יח'</UnitOfMeasure><QtyInPackage>לא ידוע</QtyInPackage><UnitOfMeasurePrice>0.0000</UnitOfMeasurePrice><AllowDiscount>1</AllowDiscount><ItemStatus>1</ItemStatus><ItemPrice>4.50</ItemPrice></item><item><PriceUpdateDate>2015-09-30 23:37:38</PriceUpdateDate><ItemCode>7290000444260</ItemCode><ItemType>1</ItemType><ItemName>חטיף תפוציפס שמנת בצ</ItemName><ManufacturerName>תפוצ'יפס</ManufacturerName><ManufactureCountry>ישראל</ManufactureCountry><ManufacturerItemDescription>תפוציפס טעם שמנת ובצל50 ג</ManufacturerItemDescription><SoldByWeight/><Quantity>50.00</Quantity><UnitOfMeasure>גרם     </UnitOfMeasure><QtyInPackage>לא ידוע</QtyInPackage><UnitOfMeasurePrice>0.0780</UnitOfMeasurePrice><AllowDiscount>1</AllowDiscount><ItemStatus>1</ItemStatus><ItemPrice>3.90</ItemPrice></item><item><PriceUpdateDate>2016-02-16 15:55:39</PriceUpdateDate><ItemCode>7290000444277</ItemCode><ItemType>1</ItemType><ItemName>פרה קראנצ' ביסקוויט</ItemName><ManufacturerName>פרה</ManufacturerName><ManufactureCountry>ישראל</ManufactureCountry><ManufacturerItemDescription>ביסקויט קראנצ שוקולד 100</ManufacturerItemDescription><SoldByWeight/><Quantity>100.00</Quantity><UnitOfMeasure>גרם     </UnitOfMeasure><QtyInPackage>לא ידוע</QtyInPackage><UnitOfMeasurePrice>0.0690</UnitOfMeasurePrice><AllowDiscount>1</AllowDiscount><ItemStatus>1</ItemStatus><ItemPrice>6.90</ItemPrice></item><item><PriceUpdateDate>2016-01-14 09:15:35</PriceUpdateDate><ItemCode>7290000444321</ItemCode><ItemType>1</ItemType><ItemName>מסטיק מאסט לילדים 28</ItemName><ManufacturerName>לא ידוע</ManufacturerName><ManufactureCountry>ישראל</ManufactureCountry><ManufacturerItemDescription>מסטיק מאסט לילדים 28</ManufacturerItemDescription><SoldByWeight/><Quantity>0.00</Quantity><UnitOfMeasure>יח'</UnitOfMeasure><QtyInPackage>לא ידוע</QtyInPackage><UnitOfMeasurePrice>0.0000</UnitOfMeasurePrice><AllowDiscount>1</AllowDiscount><ItemStatus>1</ItemStatus><ItemPrice>4.50</ItemPrice></item><item><PriceUpdateDate>2016-05-30 22:02:13</PriceUpdateDate><ItemCode>7290000444338</ItemCode><ItemType>1</ItemType><ItemName>קפה טורקי עלית שקית</ItemName><ManufacturerName>טורקי עלית</ManufacturerName><ManufactureCountry>ישראל</ManufactureCountry><ManufacturerItemDescription>קפה טורקי בצלופן 200 גרם</ManufacturerItemDescription><SoldByWeight/><Quantity>200.00</Quantity><UnitOfMeasure>גרם     </UnitOfMeasure><QtyInPackage>לא ידוע</QtyInPackage><UnitOfMeasurePrice>0.0795</UnitOfMeasurePrice><AllowDiscount>1</AllowDiscount><ItemStatus>1</ItemStatus><ItemPrice>15.90</ItemPrice></item><item><PriceUpdateDate>2016-05-30 22:02:13</PriceUpdateDate><ItemCode>7290000444741</ItemCode><ItemType>1</ItemType><ItemName>טונה סטארקיסט בשמן ר</ItemName><ManufacturerName>סטארקיסט</ManufacturerName><ManufactureCountry>ישראל</ManufactureCountry><ManufacturerItemDescription>טונה סטארקיסט בשמן</ManufacturerItemDescription><SoldByWeight/><Quantity>448.00</Quantity><UnitOfMeasure>גרם     </UnitOfMeasure><QtyInPackage>לא ידוע</QtyInPackage><UnitOfMeasurePrice>0.0511</UnitOfMeasurePrice><AllowDiscount>1</AllowDiscount><ItemStatus>1</ItemStatus><ItemPrice>22.90</ItemPrice></item><item><PriceUpdateDate>2016-05-30 22:02:13</PriceUpdateDate><ItemCode>7290000444789</ItemCode><ItemType>1</ItemType><ItemName>טונה סטארקיסט במים ר</ItemName><ManufacturerName>סטרקיסט</ManufacturerName><ManufactureCountry>ישראל</ManufactureCountry><ManufacturerItemDescription>טונה סטארקיסט במים 160X1/</ManufacturerItemDescription><SoldByWeight/><Quantity>640.00</Quantity><UnitOfMeasure>גרם     </UnitOfMeasure><QtyInPackage>לא ידוע</QtyInPackage><UnitOfMeasurePrice>0.0358</UnitOfMeasurePrice><AllowDiscount>1</AllowDiscount><ItemStatus>1</ItemStatus><ItemPrice>22.90</ItemPrice></item><item><PriceUpdateDate>2016-03-08 09:11:41</PriceUpdateDate><ItemCode>7290000444871</ItemCode><ItemType>1</ItemType><ItemName>טונה סטארקיסט 5% עם</ItemName><ManufacturerName>סטארקיסט</ManufacturerName><ManufactureCountry>ישראל</ManufactureCountry><ManufacturerItemDescription>טונה ס.ק עם עשבי תיבול 5%</ManufacturerItemDescription><SoldByWeight/><Quantity>112.00</Quantity><UnitOfMeasure>גרם     </UnitOfMeasure><QtyInPackage>לא ידוע</QtyInPackage><UnitOfMeasurePrice>0.0705</UnitOfMeasurePrice><AllowDiscount>1</AllowDiscount><ItemStatus>1</ItemStatus><ItemPrice>7.90</ItemPrice></item><item><PriceUpdateDate>2016-03-08 09:11:41</PriceUpdateDate><ItemCode>7290000444895</ItemCode><ItemType>1</ItemType><ItemName>טונה סטארקיסט 5% עם</ItemName><ManufacturerName>סטארקיסט</ManufacturerName><ManufactureCountry>ישראל</ManufactureCountry><ManufacturerItemDescription>טונה ס.ק עם לימון 5% שומן</ManufacturerItemDescription><SoldByWeight/><Quantity>112.00</Quantity><UnitOfMeasure>גרם     </UnitOfMeasure><QtyInPackage>לא ידוע</QtyInPackage><UnitOfMeasurePrice>0.0705</UnitOfMeasurePrice><AllowDiscount>1</AllowDiscount><ItemStatus>1</ItemStatus><ItemPrice>7.90</ItemPrice></item><item><PriceUpdateDate>2016-05-30 22:02:13</PriceUpdateDate><ItemCode>7290000445403</ItemCode><ItemType>1</ItemType><ItemName>מב מארז זוג עוגת גבי</ItemName><ManufacturerName>עדן קינוחים</ManufacturerName><ManufactureCountry>ישראל</ManufactureCountry><ManufacturerItemDescription>עוגת גבינה פירורים זוג</ManufacturerItemDescription><SoldByWeight/><Quantity>184.00</Quantity><UnitOfMeasure>גרם     </UnitOfMeasure><QtyInPackage>לא ידוע</QtyInPackage><UnitOfMeasurePrice>0.0543</UnitOfMeasurePrice><AllowDiscount>1</AllowDiscount><ItemStatus>1</ItemStatus><ItemPrice>10.00</ItemPrice></item><item><PriceUpdateDate>2016-05-30 22:02:13</PriceUpdateDate><ItemCode>7290000445410</ItemCode><ItemType>1</ItemType><ItemName>מב מארז זוג מלבי חלב</ItemName><ManufacturerName>עדן קינוחים</ManufacturerName><ManufactureCountry>ישראל</ManufactureCountry><ManufacturerItemDescription>מארז מעדן מלבי 330 גרם זו</ManufacturerItemDescription><SoldByWeight/><Quantity>330.00</Quantity><UnitOfMeasure>גרם     </UnitOfMeasure><QtyInPackage>לא ידוע</QtyInPackage><UnitOfMeasurePrice>0.0303</UnitOfMeasurePrice><AllowDiscount>1</AllowDiscount><ItemStatus>1</ItemStatus><ItemPrice>10.00</ItemPrice></item><item><PriceUpdateDate>2015-11-12 16:44:57</PriceUpdateDate><ItemCode>7290000445427</ItemCode><ItemType>1</ItemType><ItemName>נקניקיות בבצק 800 גר</ItemName><ManufacturerName>מעדנות</ManufacturerName><ManufactureCountry>ישראל</ManufactureCountry><ManufacturerItemDescription>נקניקיות בבצק 800 גר</ManufacturerItemDescription><SoldByWeight/><Quantity>800.00</Quantity><UnitOfMeasure>גרם     </UnitOfMeasure><QtyInPackage>לא ידוע</QtyInPackage><UnitOfMeasurePrice>0.0392</UnitOfMeasurePrice><AllowDiscount>1</AllowDiscount><ItemStatus>1</ItemStatus><ItemPrice>31.40</ItemPrice></item><item><PriceUpdateDate>2016-05-01 21:46:06</PriceUpdateDate><ItemCode>7290000445458</ItemCode><ItemType>1</ItemType><ItemName>בורקס פיצה 700 גרם</ItemName><ManufacturerName>מעדנות</ManufacturerName><ManufactureCountry>ישראל</ManufactureCountry><ManufacturerItemDescription>בורקס פיצה 700 גרם</ManufacturerItemDescription><SoldByWeight/><Quantity>700.00</Quantity><UnitOfMeasure>גרם     </UnitOfMeasure><QtyInPackage>לא ידוע</QtyInPackage><UnitOfMeasurePrice>0.0424</UnitOfMeasurePrice><AllowDiscount>1</AllowDiscount><ItemStatus>1</ItemStatus><ItemPrice>29.70</ItemPrice></item><item><PriceUpdateDate>2016-05-30 22:02:13</PriceUpdateDate><ItemCode>7290000445472</ItemCode><ItemType>1</ItemType><ItemName>פיצה משפחתית גבינה מ</ItemName><ManufacturerName>מעדנות</ManufacturerName><ManufactureCountry>ישראל</ManufactureCountry><ManufacturerItemDescription>פיצה משפחתית גבינה 500 גר</ManufacturerItemDescription><SoldByWeight/><Quantity>500.00</Quantity><UnitOfMeasure>גרם     </UnitOfMeasure><QtyInPackage>לא ידוע</QtyInPackage><UnitOfMeasurePrice>0.0498</UnitOfMeasurePrice><AllowDiscount>1</AllowDiscount><ItemStatus>1</ItemStatus><ItemPrice>24.90</ItemPrice></item><item><PriceUpdateDate>2016-05-30 22:02:13</PriceUpdateDate><ItemCode>7290000445489</ItemCode><ItemType>1</ItemType><ItemName>פיצה משפחתית זיתים מ</ItemName><ManufacturerName>מעדנות</ManufacturerName><ManufactureCountry>ישראל</ManufactureCountry><ManufacturerItemDescription>פיצה משפחתית זיתים 550 גר</ManufacturerItemDescription><SoldByWeight/><Quantity>500.00</Quantity><UnitOfMeasure>גרם     </UnitOfMeasure><QtyInPackage>לא ידוע</QtyInPackage><UnitOfMeasurePrice>0.0508</UnitOfMeasurePrice><AllowDiscount>1</AllowDiscount><ItemStatus>1</ItemStatus><ItemPrice>25.40</ItemPrice></item><item><PriceUpdateDate>2016-05-30 22:02:14</PriceUpdateDate><ItemCode>7290000445540</ItemCode><ItemType>1</ItemType><ItemName>מב בצק פילאס תורכי 6</ItemName><ManufacturerName>מעדנות</ManufacturerName><ManufactureCountry>ישראל</ManufactureCountry><ManufacturerItemDescription>בצק פילאס תורכי</ManufacturerItemDescription><SoldByWeight/><Quantity>600.00</Quantity><UnitOfMeasure>גרם     </UnitOfMeasure><QtyInPackage>לא ידוע</QtyInPackage><UnitOfMeasurePrice>0.0265</UnitOfMeasurePrice><AllowDiscount>1</AllowDiscount><ItemStatus>1</ItemStatus><ItemPrice>15.90</ItemPrice></item><item><PriceUpdateDate>2015-10-21 13:56:09</PriceUpdateDate><ItemCode>7290000445854</ItemCode><ItemType>1</ItemType><ItemName>דבש לחיץ מפרחי בר 40</ItemName><ManufacturerName>יד מרדכי</ManufacturerName><ManufactureCountry>ישראל</ManufactureCountry><ManufacturerItemDescription>דבש פרחי בר400 גר.בקלחיץ</ManufacturerItemDescription><SoldByWeight/><Quantity>400.00</Quantity><UnitOfMeasure>גרם     </UnitOfMeasure><QtyInPackage>לא ידוע</QtyInPackage><UnitOfMeasurePrice>0.0747</UnitOfMeasurePrice><AllowDiscount>1</AllowDiscount><ItemStatus>1</ItemStatus><ItemPrice>29.90</ItemPrice></item><item><PriceUpdateDate>2016-05-30 22:02:14</PriceUpdateDate><ItemCode>7290000445861</ItemCode><ItemType>1</ItemType><ItemName>מיץ פריגת מנגו 1.5 ל</ItemName><ManufacturerName>פריגת</ManufacturerName><ManufactureCountry>ישראל</ManufactureCountry><ManufacturerItemDescription>משקל פריגת מנגו 1.5 ליטר</ManufacturerItemDescription><SoldByWeight/><Quantity>1500.00</Quantity><UnitOfMeasure>מ"ל</UnitOfMeasure><QtyInPackage>לא ידוע</QtyInPackage><UnitOfMeasurePrice>0.0045</UnitOfMeasurePrice><AllowDiscount>0</AllowDiscount><ItemStatus>1</ItemStatus><ItemPrice>6.80</ItemPrice></item><item><PriceUpdateDate>2016-03-16 15:40:31</PriceUpdateDate><ItemCode>7290000445915</ItemCode><ItemType>1</ItemType><ItemName>פאנטה אקזוטיק 1.5 לי</ItemName><ManufacturerName>פאנטה אקזוטיק</ManufacturerName><ManufactureCountry>ישראל</ManufactureCountry><ManufacturerItemDescription>פאנטה אקזוטיק 1.5 ליטר</ManufacturerItemDescription><SoldByWeight/><Quantity>1500.00</Quantity><UnitOfMeasure>מ"ל</UnitOfMeasure><QtyInPackage>לא ידוע</QtyInPackage><UnitOfMeasurePrice>0.0046</UnitOfMeasurePrice><AllowDiscount>1</AllowDiscount><ItemStatus>1</ItemStatus><ItemPrice>6.90</ItemPrice></item><item><PriceUpdateDate>2016-05-30 22:02:14</PriceUpdateDate><ItemCode>7290000445946</ItemCode><ItemType>1</ItemType><ItemName>מב בונזו כבד 3 ק"ג</ItemName><ManufacturerName>בונזו</ManufacturerName><ManufactureCountry>ישראל</ManufactureCountry><ManufacturerItemDescription>בונזו כבד 3 קג</ManufacturerItemDescription><SoldByWeight/><Quantity>3000.00</Quantity><UnitOfMeasure>גרם     </UnitOfMeasure><QtyInPackage>לא ידוע</QtyInPackage><UnitOfMeasurePrice>0.0156</UnitOfMeasurePrice><AllowDiscount>1</AllowDiscount><ItemStatus>1</ItemStatus><ItemPrice>46.90</ItemPrice></item><item><PriceUpdateDate>2015-05-31 10:04:26</PriceUpdateDate><ItemCode>7290000445991</ItemCode><ItemType>1</ItemType><ItemName>אנרג'י מיזלי 500 גרם</ItemName><ManufacturerName>לא ידוע</ManufacturerName><ManufactureCountry>ישראל</ManufactureCountry><ManufacturerItemDescription>מיזלי אנרגי פירות 500 גר</ManufacturerItemDescription><SoldByWeight/><Quantity>500.00</Quantity><UnitOfMeasure>גרם     </UnitOfMeasure><QtyInPackage>לא ידוע</QtyInPackage><UnitOfMeasurePrice>0.0390</UnitOfMeasurePrice><AllowDiscount>1</AllowDiscount><ItemStatus>1</ItemStatus><ItemPrice>19.50</ItemPrice></item><item><PriceUpdateDate>2015-10-11 18:10:34</PriceUpdateDate><ItemCode>7290000446011</ItemCode><ItemType>1</ItemType><ItemName>דניאלה וניל  150 מ"ל</ItemName><ManufacturerName>דניאלה</ManufacturerName><ManufactureCountry>ישראל</ManufactureCountry><ManufacturerItemDescription>דניאלה מעדן גבינה וניל 15</ManufacturerItemDescription><SoldByWeight/><Quantity>100.00</Quantity><UnitOfMeasure>מ"ל</UnitOfMeasure><QtyInPackage>לא ידוע</QtyInPackage><UnitOfMeasurePrice>0.0420</UnitOfMeasurePrice><AllowDiscount>1</AllowDiscount><ItemStatus>1</ItemStatus><ItemPrice>4.20</ItemPrice></item><item><PriceUpdateDate>2015-10-11 18:10:34</PriceUpdateDate><ItemCode>7290000446042</ItemCode><ItemType>1</ItemType><ItemName>גבינת סקי וניל 3% 12</ItemName><ManufacturerName>שטראוס</ManufacturerName><ManufactureCountry>ישראל</ManufactureCountry><ManufacturerItemDescription>גבינה סקי וניל125  גר</ManufacturerItemDescription><SoldByWeight/><Quantity>125.00</Quantity><UnitOfMeasure>גרם     </UnitOfMeasure><QtyInPackage>לא ידוע</QtyInPackage><UnitOfMeasurePrice>0.0304</UnitOfMeasurePrice><AllowDiscount>1</AllowDiscount><ItemStatus>1</ItemStatus><ItemPrice>3.80</ItemPrice></item><item><PriceUpdateDate>2015-10-11 18:10:34</PriceUpdateDate><ItemCode>7290000446059</ItemCode><ItemType>1</ItemType><ItemName>גבינת סקי 5% יום יום</ItemName><ManufacturerName>שטראוס</ManufacturerName><ManufactureCountry>ישראל</ManufactureCountry><ManufacturerItemDescription>גבינת סקי 5% יום יום</ManufacturerItemDescription><SoldByWeight/><Quantity>125.00</Quantity><UnitOfMeasure>גרם     </UnitOfMeasure><QtyInPackage>לא ידוע</QtyInPackage><UnitOfMeasurePrice>0.0280</UnitOfMeasurePrice><AllowDiscount>1</AllowDiscount><ItemStatus>1</ItemStatus><ItemPrice>3.50</ItemPrice></item><item><PriceUpdateDate>2015-10-11 18:10:34</PriceUpdateDate><ItemCode>7290000446066</ItemCode><ItemType>1</ItemType><ItemName>מארז שמינייה דנונה ב</ItemName><ManufacturerName>דנונה</ManufacturerName><ManufactureCountry>ישראל</ManufactureCountry><ManufacturerItemDescription>מארז שמינייה דנונה ב</ManufacturerItemDescription><SoldByWeight/><Quantity>1200.00</Quantity><UnitOfMeasure>מ"ל</UnitOfMeasure><QtyInPackage>לא ידוע</QtyInPackage><UnitOfMeasurePrice>0.0154</UnitOfMeasurePrice><AllowDiscount>1</AllowDiscount><ItemStatus>1</ItemStatus><ItemPrice>18.50</ItemPrice></item><item><PriceUpdateDate>2016-06-01 09:41:31</PriceUpdateDate><ItemCode>7290000446073</ItemCode><ItemType>1</ItemType><ItemName>מב סימפוניה 5% עם זי</ItemName><ManufacturerName>סימפוניה שטראוס</ManufacturerName><ManufactureCountry>ישראל</ManufactureCountry><ManufacturerItemDescription>סימפוניה 5% זיתים200 גר</ManufacturerItemDescription><SoldByWeight/><Quantity>200.00</Quantity><UnitOfMeasure>גרם     </UnitOfMeasure><QtyInPackage>לא ידוע</QtyInPackage><UnitOfMeasurePrice>0.0495</UnitOfMeasurePrice><AllowDiscount>0</AllowDiscount><ItemStatus>1</ItemStatus><ItemPrice>9.90</ItemPrice></item><item><PriceUpdateDate>2015-10-11 18:10:34</PriceUpdateDate><ItemCode>7290000446080</ItemCode><ItemType>1</ItemType><ItemName>מילקי טופ מגולגלת 14</ItemName><ManufacturerName>מילקי</ManufacturerName><ManufactureCountry>ישראל</ManufactureCountry><ManufacturerItemDescription>מילקי טופ מגולגלת 140 גר</ManufacturerItemDescription><SoldByWeight/><Quantity>141.00</Quantity><UnitOfMeasure>גרם     </UnitOfMeasure><QtyInPackage>לא ידוע</QtyInPackage><UnitOfMeasurePrice>0.0333</UnitOfMeasurePrice><AllowDiscount>1</AllowDiscount><ItemStatus>1</ItemStatus><ItemPrice>4.70</ItemPrice></item><item><PriceUpdateDate>2015-11-12 14:55:25</PriceUpdateDate><ItemCode>7290000446172</ItemCode><ItemType>1</ItemType><ItemName>פפסי מקס שישייה 1.5</ItemName><ManufacturerName>פפסי מקס</ManufacturerName><ManufactureCountry>ישראל</ManufactureCountry><ManufacturerItemDescription>פפסי מקס קולה 1.5 ל</ManufacturerItemDescription><SoldByWeight/><Quantity>9000.00</Quantity><UnitOfMeasure>מ"ל</UnitOfMeasure><QtyInPackage>לא ידוע</QtyInPackage><UnitOfMeasurePrice>0.0040</UnitOfMeasurePrice><AllowDiscount>1</AllowDiscount><ItemStatus>1</ItemStatus><ItemPrice>36.00</ItemPrice></item><item><PriceUpdateDate>2015-12-01 08:40:58</PriceUpdateDate><ItemCode>7290000446202</ItemCode><ItemType>1</ItemType><ItemName>ממרח פסטו קלאסי 220</ItemName><ManufacturerName>פרסקו</ManufacturerName><ManufactureCountry>ישראל</ManufactureCountry><ManufacturerItemDescription>פסטו קלאסי 220 ג</ManufacturerItemDescription><SoldByWeight/><Quantity>220.00</Quantity><UnitOfMeasure>גרם     </UnitOfMeasure><QtyInPackage>לא ידוע</QtyInPackage><UnitOfMeasurePrice>0.0986</UnitOfMeasurePrice><AllowDiscount>1</AllowDiscount><ItemStatus>1</ItemStatus><ItemPrice>21.70</ItemPrice></item><item><PriceUpdateDate>2016-03-01 06:48:37</PriceUpdateDate><ItemCode>7290000446875</ItemCode><ItemType>1</ItemType><ItemName>משקה ג'אמפ ענבים 1.5</ItemName><ManufacturerName>גאמפ</ManufacturerName><ManufactureCountry>ישראל</ManufactureCountry><ManufacturerItemDescription>משקה ג'אמפ ענבים 1.5</ManufacturerItemDescription><SoldByWeight/><Quantity>1500.00</Quantity><UnitOfMeasure>מ"ל</UnitOfMeasure><QtyInPackage>לא ידוע</QtyInPackage><UnitOfMeasurePrice>0.0046</UnitOfMeasurePrice><AllowDiscount>1</AllowDiscount><ItemStatus>1</ItemStatus><ItemPrice>6.90</ItemPrice></item><item><PriceUpdateDate>2015-06-30 06:47:17</PriceUpdateDate><ItemCode>7290000446882</ItemCode><ItemType>1</ItemType><ItemName>מב שישיית מים סן בנד</ItemName><ManufacturerName>סאן בנדטו</ManufacturerName><ManufactureCountry>ישראל</ManufactureCountry><ManufacturerItemDescription>סן בנדטו0.5 ל 1/6 מים מינ</ManufacturerItemDescription><SoldByWeight/><Quantity>3000.00</Quantity><UnitOfMeasure>מ"ל</UnitOfMeasure><QtyInPackage>לא ידוע</QtyInPackage><UnitOfMeasurePrice>0.0050</UnitOfMeasurePrice><AllowDiscount>1</AllowDiscount><ItemStatus>1</ItemStatus><ItemPrice>14.90</ItemPrice></item><item><PriceUpdateDate>2016-04-01 11:49:36</PriceUpdateDate><ItemCode>7290000446905</ItemCode><ItemType>1</ItemType><ItemName>מב מיץ פריגת סחוט קל</ItemName><ManufacturerName>פריגת</ManufacturerName><ManufactureCountry>ישראל</ManufactureCountry><ManufacturerItemDescription>מב מיץ פריגת סחוט קל</ManufacturerItemDescription><SoldByWeight/><Quantity>2000.00</Quantity><UnitOfMeasure>מ"ל</UnitOfMeasure><QtyInPackage>לא ידוע</QtyInPackage><UnitOfMeasurePrice>0.0109</UnitOfMeasurePrice><AllowDiscount>1</AllowDiscount><ItemStatus>1</ItemStatus><ItemPrice>21.90</ItemPrice></item><item><PriceUpdateDate>2015-12-01 08:40:58</PriceUpdateDate><ItemCode>7290000446912</ItemCode><ItemType>1</ItemType><ItemName>גת פקאן סיני בשקית 1</ItemName><ManufacturerName>ליימן חטיבת המותגים</ManufacturerName><ManufactureCountry>ישראל</ManufactureCountry><ManufacturerItemDescription>גת פקאן סיני בשקית 1</ManufacturerItemDescription><SoldByWeight/><Quantity>150.00</Quantity><UnitOfMeasure>גרם     </UnitOfMeasure><QtyInPackage>לא ידוע</QtyInPackage><UnitOfMeasurePrice>0.1827</UnitOfMeasurePrice><AllowDiscount>1</AllowDiscount><ItemStatus>1</ItemStatus><ItemPrice>27.40</ItemPrice></item><item><PriceUpdateDate>2016-05-01 21:46:06</PriceUpdateDate><ItemCode>7290000446929</ItemCode><ItemType>1</ItemType><ItemName>גת אגוזי מלך שקית 15</ItemName><ManufacturerName>ליימן חטיבת המותגים</ManufacturerName><ManufactureCountry>ישראל</ManufactureCountry><ManufacturerItemDescription>גת אגוזי מלך שקית 15</ManufacturerItemDescription><SoldByWeight/><Quantity>150.00</Quantity><UnitOfMeasure>גרם     </UnitOfMeasure><QtyInPackage>לא ידוע</QtyInPackage><UnitOfMeasurePrice>0.1440</UnitOfMeasurePrice><AllowDiscount>1</AllowDiscount><ItemStatus>1</ItemStatus><ItemPrice>21.60</ItemPrice></item><item><PriceUpdateDate>2016-02-02 06:50:01</PriceUpdateDate><ItemCode>7290000447209</ItemCode><ItemType>1</ItemType><ItemName>ג'חנון בצק 700 גרם</ItemName><ManufacturerName>מעדנות</ManufacturerName><ManufactureCountry>ישראל</ManufactureCountry><ManufacturerItemDescription>גחנון בצק 700 גרם</ManufacturerItemDescription><SoldByWeight/><Quantity>700.00</Quantity><UnitOfMeasure>גרם     </UnitOfMeasure><QtyInPackage>לא ידוע</QtyInPackage><UnitOfMeasurePrice>0.0290</UnitOfMeasurePrice><AllowDiscount>1</AllowDiscount><ItemStatus>1</ItemStatus><ItemPrice>20.30</ItemPrice></item><item><PriceUpdateDate>2016-05-30 22:02:14</PriceUpdateDate><ItemCode>7290000447216</ItemCode><ItemType>1</ItemType><ItemName>ג'חנון אפוי 750 גרם</ItemName><ManufacturerName>מעדנות</ManufacturerName><ManufactureCountry>ישראל</ManufactureCountry><ManufacturerItemDescription>גחנון אפוי 750 גרם</ManufacturerItemDescription><SoldByWeight/><Quantity>750.00</Quantity><UnitOfMeasure>גרם     </UnitOfMeasure><QtyInPackage>לא ידוע</QtyInPackage><UnitOfMeasurePrice>0.0369</UnitOfMeasurePrice><AllowDiscount>1</AllowDiscount><ItemStatus>1</ItemStatus><ItemPrice>27.70</ItemPrice></item><item><PriceUpdateDate>2016-05-30 22:02:14</PriceUpdateDate><ItemCode>7290000447308</ItemCode><ItemType>1</ItemType><ItemName>מיני ג'חנון אפוי 600</ItemName><ManufacturerName>מעדנות</ManufacturerName><ManufactureCountry>ישראל</ManufactureCountry><ManufacturerItemDescription>גחנון אפוי מיני 600 גרם</ManufacturerItemDescription><SoldByWeight/><Quantity>600.00</Quantity><UnitOfMeasure>גרם     </UnitOfMeasure><QtyInPackage>לא ידוע</QtyInPackage><UnitOfMeasurePrice>0.0422</UnitOfMeasurePrice><AllowDiscount>1</AllowDiscount><ItemStatus>1</ItemStatus><ItemPrice>25.30</ItemPrice></item><item><PriceUpdateDate>2016-05-30 22:02:14</PriceUpdateDate><ItemCode>7290000447414</ItemCode><ItemType>1</ItemType><ItemName>מב עוגת שמרים בטעם א</ItemName><ManufacturerName>לחמי</ManufacturerName><ManufactureCountry>ישראל</ManufactureCountry><ManufacturerItemDescription>מאפה שמרים-אספרסו ושוקולד</ManufacturerItemDescription><SoldByWeight/><Quantity>450.00</Quantity><UnitOfMeasure>גרם     </UnitOfMeasure><QtyInPackage>לא ידוע</QtyInPackage><UnitOfMeasurePrice>0.0331</UnitOfMeasurePrice><AllowDiscount>1</AllowDiscount><ItemStatus>1</ItemStatus><ItemPrice>14.90</ItemPrice></item><item><PriceUpdateDate>2014-11-03 06:36:36</PriceUpdateDate><ItemCode>7290000447520</ItemCode><ItemType>1</ItemType><ItemName>דבש מזון מלכות מרוכז</ItemName><ManufacturerName>יד מרדכי</ManufacturerName><ManufactureCountry>ישראל</ManufactureCountry><ManufacturerItemDescription>דבש מזון מלכות מרוכז</ManufacturerItemDescription><SoldByWeight/><Quantity>340.00</Quantity><UnitOfMeasure>גרם     </UnitOfMeasure><QtyInPackage>לא ידוע</QtyInPackage><UnitOfMeasurePrice>0.1424</UnitOfMeasurePrice><AllowDiscount>1</AllowDiscount><ItemStatus>1</ItemStatus><ItemPrice>48.40</ItemPrice></item><item><PriceUpdateDate>2015-12-24 09:22:22</PriceUpdateDate><ItemCode>7290000447537</ItemCode><ItemType>1</ItemType><ItemName>דבש לייט 350 גרם</ItemName><ManufacturerName>יד מרדכי</ManufacturerName><ManufactureCountry>ישראל</ManufactureCountry><ManufacturerItemDescription>דבש לייט 350 גרם</ManufacturerItemDescription><SoldByWeight/><Quantity>350.00</Quantity><UnitOfMeasure>גרם     </UnitOfMeasure><QtyInPackage>לא ידוע</QtyInPackage><UnitOfMeasurePrice>0.0826</UnitOfMeasurePrice><AllowDiscount>1</AllowDiscount><ItemStatus>1</ItemStatus><ItemPrice>28.90</ItemPrice></item><item><PriceUpdateDate>2014-11-03 06:38:11</PriceUpdateDate><ItemCode>7290000447667</ItemCode><ItemType>1</ItemType><ItemName>דנונה יוגורט טבעי3%</ItemName><ManufacturerName>דנונה מהדרין</ManufacturerName><ManufactureCountry>ישראל</ManufactureCountry><ManufacturerItemDescription>דנונה יוגורט טבעי3%</ManufacturerItemDescription><SoldByWeight/><Quantity>150.00</Quantity><UnitOfMeasure>גרם     </UnitOfMeasure><QtyInPackage>לא ידוע</QtyInPackage><UnitOfMeasurePrice>0.0187</UnitOfMeasurePrice><AllowDiscount>1</AllowDiscount><ItemStatus>1</ItemStatus><ItemPrice>2.80</ItemPrice></item><item><PriceUpdateDate>2016-05-30 22:02:14</PriceUpdateDate><ItemCode>7290000448015</ItemCode><ItemType>1</ItemType><ItemName>מארז חטיף במבה 20*15</ItemName><ManufacturerName>במבה</ManufacturerName><ManufactureCountry>ישראל</ManufactureCountry><ManufacturerItemDescription>מארז חטיף במבה 20*15</ManufacturerItemDescription><SoldByWeight/><Quantity>300.00</Quantity><UnitOfMeasure>גרם     </UnitOfMeasure><QtyInPackage>לא ידוע</QtyInPackage><UnitOfMeasurePrice>0.0830</UnitOfMeasurePrice><AllowDiscount>1</AllowDiscount><ItemStatus>1</ItemStatus><ItemPrice>24.90</ItemPrice></item><item><PriceUpdateDate>2016-03-16 15:40:31</PriceUpdateDate><ItemCode>7290000448053</ItemCode><ItemType>1</ItemType><ItemName>קוסקוס דק בשקית 350</ItemName><ManufacturerName>אסם</ManufacturerName><ManufactureCountry>ישראל</ManufactureCountry><ManufacturerItemDescription>קוסקוס דק בשקית 350</ManufacturerItemDescription><SoldByWeight/><Quantity>350.00</Quantity><UnitOfMeasure>גרם     </UnitOfMeasure><QtyInPackage>לא ידוע</QtyInPackage><UnitOfMeasurePrice>0.0226</UnitOfMeasurePrice><AllowDiscount>1</AllowDiscount><ItemStatus>1</ItemStatus><ItemPrice>7.90</ItemPrice></item><item><PriceUpdateDate>2016-05-30 22:02:14</PriceUpdateDate><ItemCode>7290000448060</ItemCode><ItemType>1</ItemType><ItemName>חטיף ארנבונים תפו"א</ItemName><ManufacturerName>דובונים</ManufacturerName><ManufactureCountry>ישראל</ManufactureCountry><ManufacturerItemDescription>חטיף ארנבונים תפו"א</ManufacturerItemDescription><SoldByWeight/><Quantity>14.00</Quantity><UnitOfMeasure>גרם     </UnitOfMeasure><QtyInPackage>לא ידוע</QtyInPackage><UnitOfMeasurePrice>0.2857</UnitOfMeasurePrice><AllowDiscount>1</AllowDiscount><ItemStatus>1</ItemStatus><ItemPrice>4.00</ItemPrice></item><item><PriceUpdateDate>2016-03-01 06:42:24</PriceUpdateDate><ItemCode>7290000448107</ItemCode><ItemType>1</ItemType><ItemName>מארז גמדים דגנים 4*1</ItemName><ManufacturerName>גמדים</ManufacturerName><ManufactureCountry>ישראל</ManufactureCountry><ManufacturerItemDescription>מארז גמדים דגנים 4*1</ManufacturerItemDescription><SoldByWeight/><Quantity>400.00</Quantity><UnitOfMeasure>מ"ל</UnitOfMeasure><QtyInPackage>לא ידוע</QtyInPackage><UnitOfMeasurePrice>0.0285</UnitOfMeasurePrice><AllowDiscount>0</AllowDiscount><ItemStatus>1</ItemStatus><ItemPrice>11.40</ItemPrice></item><item><PriceUpdateDate>2016-05-30 22:02:14</PriceUpdateDate><ItemCode>7290000448114</ItemCode><ItemType>1</ItemType><ItemName>מארז אקטימל טבעי 14</ItemName><ManufacturerName>אקטימל</ManufacturerName><ManufactureCountry>ישראל</ManufactureCountry><ManufacturerItemDescription>מארז אקטימל טבעי 14</ManufacturerItemDescription><SoldByWeight/><Quantity>1480.00</Quantity><UnitOfMeasure>מ"ל</UnitOfMeasure><QtyInPackage>לא ידוע</QtyInPackage><UnitOfMeasurePrice>0.0212</UnitOfMeasurePrice><AllowDiscount>1</AllowDiscount><ItemStatus>1</ItemStatus><ItemPrice>31.40</ItemPrice></item><item><PriceUpdateDate>2015-12-07 06:57:24</PriceUpdateDate><ItemCode>7290000448169</ItemCode><ItemType>1</ItemType><ItemName>גבינת סקי 3% 250 גרם</ItemName><ManufacturerName>שטראוס</ManufacturerName><ManufactureCountry>ישראל</ManufactureCountry><ManufacturerItemDescription>גבינה סקי 250 3% גרם</ManufacturerItemDescription><SoldByWeight/><Quantity>250.00</Quantity><UnitOfMeasure>גרם     </UnitOfMeasure><QtyInPackage>לא ידוע</QtyInPackage><UnitOfMeasurePrice>0.0192</UnitOfMeasurePrice><AllowDiscount>1</AllowDiscount><ItemStatus>1</ItemStatus><ItemPrice>4.80</ItemPrice></item><item><PriceUpdateDate>2016-02-11 09:34:57</PriceUpdateDate><ItemCode>7290000448183</ItemCode><ItemType>1</ItemType><ItemName>גבינת סקי 5% 750 גרם</ItemName><ManufacturerName>שטראוס</ManufacturerName><ManufactureCountry>ישראל</ManufactureCountry><ManufacturerItemDescription>גבינת סקי 5% 750 גרם</ManufacturerItemDescription><SoldByWeight/><Quantity>750.00</Quantity><UnitOfMeasure>גרם     </UnitOfMeasure><QtyInPackage>לא ידוע</QtyInPackage><UnitOfMeasurePrice>0.0184</UnitOfMeasurePrice><AllowDiscount>1</AllowDiscount><ItemStatus>1</ItemStatus><ItemPrice>13.80</ItemPrice></item><item><PriceUpdateDate>2015-12-17 09:25:07</PriceUpdateDate><ItemCode>7290000448213</ItemCode><ItemType>1</ItemType><ItemName>מארז אקטימל תות שמינ</ItemName><ManufacturerName>אקטימל</ManufacturerName><ManufactureCountry>ישראל</ManufactureCountry><ManufacturerItemDescription>מארז אקטימל תות 8 יח</ManufacturerItemDescription><SoldByWeight/><Quantity>850.00</Quantity><UnitOfMeasure>מ"ל</UnitOfMeasure><QtyInPackage>לא ידוע</QtyInPackage><UnitOfMeasurePrice>0.0258</UnitOfMeasurePrice><AllowDiscount>1</AllowDiscount><ItemStatus>1</ItemStatus><ItemPrice>21.90</ItemPrice></item><item><PriceUpdateDate>2015-12-17 09:25:07</PriceUpdateDate><ItemCode>7290000448237</ItemCode><ItemType>1</ItemType><ItemName>מארז אקטימל טבעי שמי</ItemName><ManufacturerName>אקטימל</ManufacturerName><ManufactureCountry>ישראל</ManufactureCountry><ManufacturerItemDescription>מארז אקטימל 8 יח</ManufacturerItemDescription><SoldByWeight/><Quantity>850.00</Quantity><UnitOfMeasure>מ"ל</UnitOfMeasure><QtyInPackage>לא ידוע</QtyInPackage><UnitOfMeasurePrice>0.0258</UnitOfMeasurePrice><AllowDiscount>1</AllowDiscount><ItemStatus>1</ItemStatus><ItemPrice>21.90</ItemPrice></item><item><PriceUpdateDate>2016-05-23 09:03:57</PriceUpdateDate><ItemCode>7290000448244</ItemCode><ItemType>1</ItemType><ItemName>דנונה אפרסק 3% 150 ג</ItemName><ManufacturerName>דנונה</ManufacturerName><ManufactureCountry>ישראל</ManufactureCountry><ManufacturerItemDescription>דנונה אפרסק 150 3% גרם</ManufacturerItemDescription><SoldByWeight/><Quantity>150.00</Quantity><UnitOfMeasure>גרם     </UnitOfMeasure><QtyInPackage>לא ידוע</QtyInPackage><UnitOfMeasurePrice>0.0260</UnitOfMeasurePrice><AllowDiscount>1</AllowDiscount><ItemStatus>1</ItemStatus><ItemPrice>3.90</ItemPrice></item><item><PriceUpdateDate>2015-10-20 16:43:49</PriceUpdateDate><ItemCode>7290000448299</ItemCode><ItemType>1</ItemType><ItemName>מארז דנונה שמיניה במ</ItemName><ManufacturerName>דנונה</ManufacturerName><ManufactureCountry>ישראל</ManufactureCountry><ManufacturerItemDescription>מארז 1/8 מתיקות מעודנת</ManufacturerItemDescription><SoldByWeight/><Quantity>1200.00</Quantity><UnitOfMeasure>מ"ל</UnitOfMeasure><QtyInPackage>לא ידוע</QtyInPackage><UnitOfMeasurePrice>0.0170</UnitOfMeasurePrice><AllowDiscount>1</AllowDiscount><ItemStatus>1</ItemStatus><ItemPrice>20.40</ItemPrice></item><item><PriceUpdateDate>2015-09-30 23:37:38</PriceUpdateDate><ItemCode>7290000448305</ItemCode><ItemType>1</ItemType><ItemName>מארז דנונה ביו 1.7%</ItemName><ManufacturerName>דנונה</ManufacturerName><ManufactureCountry>ישראל</ManufactureCountry><ManufacturerItemDescription>מארז דנונה ביו 1.7%</ManufacturerItemDescription><SoldByWeight/><Quantity>1200.00</Quantity><UnitOfMeasure>מ"ל</UnitOfMeasure><QtyInPackage>לא ידוע</QtyInPackage><UnitOfMeasurePrice>0.0147</UnitOfMeasurePrice><AllowDiscount>1</AllowDiscount><ItemStatus>1</ItemStatus><ItemPrice>17.60</ItemPrice></item><item><PriceUpdateDate>2016-05-30 22:03:33</PriceUpdateDate><ItemCode>7290000449128</ItemCode><ItemType>1</ItemType><ItemName>סיף פנטסטיק לניקוי כ</ItemName><ManufacturerName>סיף</ManufacturerName><ManufactureCountry>ישראל</ManufactureCountry><ManufacturerItemDescription>סיף פנטסטיק לניקוי כ</ManufacturerItemDescription><SoldByWeight/><Quantity>4000.00</Quantity><UnitOfMeasure>מ"ל</UnitOfMeasure><QtyInPackage>לא ידוע</QtyInPackage><UnitOfMeasurePrice>0.0055</UnitOfMeasurePrice><AllowDiscount>1</AllowDiscount><ItemStatus>1</ItemStatus><ItemPrice>21.90</ItemPrice></item><item><PriceUpdateDate>2016-02-08 09:02:20</PriceUpdateDate><ItemCode>7290000449289</ItemCode><ItemType>1</ItemType><ItemName>בירה נשר לבן 500 מ"ל</ItemName><ManufacturerName>נשר</ManufacturerName><ManufactureCountry>ישראל</ManufactureCountry><ManufacturerItemDescription>בירה נשר לבן 500 מ"ל</ManufacturerItemDescription><SoldByWeight/><Quantity>500.00</Quantity><UnitOfMeasure>מ"ל</UnitOfMeasure><QtyInPackage>לא ידוע</QtyInPackage><UnitOfMeasurePrice>0.0152</UnitOfMeasurePrice><AllowDiscount>1</AllowDiscount><ItemStatus>1</ItemStatus><ItemPrice>7.60</ItemPrice></item><item><PriceUpdateDate>2015-10-20 17:12:38</PriceUpdateDate><ItemCode>7290000449296</ItemCode><ItemType>1</ItemType><ItemName>בירה מאלט 500 מ''ל</ItemName><ManufacturerName>נשר מאלט</ManufacturerName><ManufactureCountry>ישראל</ManufactureCountry><ManufacturerItemDescription>בירה נשר מאלט 500 מל בקב.</ManufacturerItemDescription><SoldByWeight/><Quantity>500.00</Quantity><UnitOfMeasure>מ"ל</UnitOfMeasure><QtyInPackage>לא ידוע</QtyInPackage><UnitOfMeasurePrice>0.0114</UnitOfMeasurePrice><AllowDiscount>1</AllowDiscount><ItemStatus>1</ItemStatus><ItemPrice>5.70</ItemPrice></item><item><PriceUpdateDate>2016-05-30 22:02:14</PriceUpdateDate><ItemCode>7290000449302</ItemCode><ItemType>1</ItemType><ItemName>בירה גולדסטאר 500 מ"</ItemName><ManufacturerName>גולדסטאר</ManufacturerName><ManufactureCountry>ישראל</ManufactureCountry><ManufacturerItemDescription>בירה גולדסטאר.500 מל בק ח</ManufacturerItemDescription><SoldByWeight/><Quantity>500.00</Quantity><UnitOfMeasure>מ"ל</UnitOfMeasure><QtyInPackage>לא ידוע</QtyInPackage><UnitOfMeasurePrice>0.0138</UnitOfMeasurePrice><AllowDiscount>1</AllowDiscount><ItemStatus>1</ItemStatus><ItemPrice>6.90</ItemPrice></item><item><PriceUpdateDate>2016-03-01 06:48:38</PriceUpdateDate><ItemCode>7290000449326</ItemCode><ItemType>1</ItemType><ItemName>מאלטסטאר 1.5 ליטר רג</ItemName><ManufacturerName>מאלטסטאר</ManufacturerName><ManufactureCountry>ישראל</ManufactureCountry><ManufacturerItemDescription>מאלטסטאר 1.5 ליטר רג</ManufacturerItemDescription><SoldByWeight/><Quantity>1500.00</Quantity><UnitOfMeasure>מ"ל</UnitOfMeasure><QtyInPackage>לא ידוע</QtyInPackage><UnitOfMeasurePrice>0.0059</UnitOfMeasurePrice><AllowDiscount>1</AllowDiscount><ItemStatus>1</ItemStatus><ItemPrice>8.90</ItemPrice></item><item><PriceUpdateDate>2015-10-20 17:12:38</PriceUpdateDate><ItemCode>7290000449388</ItemCode><ItemType>1</ItemType><ItemName>בירה מאלט דיאט 500 מ</ItemName><ManufacturerName>נשר מאלט דיאט</ManufacturerName><ManufactureCountry>ישראל</ManufactureCountry><ManufacturerItemDescription>בירה נשר דיאט מאלט 500 מל</ManufacturerItemDescription><SoldByWeight/><Quantity>500.00</Quantity><UnitOfMeasure>מ"ל</UnitOfMeasure><QtyInPackage>לא ידוע</QtyInPackage><UnitOfMeasurePrice>0.0114</UnitOfMeasurePrice><AllowDiscount>1</AllowDiscount><ItemStatus>1</ItemStatus><ItemPrice>5.70</ItemPrice></item><item><PriceUpdateDate>2015-11-10 09:55:12</PriceUpdateDate><ItemCode>7290000449531</ItemCode><ItemType>1</ItemType><ItemName>לחמניה שמינייה כפרית</ItemName><ManufacturerName>פילסברי</ManufacturerName><ManufactureCountry>ישראל</ManufactureCountry><ManufacturerItemDescription>לחמניה שמינייה כפרית</ManufacturerItemDescription><SoldByWeight/><Quantity>1000.00</Quantity><UnitOfMeasure>ק"ג     </UnitOfMeasure><QtyInPackage>לא ידוע</QtyInPackage><UnitOfMeasurePrice>0.0046</UnitOfMeasurePrice><AllowDiscount>1</AllowDiscount><ItemStatus>1</ItemStatus><ItemPrice>4.60</ItemPrice></item><item><PriceUpdateDate>2015-10-11 08:12:34</PriceUpdateDate><ItemCode>7290000449548</ItemCode><ItemType>1</ItemType><ItemName>לחמניה כריך ילדים לב</ItemName><ManufacturerName>פילסברי</ManufacturerName><ManufactureCountry>ישראל</ManufactureCountry><ManufacturerItemDescription>לחמניה כריך ילדים לב</ManufacturerItemDescription><SoldByWeight/><Quantity>1000.00</Quantity><UnitOfMeasure>ק"ג     </UnitOfMeasure><QtyInPackage>לא ידוע</QtyInPackage><UnitOfMeasurePrice>0.0030</UnitOfMeasurePrice><AllowDiscount>1</AllowDiscount><ItemStatus>1</ItemStatus><ItemPrice>3.00</ItemPrice></item><item><PriceUpdateDate>2015-10-11 08:12:34</PriceUpdateDate><ItemCode>7290000449555</ItemCode><ItemType>1</ItemType><ItemName>לחמניה כריך ילדים כפ</ItemName><ManufacturerName>פילסברי</ManufacturerName><ManufactureCountry>ישראל</ManufactureCountry><ManufacturerItemDescription>לחמניה כריך ילדים כפ</ManufacturerItemDescription><SoldByWeight/><Quantity>1000.00</Quantity><UnitOfMeasure>קג</UnitOfMeasure><QtyInPackage>לא ידוע</QtyInPackage><UnitOfMeasurePrice>0.0030</UnitOfMeasurePrice><AllowDiscount>1</AllowDiscount><ItemStatus>1</ItemStatus><ItemPrice>3.00</ItemPrice></item><item><PriceUpdateDate>2015-10-20 09:04:43</PriceUpdateDate><ItemCode>7290000449708</ItemCode><ItemType>1</ItemType><ItemName>בייגלה פרצל לאפיה 15</ItemName><ManufacturerName>פילסברי</ManufacturerName><ManufactureCountry>ישראל</ManufactureCountry><ManufacturerItemDescription>בייגלה פרצל לאפיה 15</ManufacturerItemDescription><SoldByWeight/><Quantity>1000.00</Quantity><UnitOfMeasure>ק"ג     </UnitOfMeasure><QtyInPackage>לא ידוע</QtyInPackage><UnitOfMeasurePrice>0.0046</UnitOfMeasurePrice><AllowDiscount>1</AllowDiscount><ItemStatus>1</ItemStatus><ItemPrice>4.60</ItemPrice></item><item><PriceUpdateDate>2015-11-10 09:55:12</PriceUpdateDate><ItemCode>7290000449715</ItemCode><ItemType>1</ItemType><ItemName>עוגת שמרים גבינה</ItemName><ManufacturerName>פילסברי</ManufacturerName><ManufactureCountry>ישראל</ManufactureCountry><ManufacturerItemDescription>עוגת שמרים גבינה</ManufacturerItemDescription><SoldByWeight/><Quantity>1000.00</Quantity><UnitOfMeasure>ק"ג     </UnitOfMeasure><QtyInPackage>לא ידוע</QtyInPackage><UnitOfMeasurePrice>0.0212</UnitOfMeasurePrice><AllowDiscount>1</AllowDiscount><ItemStatus>1</ItemStatus><ItemPrice>21.20</ItemPrice></item><item><PriceUpdateDate>2016-04-12 10:01:22</PriceUpdateDate><ItemCode>7290000449760</ItemCode><ItemType>1</ItemType><ItemName>פיתות 5 יחידות אפיה</ItemName><ManufacturerName>פילסברי</ManufacturerName><ManufactureCountry>ישראל</ManufactureCountry><ManufacturerItemDescription>פיתות אסלי קפוא</ManufacturerItemDescription><SoldByWeight/><Quantity>1000.00</Quantity><UnitOfMeasure>קג</UnitOfMeasure><QtyInPackage>לא ידוע</QtyInPackage><UnitOfMeasurePrice>0.0069</UnitOfMeasurePrice><AllowDiscount>1</AllowDiscount><ItemStatus>1</ItemStatus><ItemPrice>6.90</ItemPrice></item><item><PriceUpdateDate>2016-03-09 10:15:05</PriceUpdateDate><ItemCode>7290000449852</ItemCode><ItemType>1</ItemType><ItemName>תערובת להכנת כדורי ש</ItemName><ManufacturerName>ליימן חטיבת המותגים</ManufacturerName><ManufactureCountry>ישראל</ManufactureCountry><ManufacturerItemDescription>תערובת לכדורי שוקולד 500</ManufacturerItemDescription><SoldByWeight/><Quantity>500.00</Quantity><UnitOfMeasure>גרם     </UnitOfMeasure><QtyInPackage>לא ידוע</QtyInPackage><UnitOfMeasurePrice>0.0398</UnitOfMeasurePrice><AllowDiscount>1</AllowDiscount><ItemStatus>1</ItemStatus><ItemPrice>19.90</ItemPrice></item><item><PriceUpdateDate>2015-10-11 08:12:34</PriceUpdateDate><ItemCode>7290000449869</ItemCode><ItemType>1</ItemType><ItemName>חצי באגט 180 גרם</ItemName><ManufacturerName>פילסברי</ManufacturerName><ManufactureCountry>ישראל</ManufactureCountry><ManufacturerItemDescription>חצי באגט 180 גרם</ManufacturerItemDescription><SoldByWeight/><Quantity>1000.00</Quantity><UnitOfMeasure>ק"ג     </UnitOfMeasure><QtyInPackage>לא ידוע</QtyInPackage><UnitOfMeasurePrice>0.0041</UnitOfMeasurePrice><AllowDiscount>1</AllowDiscount><ItemStatus>1</ItemStatus><ItemPrice>4.10</ItemPrice></item><item><PriceUpdateDate>2015-11-10 09:55:12</PriceUpdateDate><ItemCode>7290000449876</ItemCode><ItemType>1</ItemType><ItemName>שליש בגט</ItemName><ManufacturerName>פילסברי</ManufacturerName><ManufactureCountry>ישראל</ManufactureCountry><ManufacturerItemDescription>שליש בגט</ManufacturerItemDescription><SoldByWeight/><Quantity>1000.00</Quantity><UnitOfMeasure>ק"ג     </UnitOfMeasure><QtyInPackage>לא ידוע</QtyInPackage><UnitOfMeasurePrice>0.0033</UnitOfMeasurePrice><AllowDiscount>1</AllowDiscount><ItemStatus>1</ItemStatus><ItemPrice>3.30</ItemPrice></item><item><PriceUpdateDate>2015-10-20 09:04:43</PriceUpdateDate><ItemCode>7290000449883</ItemCode><ItemType>1</ItemType><ItemName>שליש באגט כפרי</ItemName><ManufacturerName>פילסברי</ManufacturerName><ManufactureCountry>ישראל</ManufactureCountry><ManufacturerItemDescription>שליש באגט כפרי</ManufacturerItemDescription><SoldByWeight/><Quantity>1000.00</Quantity><UnitOfMeasure>ק"ג     </UnitOfMeasure><QtyInPackage>לא ידוע</QtyInPackage><UnitOfMeasurePrice>0.0033</UnitOfMeasurePrice><AllowDiscount>1</AllowDiscount><ItemStatus>1</ItemStatus><ItemPrice>3.30</ItemPrice></item><item><PriceUpdateDate>2016-03-09 10:15:05</PriceUpdateDate><ItemCode>7290000449951</ItemCode><ItemType>1</ItemType><ItemName>תערובת להכנת פנקייק</ItemName><ManufacturerName>ליימן חטיבת המותגים</ManufacturerName><ManufactureCountry>ישראל</ManufactureCountry><ManufacturerItemDescription>תערובת להכנת פנקייקס 500</ManufacturerItemDescription><SoldByWeight/><Quantity>500.00</Quantity><UnitOfMeasure>גרם     </UnitOfMeasure><QtyInPackage>לא ידוע</QtyInPackage><UnitOfMeasurePrice>0.0398</UnitOfMeasurePrice><AllowDiscount>1</AllowDiscount><ItemStatus>1</ItemStatus><ItemPrice>19.90</ItemPrice></item><item><PriceUpdateDate>2014-11-03 06:37:53</PriceUpdateDate><ItemCode>7290000450179</ItemCode><ItemType>1</ItemType><ItemName>לחם ארטיזנל אגוזים ו</ItemName><ManufacturerName>פילסברי</ManufacturerName><ManufactureCountry>ישראל</ManufactureCountry><ManufacturerItemDescription>לחם ארטיזנל אגוזים וצימוק</ManufacturerItemDescription><SoldByWeight/><Quantity>1000.00</Quantity><UnitOfMeasure>קג</UnitOfMeasure><QtyInPackage>לא ידוע</QtyInPackage><UnitOfMeasurePrice>0.0153</UnitOfMeasurePrice><AllowDiscount>1</AllowDiscount><ItemStatus>1</ItemStatus><ItemPrice>15.30</ItemPrice></item><item><PriceUpdateDate>2015-10-20 09:04:43</PriceUpdateDate><ItemCode>7290000450186</ItemCode><ItemType>1</ItemType><ItemName>חלה מתוקה קלועה חצי</ItemName><ManufacturerName>פילסברי</ManufacturerName><ManufactureCountry>ישראל</ManufactureCountry><ManufacturerItemDescription>חלה קלועה מתוקה אפויה 570</ManufacturerItemDescription><SoldByWeight/><Quantity>1000.00</Quantity><UnitOfMeasure>ק"ג     </UnitOfMeasure><QtyInPackage>לא ידוע</QtyInPackage><UnitOfMeasurePrice>0.0135</UnitOfMeasurePrice><AllowDiscount>1</AllowDiscount><ItemStatus>1</ItemStatus><ItemPrice>13.50</ItemPrice></item><item><PriceUpdateDate>2016-02-02 06:50:01</PriceUpdateDate><ItemCode>7290000450193</ItemCode><ItemType>1</ItemType><ItemName>נקטר חמוציות דיאט 1</ItemName><ManufacturerName>אושן ספרי</ManufacturerName><ManufactureCountry>ישראל</ManufactureCountry><ManufacturerItemDescription>נקטר חמוציות דיאט 1 ליטר</ManufacturerItemDescription><SoldByWeight/><Quantity>1000.00</Quantity><UnitOfMeasure>מ"ל</UnitOfMeasure><QtyInPackage>לא ידוע</QtyInPackage><UnitOfMeasurePrice>0.0132</UnitOfMeasurePrice><AllowDiscount>1</AllowDiscount><ItemStatus>1</ItemStatus><ItemPrice>13.20</ItemPrice></item><item><PriceUpdateDate>2015-11-12 18:17:54</PriceUpdateDate><ItemCode>7290000450209</ItemCode><ItemType>1</ItemType><ItemName>טונה פוסידון בשמן 10</ItemName><ManufacturerName>פוסידון</ManufacturerName><ManufactureCountry>ישראל</ManufactureCountry><ManufacturerItemDescription>טונה בהירה בשמן פוסידון 1</ManufacturerItemDescription><SoldByWeight/><Quantity>108.00</Quantity><UnitOfMeasure>גרם     </UnitOfMeasure><QtyInPackage>לא ידוע</QtyInPackage><UnitOfMeasurePrice>0.0648</UnitOfMeasurePrice><AllowDiscount>1</AllowDiscount><ItemStatus>1</ItemStatus><ItemPrice>7.00</ItemPrice></item><item><PriceUpdateDate>2014-11-03 06:37:24</PriceUpdateDate><ItemCode>7290000450308</ItemCode><ItemType>1</ItemType><ItemName>טונה פוסידון במים 10</ItemName><ManufacturerName>פוסידון</ManufacturerName><ManufactureCountry>ישראל</ManufactureCountry><ManufacturerItemDescription>טונה בהירהבמיםפוסידון 108</ManufacturerItemDescription><SoldByWeight/><Quantity>108.00</Quantity><UnitOfMeasure>גרם     </UnitOfMeasure><QtyInPackage>לא ידוע</QtyInPackage><UnitOfMeasurePrice>0.0694</UnitOfMeasurePrice><AllowDiscount>1</AllowDiscount><ItemStatus>1</ItemStatus><ItemPrice>7.50</ItemPrice></item><item><PriceUpdateDate>2015-11-12 14:41:20</PriceUpdateDate><ItemCode>7290000450384</ItemCode><ItemType>1</ItemType><ItemName>לרוויה 1.5% 1 ליטר</ItemName><ManufacturerName>לרוויה</ManufacturerName><ManufactureCountry>ישראל</ManufactureCountry><ManufacturerItemDescription>לרוויה 1.5% 1 ליטר</ManufacturerItemDescription><SoldByWeight/><Quantity>1000.00</Quantity><UnitOfMeasure>מ"ל</UnitOfMeasure><QtyInPackage>לא ידוע</QtyInPackage><UnitOfMeasurePrice>0.0115</UnitOfMeasurePrice><AllowDiscount>1</AllowDiscount><ItemStatus>1</ItemStatus><ItemPrice>11.50</ItemPrice></item><item><PriceUpdateDate>2016-02-11 09:34:57</PriceUpdateDate><ItemCode>7290000450407</ItemCode><ItemType>1</ItemType><ItemName>לבן 3% 150 מ"ל</ItemName><ManufacturerName>טרה</ManufacturerName><ManufactureCountry>ישראל</ManufactureCountry><ManufacturerItemDescription>לבן 3% 150 מ"ל</ManufacturerItemDescription><SoldByWeight/><Quantity>150.00</Quantity><UnitOfMeasure>מ"ל</UnitOfMeasure><QtyInPackage>לא ידוע</QtyInPackage><UnitOfMeasurePrice>0.0070</UnitOfMeasurePrice><AllowDiscount>1</AllowDiscount><ItemStatus>1</ItemStatus><ItemPrice>1.05</ItemPrice></item><item><PriceUpdateDate>2015-11-12 18:18:33</PriceUpdateDate><ItemCode>7290000450476</ItemCode><ItemType>1</ItemType><ItemName>חטיף ציפסי מארז 10 י</ItemName><ManufacturerName>ציפסי</ManufacturerName><ManufactureCountry>ישראל</ManufactureCountry><ManufacturerItemDescription>חטיף ציפסי מארז 10 י</ManufacturerItemDescription><SoldByWeight/><Quantity>200.00</Quantity><UnitOfMeasure>גרם     </UnitOfMeasure><QtyInPackage>לא ידוע</QtyInPackage><UnitOfMeasurePrice>0.0945</UnitOfMeasurePrice><AllowDiscount>1</AllowDiscount><ItemStatus>1</ItemStatus><ItemPrice>18.90</ItemPrice></item><item><PriceUpdateDate>2015-10-21 16:18:26</PriceUpdateDate><ItemCode>7290000450513</ItemCode><ItemType>1</ItemType><ItemName>קרוטונים מתובלים למר</ItemName><ManufacturerName>אסם</ManufacturerName><ManufactureCountry>ישראל</ManufactureCountry><ManufacturerItemDescription>קרוטונים מתובלים למר</ManufacturerItemDescription><SoldByWeight/><Quantity>400.00</Quantity><UnitOfMeasure>גרם     </UnitOfMeasure><QtyInPackage>לא ידוע</QtyInPackage><UnitOfMeasurePrice>0.0525</UnitOfMeasurePrice><AllowDiscount>1</AllowDiscount><ItemStatus>1</ItemStatus><ItemPrice>21.00</ItemPrice></item><item><PriceUpdateDate>2014-11-03 06:36:59</PriceUpdateDate><ItemCode>7290000450537</ItemCode><ItemType>1</ItemType><ItemName>תערובת להכנת פלאפל 1</ItemName><ManufacturerName>אסם</ManufacturerName><ManufactureCountry>ישראל</ManufactureCountry><ManufacturerItemDescription>תערובת להכנת פלאפל 1</ManufacturerItemDescription><SoldByWeight/><Quantity>180.00</Quantity><UnitOfMeasure>גרם     </UnitOfMeasure><QtyInPackage>לא ידוע</QtyInPackage><UnitOfMeasurePrice>0.0611</UnitOfMeasurePrice><AllowDiscount>1</AllowDiscount><ItemStatus>1</ItemStatus><ItemPrice>11.00</ItemPrice></item><item><PriceUpdateDate>2016-05-30 22:02:15</PriceUpdateDate><ItemCode>7290000450575</ItemCode><ItemType>1</ItemType><ItemName>עוגת הבית שוקולד 400</ItemName><ManufacturerName>עוגות הבית</ManufacturerName><ManufactureCountry>ישראל</ManufactureCountry><ManufacturerItemDescription>עוגת הבית שוקולד 400 גר</ManufacturerItemDescription><SoldByWeight/><Quantity>400.00</Quantity><UnitOfMeasure>גרם     </UnitOfMeasure><QtyInPackage>לא ידוע</QtyInPackage><UnitOfMeasurePrice>0.0273</UnitOfMeasurePrice><AllowDiscount>0</AllowDiscount><ItemStatus>1</ItemStatus><ItemPrice>10.90</ItemPrice></item><item><PriceUpdateDate>2016-05-30 22:02:15</PriceUpdateDate><ItemCode>7290000450582</ItemCode><ItemType>1</ItemType><ItemName>עוגת הבית שיש 400 גר</ItemName><ManufacturerName>אסם</ManufacturerName><ManufactureCountry>ישראל</ManufactureCountry><ManufacturerItemDescription>עוגת הבית שיש 400 גרם</ManufacturerItemDescription><SoldByWeight/><Quantity>400.00</Quantity><UnitOfMeasure>גרם     </UnitOfMeasure><QtyInPackage>לא ידוע</QtyInPackage><UnitOfMeasurePrice>0.0273</UnitOfMeasurePrice><AllowDiscount>0</AllowDiscount><ItemStatus>1</ItemStatus><ItemPrice>10.90</ItemPrice></item><item><PriceUpdateDate>2016-05-30 22:02:15</PriceUpdateDate><ItemCode>7290000450605</ItemCode><ItemType>1</ItemType><ItemName>עוגת הבית תפוז 400 ג</ItemName><ManufacturerName>עוגות הבית</ManufacturerName><ManufactureCountry>ישראל</ManufactureCountry><ManufacturerItemDescription>עוגת הבית תפוז 400 גר</ManufacturerItemDescription><SoldByWeight/><Quantity>400.00</Quantity><UnitOfMeasure>גרם     </UnitOfMeasure><QtyInPackage>לא ידוע</QtyInPackage><UnitOfMeasurePrice>0.0273</UnitOfMeasurePrice><AllowDiscount>0</AllowDiscount><ItemStatus>1</ItemStatus><ItemPrice>10.90</ItemPrice></item><item><PriceUpdateDate>2015-10-21 16:18:26</PriceUpdateDate><ItemCode>7290000450636</ItemCode><ItemType>1</ItemType><ItemName>חטיפי פריכונים בטעם</ItemName><ManufacturerName>פריכונים</ManufacturerName><ManufactureCountry>ישראל</ManufactureCountry><ManufacturerItemDescription>חטיפי פריכונים בטעם</ManufacturerItemDescription><SoldByWeight/><Quantity>14.00</Quantity><UnitOfMeasure>גרם     </UnitOfMeasure><QtyInPackage>לא ידוע</QtyInPackage><UnitOfMeasurePrice>0.6643</UnitOfMeasurePrice><AllowDiscount>1</AllowDiscount><ItemStatus>1</ItemStatus><ItemPrice>9.30</ItemPrice></item><item><PriceUpdateDate>2016-05-30 22:02:15</PriceUpdateDate><ItemCode>7290000450674</ItemCode><ItemType>1</ItemType><ItemName>דייסת מטרנה סולת 200</ItemName><ManufacturerName>מטרנה</ManufacturerName><ManufactureCountry>ישראל</ManufactureCountry><ManufacturerItemDescription>דייסת סולת מטרנה 200 גר</ManufacturerItemDescription><SoldByWeight/><Quantity>200.00</Quantity><UnitOfMeasure>גרם     </UnitOfMeasure><QtyInPackage>לא ידוע</QtyInPackage><UnitOfMeasurePrice>0.0725</UnitOfMeasurePrice><AllowDiscount>1</AllowDiscount><ItemStatus>1</ItemStatus><ItemPrice>14.50</ItemPrice></item><item><PriceUpdateDate>2016-03-29 13:00:17</PriceUpdateDate><ItemCode>7290000450797</ItemCode><ItemType>1</ItemType><ItemName>שמפו פינוק לשיער יבש</ItemName><ManufacturerName>פינוק</ManufacturerName><ManufactureCountry>ישראל</ManufactureCountry><ManufacturerItemDescription>שמפו פינוק לשיער יבש</ManufacturerItemDescription><SoldByWeight/><Quantity>700.00</Quantity><UnitOfMeasure>מ"ל</UnitOfMeasure><QtyInPackage>לא ידוע</QtyInPackage><UnitOfMeasurePrice>0.0184</UnitOfMeasurePrice><AllowDiscount>1</AllowDiscount><ItemStatus>1</ItemStatus><ItemPrice>12.90</ItemPrice></item><item><PriceUpdateDate>2016-03-29 13:00:17</PriceUpdateDate><ItemCode>7290000450834</ItemCode><ItemType>1</ItemType><ItemName>מרכך פינוק לשיער רגי</ItemName><ManufacturerName>פינוק</ManufacturerName><ManufactureCountry>ישראל</ManufactureCountry><ManufacturerItemDescription>מרכך פינוק לשיער רגי</ManufacturerItemDescription><SoldByWeight/><Quantity>700.00</Quantity><UnitOfMeasure>מ"ל</UnitOfMeasure><QtyInPackage>לא ידוע</QtyInPackage><UnitOfMeasurePrice>0.0184</UnitOfMeasurePrice><AllowDiscount>1</AllowDiscount><ItemStatus>1</ItemStatus><ItemPrice>12.90</ItemPrice></item><item><PriceUpdateDate>2016-03-29 13:00:17</PriceUpdateDate><ItemCode>7290000450865</ItemCode><ItemType>1</ItemType><ItemName>שמפו פינוק לשיער רגי</ItemName><ManufacturerName>פינוק</ManufacturerName><ManufactureCountry>ישראל</ManufactureCountry><ManufacturerItemDescription>שמפו פינוק לשיער רגי</ManufacturerItemDescription><SoldByWeight/><Quantity>700.00</Quantity><UnitOfMeasure>מ"ל</UnitOfMeasure><QtyInPackage>לא ידוע</QtyInPackage><UnitOfMeasurePrice>0.0184</UnitOfMeasurePrice><AllowDiscount>1</AllowDiscount><ItemStatus>1</ItemStatus><ItemPrice>12.90</ItemPrice></item><item><PriceUpdateDate>2016-05-01 21:46:07</PriceUpdateDate><ItemCode>7290000450896</ItemCode><ItemType>1</ItemType><ItemName>פנטסטיק סיף שמפו לרצ</ItemName><ManufacturerName>סיף</ManufacturerName><ManufactureCountry>ישראל</ManufactureCountry><ManufacturerItemDescription>פנטסטיק סיף שמפו לרצ</ManufacturerItemDescription><SoldByWeight/><Quantity>4000.00</Quantity><UnitOfMeasure>מ"ל</UnitOfMeasure><QtyInPackage>לא ידוע</QtyInPackage><UnitOfMeasurePrice>0.0060</UnitOfMeasurePrice><AllowDiscount>1</AllowDiscount><ItemStatus>1</ItemStatus><ItemPrice>24.10</ItemPrice></item><item><PriceUpdateDate>2016-02-02 06:50:01</PriceUpdateDate><ItemCode>7290000451039</ItemCode><ItemType>1</ItemType><ItemName>שניצלונים עוף טוב 70</ItemName><ManufacturerName>עוף טוב</ManufacturerName><ManufactureCountry>ישראל</ManufactureCountry><ManufacturerItemDescription>שניצלונים 700 גרם</ManufacturerItemDescription><SoldByWeight/><Quantity>700.00</Quantity><UnitOfMeasure>גרם     </UnitOfMeasure><QtyInPackage>לא ידוע</QtyInPackage><UnitOfMeasurePrice>0.0256</UnitOfMeasurePrice><AllowDiscount>1</AllowDiscount><ItemStatus>1</ItemStatus><ItemPrice>17.90</ItemPrice></item><item><PriceUpdateDate>2016-02-02 06:50:02</PriceUpdateDate><ItemCode>7290000451046</ItemCode><ItemType>1</ItemType><ItemName>טבעות עוף ציפוי מעוד</ItemName><ManufacturerName>עוף טוב</ManufacturerName><ManufactureCountry>ישראל</ManufactureCountry><ManufacturerItemDescription>טבעות עוף בציפוי מעודן 70</ManufacturerItemDescription><SoldByWeight/><Quantity>700.00</Quantity><UnitOfMeasure>גרם     </UnitOfMeasure><QtyInPackage>לא ידוע</QtyInPackage><UnitOfMeasurePrice>0.0511</UnitOfMeasurePrice><AllowDiscount>1</AllowDiscount><ItemStatus>1</ItemStatus><ItemPrice>35.80</ItemPrice></item><item><PriceUpdateDate>2016-05-30 22:02:15</PriceUpdateDate><ItemCode>7290000451329</ItemCode><ItemType>1</ItemType><ItemName>מרכך כביסה בדין ספרי</ItemName><ManufacturerName>בדין</ManufacturerName><ManufactureCountry>ישראל</ManufactureCountry><ManufacturerItemDescription>מרכך כביסה בדין ספרי</ManufacturerItemDescription><SoldByWeight/><Quantity>4000.00</Quantity><UnitOfMeasure>מ"ל</UnitOfMeasure><QtyInPackage>לא ידוע</QtyInPackage><UnitOfMeasurePrice>0.0050</UnitOfMeasurePrice><AllowDiscount>1</AllowDiscount><ItemStatus>1</ItemStatus><ItemPrice>19.90</ItemPrice></item><item><PriceUpdateDate>2016-05-30 22:02:15</PriceUpdateDate><ItemCode>7290000451350</ItemCode><ItemType>1</ItemType><ItemName>דפים למייבש בדין ורו</ItemName><ManufacturerName>בדין</ManufacturerName><ManufactureCountry>ישראל</ManufactureCountry><ManufacturerItemDescription>דפים למייבש בדין ורו</ManufacturerItemDescription><SoldByWeight/><Quantity>1.00</Quantity><UnitOfMeasure>יח'</UnitOfMeasure><QtyInPackage>לא ידוע</QtyInPackage><UnitOfMeasurePrice>18.9000</UnitOfMeasurePrice><AllowDiscount>1</AllowDiscount><ItemStatus>1</ItemStatus><ItemPrice>18.90</ItemPrice></item><item><PriceUpdateDate>2016-03-01 06:42:24</PriceUpdateDate><ItemCode>7290000451374</ItemCode><ItemType>1</ItemType><ItemName>קרם ידיים דאב 100 מ"</ItemName><ManufacturerName>דאב</ManufacturerName><ManufactureCountry>ישראל</ManufactureCountry><ManufacturerItemDescription>קרם ידיים דאב 100 מ"</ManufacturerItemDescription><SoldByWeight/><Quantity>100.00</Quantity><UnitOfMeasure>מ"ל</UnitOfMeasure><QtyInPackage>לא ידוע</QtyInPackage><UnitOfMeasurePrice>0.1350</UnitOfMeasurePrice><AllowDiscount>1</AllowDiscount><ItemStatus>1</ItemStatus><ItemPrice>13.50</ItemPrice></item><item><PriceUpdateDate>2015-11-12 18:17:53</PriceUpdateDate><ItemCode>7290000451398</ItemCode><ItemType>1</ItemType><ItemName>ג'לטין טהור ויליגר 2</ItemName><ManufacturerName>ויליגר</ManufacturerName><ManufactureCountry>ישראל</ManufactureCountry><ManufacturerItemDescription>גלטין טהור 28 גר</ManufacturerItemDescription><SoldByWeight/><Quantity>14.00</Quantity><UnitOfMeasure>גרם     </UnitOfMeasure><QtyInPackage>לא ידוע</QtyInPackage><UnitOfMeasurePrice>0.7286</UnitOfMeasurePrice><AllowDiscount>1</AllowDiscount><ItemStatus>1</ItemStatus><ItemPrice>10.20</ItemPrice></item><item><PriceUpdateDate>2016-05-29 11:19:47</PriceUpdateDate><ItemCode>7290000451572</ItemCode><ItemType>1</ItemType><ItemName>סלמון מעושן מצונן 10</ItemName><ManufacturerName>דלידג</ManufacturerName><ManufactureCountry>ישראל</ManufactureCountry><ManufacturerItemDescription>סלמון מעושן מצונן 100 גרם</ManufacturerItemDescription><SoldByWeight/><Quantity>100.00</Quantity><UnitOfMeasure>גרם     </UnitOfMeasure><QtyInPackage>לא ידוע</QtyInPackage><UnitOfMeasurePrice>0.1990</UnitOfMeasurePrice><AllowDiscount>1</AllowDiscount><ItemStatus>1</ItemStatus><ItemPrice>19.90</ItemPrice></item><item><PriceUpdateDate>2016-05-30 22:02:15</PriceUpdateDate><ItemCode>7290000451732</ItemCode><ItemType>1</ItemType><ItemName>מב בצק פילו 500 גרם</ItemName><ManufacturerName>שלושת האופים</ManufacturerName><ManufactureCountry>ישראל</ManufactureCountry><ManufacturerItemDescription>בצק פילו 500גר ש.האופים</ManufacturerItemDescription><SoldByWeight/><Quantity>500.00</Quantity><UnitOfMeasure>גרם     </UnitOfMeasure><QtyInPackage>לא ידוע</QtyInPackage><UnitOfMeasurePrice>0.0318</UnitOfMeasurePrice><AllowDiscount>1</AllowDiscount><ItemStatus>1</ItemStatus><ItemPrice>15.90</ItemPrice></item><item><PriceUpdateDate>2016-05-30 22:02:16</PriceUpdateDate><ItemCode>7290000451749</ItemCode><ItemType>1</ItemType><ItemName>מב ג'חנון אפוי 650 ג</ItemName><ManufacturerName>שלושת האופים</ManufacturerName><ManufactureCountry>ישראל</ManufactureCountry><ManufacturerItemDescription>מב ג'חנון אפוי 650 ג</ManufacturerItemDescription><SoldByWeight/><Quantity>650.00</Quantity><UnitOfMeasure>גרם     </UnitOfMeasure><QtyInPackage>לא ידוע</QtyInPackage><UnitOfMeasurePrice>0.0245</UnitOfMeasurePrice><AllowDiscount>1</AllowDiscount><ItemStatus>1</ItemStatus><ItemPrice>15.90</ItemPrice></item><item><PriceUpdateDate>2016-03-01 06:48:39</PriceUpdateDate><ItemCode>7290000451862</ItemCode><ItemType>1</ItemType><ItemName>מב המבורגר 100% 400</ItemName><ManufacturerName>טיבון ויל</ManufacturerName><ManufactureCountry>ישראל</ManufactureCountry><ManufacturerItemDescription>המבורגר 400 100% גרם</ManufacturerItemDescription><SoldByWeight/><Quantity>400.00</Quantity><UnitOfMeasure>גרם     </UnitOfMeasure><QtyInPackage>לא ידוע</QtyInPackage><UnitOfMeasurePrice>0.0472</UnitOfMeasurePrice><AllowDiscount>1</AllowDiscount><ItemStatus>1</ItemStatus><ItemPrice>18.90</ItemPrice></item><item><PriceUpdateDate>2016-05-30 22:02:16</PriceUpdateDate><ItemCode>7290000451893</ItemCode><ItemType>1</ItemType><ItemName>מקרל בשמן 240 גרם</ItemName><ManufacturerName>דלידג</ManufacturerName><ManufactureCountry>ישראל</ManufactureCountry><ManufacturerItemDescription>מקרל בשמן 240 גרם</ManufacturerItemDescription><SoldByWeight/><Quantity>240.00</Quantity><UnitOfMeasure>גרם     </UnitOfMeasure><QtyInPackage>לא ידוע</QtyInPackage><UnitOfMeasurePrice>0.1042</UnitOfMeasurePrice><AllowDiscount>1</AllowDiscount><ItemStatus>1</ItemStatus><ItemPrice>25.00</ItemPrice></item><item><PriceUpdateDate>2016-05-30 22:02:16</PriceUpdateDate><ItemCode>7290000452012</ItemCode><ItemType>1</ItemType><ItemName>איקרה ביתית לבנה 300</ItemName><ManufacturerName>דלידג</ManufacturerName><ManufactureCountry>ישראל</ManufactureCountry><ManufacturerItemDescription>סלט איקרה לבנה 300 גר</ManufacturerItemDescription><SoldByWeight/><Quantity>300.00</Quantity><UnitOfMeasure>גרם     </UnitOfMeasure><QtyInPackage>לא ידוע</QtyInPackage><UnitOfMeasurePrice>0.0663</UnitOfMeasurePrice><AllowDiscount>1</AllowDiscount><ItemStatus>1</ItemStatus><ItemPrice>19.90</ItemPrice></item><item><PriceUpdateDate>2016-05-30 22:02:16</PriceUpdateDate><ItemCode>7290000452029</ItemCode><ItemType>1</ItemType><ItemName>איקרה ביתית ורודה 30</ItemName><ManufacturerName>דלידג</ManufacturerName><ManufactureCountry>ישראל</ManufactureCountry><ManufacturerItemDescription>סלט איקרה ורודה 300 גרם</ManufacturerItemDescription><SoldByWeight/><Quantity>300.00</Quantity><UnitOfMeasure>גרם     </UnitOfMeasure><QtyInPackage>לא ידוע</QtyInPackage><UnitOfMeasurePrice>0.0663</UnitOfMeasurePrice><AllowDiscount>1</AllowDiscount><ItemStatus>1</ItemStatus><ItemPrice>19.90</ItemPrice></item><item><PriceUpdateDate>2015-11-12 18:17:43</PriceUpdateDate><ItemCode>7290000452098</ItemCode><ItemType>1</ItemType><ItemName>אצבעות דג דלידג 700</ItemName><ManufacturerName>דלידג</ManufacturerName><ManufactureCountry>ישראל</ManufactureCountry><ManufacturerItemDescription>אצבעות דג 700 גרם</ManufacturerItemDescription><SoldByWeight/><Quantity>700.00</Quantity><UnitOfMeasure>גרם     </UnitOfMeasure><QtyInPackage>לא ידוע</QtyInPackage><UnitOfMeasurePrice>0.0339</UnitOfMeasurePrice><AllowDiscount>1</AllowDiscount><ItemStatus>1</ItemStatus><ItemPrice>23.70</ItemPrice></item><item><PriceUpdateDate>2014-11-03 06:37:24</PriceUpdateDate><ItemCode>7290000452111</ItemCode><ItemType>1</ItemType><ItemName>ג'לטין בקר 28גרם</ItemName><ManufacturerName>ויליגר</ManufacturerName><ManufactureCountry>איטליה</ManufactureCountry><ManufacturerItemDescription>טבליות סטיביה   1 יחידות</ManufacturerItemDescription><SoldByWeight/><Quantity>14.00</Quantity><UnitOfMeasure>גרם     </UnitOfMeasure><QtyInPackage>לא ידוע</QtyInPackage><UnitOfMeasurePrice>0.6071</UnitOfMeasurePrice><AllowDiscount>1</AllowDiscount><ItemStatus>1</ItemStatus><ItemPrice>8.50</ItemPrice></item><item><PriceUpdateDate>2016-05-01 21:46:07</PriceUpdateDate><ItemCode>7290000452142</ItemCode><ItemType>1</ItemType><ItemName>מב אצבעות שניצל בציפ</ItemName><ManufacturerName>מאמא עוף קפוא</ManufacturerName><ManufactureCountry>ישראל</ManufactureCountry><ManufacturerItemDescription>אצבעות שניצל ציפוי שומשום</ManufacturerItemDescription><SoldByWeight/><Quantity>700.00</Quantity><UnitOfMeasure>גרם     </UnitOfMeasure><QtyInPackage>לא ידוע</QtyInPackage><UnitOfMeasurePrice>0.0427</UnitOfMeasurePrice><AllowDiscount>1</AllowDiscount><ItemStatus>1</ItemStatus><ItemPrice>29.90</ItemPrice></item><item><PriceUpdateDate>2016-05-02 08:05:33</PriceUpdateDate><ItemCode>7290000452166</ItemCode><ItemType>1</ItemType><ItemName>מב שניצל ג'ונגל 700</ItemName><ManufacturerName>מאמא עוף קפוא</ManufacturerName><ManufactureCountry>ישראל</ManufactureCountry><ManufacturerItemDescription>שניצל גונגל מאמא עוף 700</ManufacturerItemDescription><SoldByWeight/><Quantity>700.00</Quantity><UnitOfMeasure>גרם     </UnitOfMeasure><QtyInPackage>לא ידוע</QtyInPackage><UnitOfMeasurePrice>0.0427</UnitOfMeasurePrice><AllowDiscount>1</AllowDiscount><ItemStatus>1</ItemStatus><ItemPrice>29.90</ItemPrice></item><item><PriceUpdateDate>2016-05-30 22:02:16</PriceUpdateDate><ItemCode>7290000452197</ItemCode><ItemType>1</ItemType><ItemName>שניצל דק דק פריך 700</ItemName><ManufacturerName>מאמא עוף קפוא</ManufacturerName><ManufactureCountry>ישראל</ManufactureCountry><ManufacturerItemDescription>שניצל דק דק פריך 700 גרם</ManufacturerItemDescription><SoldByWeight/><Quantity>700.00</Quantity><UnitOfMeasure>גרם     </UnitOfMeasure><QtyInPackage>לא ידוע</QtyInPackage><UnitOfMeasurePrice>0.0527</UnitOfMeasurePrice><AllowDiscount>1</AllowDiscount><ItemStatus>1</ItemStatus><ItemPrice>36.90</ItemPrice></item><item><PriceUpdateDate>2016-05-30 22:02:16</PriceUpdateDate><ItemCode>7290000452203</ItemCode><ItemType>1</ItemType><ItemName>שניצל דק מתובל 700 ג</ItemName><ManufacturerName>מאמא עוף קפוא</ManufacturerName><ManufactureCountry>ישראל</ManufactureCountry><ManufacturerItemDescription>שניצל דק דק מתובל 700 גרם</ManufacturerItemDescription><SoldByWeight/><Quantity>700.00</Quantity><UnitOfMeasure>יח'</UnitOfMeasure><QtyInPackage>לא ידוע</QtyInPackage><UnitOfMeasurePrice>0.0527</UnitOfMeasurePrice><AllowDiscount>1</AllowDiscount><ItemStatus>1</ItemStatus><ItemPrice>36.90</ItemPrice></item><item><PriceUpdateDate>2015-10-20 16:40:02</PriceUpdateDate><ItemCode>7290000452289</ItemCode><ItemType>1</ItemType><ItemName>שוארמה פרגיות 400גרם</ItemName><ManufacturerName>מאמא עוף טרי</ManufacturerName><ManufactureCountry>ישראל</ManufactureCountry><ManufacturerItemDescription>שוארמה פרגיות 400  גרם</ManufacturerItemDescription><SoldByWeight/><Quantity>400.00</Quantity><UnitOfMeasure>גרם     </UnitOfMeasure><QtyInPackage>לא ידוע</QtyInPackage><UnitOfMeasurePrice>0.0982</UnitOfMeasurePrice><AllowDiscount>1</AllowDiscount><ItemStatus>1</ItemStatus><ItemPrice>39.30</ItemPrice></item><item><PriceUpdateDate>2015-10-20 16:40:02</PriceUpdateDate><ItemCode>7290000452296</ItemCode><ItemType>1</ItemType><ItemName>חזה עוף בתיבול גריל</ItemName><ManufacturerName>מאמא עוף טרי</ManufacturerName><ManufactureCountry>ישראל</ManufactureCountry><ManufacturerItemDescription>גריל חזה עוף 420 גרם</ManufacturerItemDescription><SoldByWeight/><Quantity>400.00</Quantity><UnitOfMeasure>גרם     </UnitOfMeasure><QtyInPackage>לא ידוע</QtyInPackage><UnitOfMeasurePrice>0.0982</UnitOfMeasurePrice><AllowDiscount>1</AllowDiscount><ItemStatus>1</ItemStatus><ItemPrice>39.30</ItemPrice></item><item><PriceUpdateDate>2015-10-20 16:40:03</PriceUpdateDate><ItemCode>7290000452302</ItemCode><ItemType>1</ItemType><ItemName>שישליק עוף אמיתי מאמ</ItemName><ManufacturerName>מאמא עוף טרי</ManufacturerName><ManufactureCountry>ישראל</ManufactureCountry><ManufacturerItemDescription>שישליק עוף אמיתי מוכן 400</ManufacturerItemDescription><SoldByWeight/><Quantity>400.00</Quantity><UnitOfMeasure>גרם     </UnitOfMeasure><QtyInPackage>לא ידוע</QtyInPackage><UnitOfMeasurePrice>0.0982</UnitOfMeasurePrice><AllowDiscount>1</AllowDiscount><ItemStatus>1</ItemStatus><ItemPrice>39.30</ItemPrice></item><item><PriceUpdateDate>2016-06-13 13:03:30</PriceUpdateDate><ItemCode>7290000452333</ItemCode><ItemType>1</ItemType><ItemName>שניצל עוף אמיתי מאמא</ItemName><ManufacturerName>מאמא עוף קפוא</ManufacturerName><ManufactureCountry>ישראל</ManufactureCountry><ManufacturerItemDescription>שניצל עוף אמיתי 700 גרם</ManufacturerItemDescription><SoldByWeight/><Quantity>700.00</Quantity><UnitOfMeasure>גרם     </UnitOfMeasure><QtyInPackage>לא ידוע</QtyInPackage><UnitOfMeasurePrice>0.0641</UnitOfMeasurePrice><AllowDiscount>1</AllowDiscount><ItemStatus>1</ItemStatus><ItemPrice>44.90</ItemPrice></item><item><PriceUpdateDate>2016-05-30 22:02:16</PriceUpdateDate><ItemCode>7290000452340</ItemCode><ItemType>1</ItemType><ItemName>שניצל עוף אמיתי מעוד</ItemName><ManufacturerName>מאמא עוף קפוא</ManufacturerName><ManufactureCountry>ישראל</ManufactureCountry><ManufacturerItemDescription>שניצל עוף בציפוי מעודן 70</ManufacturerItemDescription><SoldByWeight/><Quantity>700.00</Quantity><UnitOfMeasure>גרם     </UnitOfMeasure><QtyInPackage>לא ידוע</QtyInPackage><UnitOfMeasurePrice>0.0641</UnitOfMeasurePrice><AllowDiscount>1</AllowDiscount><ItemStatus>1</ItemStatus><ItemPrice>44.90</ItemPrice></item><item><PriceUpdateDate>2016-05-30 22:02:16</PriceUpdateDate><ItemCode>7290000452357</ItemCode><ItemType>1</ItemType><ItemName>שניצל צ'יפס אמיתי מא</ItemName><ManufacturerName>מאמא עוף קפוא</ManufacturerName><ManufactureCountry>ישראל</ManufactureCountry><ManufacturerItemDescription>שניצל ציפס אמיתי 700 גרם</ManufacturerItemDescription><SoldByWeight/><Quantity>700.00</Quantity><UnitOfMeasure>גרם     </UnitOfMeasure><QtyInPackage>לא ידוע</QtyInPackage><UnitOfMeasurePrice>0.0641</UnitOfMeasurePrice><AllowDiscount>1</AllowDiscount><ItemStatus>1</ItemStatus><ItemPrice>44.90</ItemPrice></item><item><PriceUpdateDate>2016-05-30 22:02:17</PriceUpdateDate><ItemCode>7290000452371</ItemCode><ItemType>1</ItemType><ItemName>שניצל אמיתי ביתי מאמ</ItemName><ManufacturerName>מאמא עוף קפוא</ManufacturerName><ManufactureCountry>ישראל</ManufactureCountry><ManufacturerItemDescription>שניצל אמיתי ביתי 700 גרם</ManufacturerItemDescription><SoldByWeight/><Quantity>700.00</Quantity><UnitOfMeasure>גרם     </UnitOfMeasure><QtyInPackage>לא ידוע</QtyInPackage><UnitOfMeasurePrice>0.0641</UnitOfMeasurePrice><AllowDiscount>1</AllowDiscount><ItemStatus>1</ItemStatus><ItemPrice>44.90</ItemPrice></item><item><PriceUpdateDate>2016-05-01 21:46:07</PriceUpdateDate><ItemCode>7290000452388</ItemCode><ItemType>1</ItemType><ItemName>מב כוכבי עוף 700 גרם</ItemName><ManufacturerName>מאמא עוף קפוא</ManufacturerName><ManufactureCountry>ישראל</ManufactureCountry><ManufacturerItemDescription>מב כוכבי עוף 700 גרם</ManufacturerItemDescription><SoldByWeight/><Quantity>700.00</Quantity><UnitOfMeasure>גרם     </UnitOfMeasure><QtyInPackage>לא ידוע</QtyInPackage><UnitOfMeasurePrice>0.0427</UnitOfMeasurePrice><AllowDiscount>1</AllowDiscount><ItemStatus>1</ItemStatus><ItemPrice>29.90</ItemPrice></item><item><PriceUpdateDate>2015-11-12 14:44:43</PriceUpdateDate><ItemCode>7290000452425</ItemCode><ItemType>1</ItemType><ItemName>פילה עוף בתיבול על ה</ItemName><ManufacturerName>מאמא עוף קפוא</ManufacturerName><ManufactureCountry>ישראל</ManufactureCountry><ManufacturerItemDescription>פילה עוף בתיבול על האש 60</ManufacturerItemDescription><SoldByWeight/><Quantity>600.00</Quantity><UnitOfMeasure>גרם     </UnitOfMeasure><QtyInPackage>לא ידוע</QtyInPackage><UnitOfMeasurePrice>0.0835</UnitOfMeasurePrice><AllowDiscount>1</AllowDiscount><ItemStatus>1</ItemStatus><ItemPrice>50.10</ItemPrice></item><item><PriceUpdateDate>2016-05-01 21:46:07</PriceUpdateDate><ItemCode>7290000452432</ItemCode><ItemType>1</ItemType><ItemName>מב טבעות עוף 700 גרם</ItemName><ManufacturerName>מאמא עוף קפוא</ManufacturerName><ManufactureCountry>ישראל</ManufactureCountry><ManufacturerItemDescription>מב טבעות עוף 700 גרם</ManufacturerItemDescription><SoldByWeight/><Quantity>700.00</Quantity><UnitOfMeasure>גרם     </UnitOfMeasure><QtyInPackage>לא ידוע</QtyInPackage><UnitOfMeasurePrice>0.0427</UnitOfMeasurePrice><AllowDiscount>1</AllowDiscount><ItemStatus>1</ItemStatus><ItemPrice>29.90</ItemPrice></item><item><PriceUpdateDate>2016-05-30 22:02:17</PriceUpdateDate><ItemCode>7290000452449</ItemCode><ItemType>1</ItemType><ItemName>מב קציצות עוף והודו</ItemName><ManufacturerName>מאמא עוף קפוא</ManufacturerName><ManufactureCountry>ישראל</ManufactureCountry><ManufacturerItemDescription>קציצות עוף והודו אמיתיות7</ManufacturerItemDescription><SoldByWeight/><Quantity>700.00</Quantity><UnitOfMeasure>גרם     </UnitOfMeasure><QtyInPackage>לא ידוע</QtyInPackage><UnitOfMeasurePrice>0.0356</UnitOfMeasurePrice><AllowDiscount>1</AllowDiscount><ItemStatus>1</ItemStatus><ItemPrice>24.90</ItemPrice></item><item><PriceUpdateDate>2016-05-30 22:02:17</PriceUpdateDate><ItemCode>7290000452654</ItemCode><ItemType>1</ItemType><ItemName>חרדל מיילי דיז'ון מק</ItemName><ManufacturerName>Maille</ManufacturerName><ManufactureCountry>ישראל</ManufactureCountry><ManufacturerItemDescription>חרדל מיילי דיז'ון מק</ManufacturerItemDescription><SoldByWeight/><Quantity>380.00</Quantity><UnitOfMeasure>גרם     </UnitOfMeasure><QtyInPackage>לא ידוע</QtyInPackage><UnitOfMeasurePrice>0.0424</UnitOfMeasurePrice><AllowDiscount>1</AllowDiscount><ItemStatus>1</ItemStatus><ItemPrice>16.10</ItemPrice></item><item><PriceUpdateDate>2016-03-01 06:48:39</PriceUpdateDate><ItemCode>7290000452692</ItemCode><ItemType>1</ItemType><ItemName>מב סבן אפ דיאט שישיי</ItemName><ManufacturerName>7 אפ דיאט</ManufacturerName><ManufactureCountry>ישראל</ManufactureCountry><ManufacturerItemDescription>מארז 7UP דיאט 1.5 ליטר שי</ManufacturerItemDescription><SoldByWeight/><Quantity>9000.00</Quantity><UnitOfMeasure>מ"ל</UnitOfMeasure><QtyInPackage>לא ידוע</QtyInPackage><UnitOfMeasurePrice>0.0033</UnitOfMeasurePrice><AllowDiscount>1</AllowDiscount><ItemStatus>1</ItemStatus><ItemPrice>29.80</ItemPrice></item><item><PriceUpdateDate>2016-02-02 06:50:02</PriceUpdateDate><ItemCode>7290000452791</ItemCode><ItemType>1</ItemType><ItemName>בירה גולדסטאר 500 מ"</ItemName><ManufacturerName>גולדסטאר</ManufacturerName><ManufactureCountry>ישראל</ManufactureCountry><ManufacturerItemDescription>בירה גולדסטאר פחית500 מל</ManufacturerItemDescription><SoldByWeight/><Quantity>500.00</Quantity><UnitOfMeasure>מ"ל</UnitOfMeasure><QtyInPackage>לא ידוע</QtyInPackage><UnitOfMeasurePrice>0.0198</UnitOfMeasurePrice><AllowDiscount>1</AllowDiscount><ItemStatus>1</ItemStatus><ItemPrice>9.90</ItemPrice></item><item><PriceUpdateDate>2016-05-30 22:02:17</PriceUpdateDate><ItemCode>7290000452869</ItemCode><ItemType>1</ItemType><ItemName>בירה גולדסטאר שישיות</ItemName><ManufacturerName>גולדסטאר</ManufacturerName><ManufactureCountry>ישראל</ManufactureCountry><ManufacturerItemDescription>בירה גולדסטאר בקבוק330- 1</ManufacturerItemDescription><SoldByWeight/><Quantity>1980.00</Quantity><UnitOfMeasure>מ"ל</UnitOfMeasure><QtyInPackage>לא ידוע</QtyInPackage><UnitOfMeasurePrice>0.0186</UnitOfMeasurePrice><AllowDiscount>1</AllowDiscount><ItemStatus>1</ItemStatus><ItemPrice>36.90</ItemPrice></item><item><PriceUpdateDate>2016-05-30 22:02:17</PriceUpdateDate><ItemCode>7290000452906</ItemCode><ItemType>1</ItemType><ItemName>בירה היינקן שישיות ב</ItemName><ManufacturerName>הייניקן</ManufacturerName><ManufactureCountry>ישראל</ManufactureCountry><ManufacturerItemDescription>בירה הייניקן 6יח330* מ"ל</ManufacturerItemDescription><SoldByWeight/><Quantity>1980.00</Quantity><UnitOfMeasure>מ"ל</UnitOfMeasure><QtyInPackage>לא ידוע</QtyInPackage><UnitOfMeasurePrice>0.0202</UnitOfMeasurePrice><AllowDiscount>1</AllowDiscount><ItemStatus>1</ItemStatus><ItemPrice>39.90</ItemPrice></item><item><PriceUpdateDate>2015-07-28 06:35:26</PriceUpdateDate><ItemCode>7290000452920</ItemCode><ItemType>1</ItemType><ItemName>מב סודה שישייה 1.5 ל</ItemName><ManufacturerName>טמפו</ManufacturerName><ManufactureCountry>ישראל</ManufactureCountry><ManufacturerItemDescription>שישיית סודה 1.5 ליטר</ManufacturerItemDescription><SoldByWeight/><Quantity>9000.00</Quantity><UnitOfMeasure>מ"ל</UnitOfMeasure><QtyInPackage>לא ידוע</QtyInPackage><UnitOfMeasurePrice>0.0019</UnitOfMeasurePrice><AllowDiscount>1</AllowDiscount><ItemStatus>1</ItemStatus><ItemPrice>16.90</ItemPrice></item><item><PriceUpdateDate>2016-04-03 10:07:13</PriceUpdateDate><ItemCode>7290000452968</ItemCode><ItemType>1</ItemType><ItemName>עלי בייבי ירקות שטרא</ItemName><ManufacturerName>שטראוס</ManufacturerName><ManufactureCountry>ישראל</ManufactureCountry><ManufacturerItemDescription>מבחר עלי בייבי</ManufacturerItemDescription><SoldByWeight/><Quantity>120.00</Quantity><UnitOfMeasure>יח'</UnitOfMeasure><QtyInPackage>לא ידוע</QtyInPackage><UnitOfMeasurePrice>0.0908</UnitOfMeasurePrice><AllowDiscount>1</AllowDiscount><ItemStatus>1</ItemStatus><ItemPrice>10.90</ItemPrice></item><item><PriceUpdateDate>2015-10-20 16:39:48</PriceUpdateDate><ItemCode>7290000453019</ItemCode><ItemType>1</ItemType><ItemName>שמרים טריים 50 גרם</ItemName><ManufacturerName>שמרית</ManufacturerName><ManufactureCountry>ישראל</ManufactureCountry><ManufacturerItemDescription>שמרים לחים אינסטנט</ManufacturerItemDescription><SoldByWeight/><Quantity>14.00</Quantity><UnitOfMeasure>גרם     </UnitOfMeasure><QtyInPackage>לא ידוע</QtyInPackage><UnitOfMeasurePrice>0.3643</UnitOfMeasurePrice><AllowDiscount>1</AllowDiscount><ItemStatus>1</ItemStatus><ItemPrice>5.10</ItemPrice></item><item><PriceUpdateDate>2016-04-03 10:07:13</PriceUpdateDate><ItemCode>7290000453040</ItemCode><ItemType>1</ItemType><ItemName>סלט המושבה 450 גרם</ItemName><ManufacturerName>שטראוס</ManufacturerName><ManufactureCountry>ישראל</ManufactureCountry><ManufacturerItemDescription>סלט המושבה</ManufacturerItemDescription><SoldByWeight/><Quantity>450.00</Quantity><UnitOfMeasure>גרם     </UnitOfMeasure><QtyInPackage>לא ידוע</QtyInPackage><UnitOfMeasurePrice>0.0331</UnitOfMeasurePrice><AllowDiscount>1</AllowDiscount><ItemStatus>1</ItemStatus><ItemPrice>14.90</ItemPrice></item><item><PriceUpdateDate>2015-11-16 09:47:12</PriceUpdateDate><ItemCode>7290000453125</ItemCode><ItemType>1</ItemType><ItemName>שמרית +משפר לאפיה בי</ItemName><ManufacturerName>שמרית</ManufacturerName><ManufactureCountry>ישראל</ManufactureCountry><ManufacturerItemDescription>שמרית +משפר לאפיה בי</ManufacturerItemDescription><SoldByWeight/><Quantity>125.00</Quantity><UnitOfMeasure>גרם     </UnitOfMeasure><QtyInPackage>לא ידוע</QtyInPackage><UnitOfMeasurePrice>0.0712</UnitOfMeasurePrice><AllowDiscount>1</AllowDiscount><ItemStatus>1</ItemStatus><ItemPrice>8.90</ItemPrice></item><item><PriceUpdateDate>2016-05-02 08:05:33</PriceUpdateDate><ItemCode>7290000453149</ItemCode><ItemType>1</ItemType><ItemName>סלט חומוס אחלה 750 ג</ItemName><ManufacturerName>אחלה</ManufacturerName><ManufactureCountry>ישראל</ManufactureCountry><ManufacturerItemDescription>סלט חומוס אחלה 750 ג</ManufacturerItemDescription><SoldByWeight/><Quantity>750.00</Quantity><UnitOfMeasure>גרם     </UnitOfMeasure><QtyInPackage>לא ידוע</QtyInPackage><UnitOfMeasurePrice>0.0132</UnitOfMeasurePrice><AllowDiscount>1</AllowDiscount><ItemStatus>1</ItemStatus><ItemPrice>9.90</ItemPrice></item><item><PriceUpdateDate>2016-03-16 15:40:32</PriceUpdateDate><ItemCode>7290000453163</ItemCode><ItemType>1</ItemType><ItemName>קוקה קולה לימון דיאט</ItemName><ManufacturerName>דיאט קולה לימון</ManufacturerName><ManufactureCountry>ישראל</ManufactureCountry><ManufacturerItemDescription>קוקה קולה דיאט לימון 1.5</ManufacturerItemDescription><SoldByWeight/><Quantity>1500.00</Quantity><UnitOfMeasure>מ"ל</UnitOfMeasure><QtyInPackage>לא ידוע</QtyInPackage><UnitOfMeasurePrice>0.0046</UnitOfMeasurePrice><AllowDiscount>1</AllowDiscount><ItemStatus>1</ItemStatus><ItemPrice>6.90</ItemPrice></item><item><PriceUpdateDate>2016-02-02 06:50:03</PriceUpdateDate><ItemCode>7290000453262</ItemCode><ItemType>1</ItemType><ItemName>נקטר חמוציות 1 ליטר</ItemName><ManufacturerName>אושן ספרי</ManufacturerName><ManufactureCountry>ישראל</ManufactureCountry><ManufacturerItemDescription>נקטר חמוציות</ManufacturerItemDescription><SoldByWeight/><Quantity>1000.00</Quantity><UnitOfMeasure>מ"ל</UnitOfMeasure><QtyInPackage>לא ידוע</QtyInPackage><UnitOfMeasurePrice>0.0132</UnitOfMeasurePrice><AllowDiscount>1</AllowDiscount><ItemStatus>1</ItemStatus><ItemPrice>13.20</ItemPrice></item><item><PriceUpdateDate>2015-10-11 18:10:35</PriceUpdateDate><ItemCode>7290000453286</ItemCode><ItemType>1</ItemType><ItemName>דניאלה תות 150 מ"ל</ItemName><ManufacturerName>דניאלה</ManufacturerName><ManufactureCountry>ישראל</ManufactureCountry><ManufacturerItemDescription>דניאלה מעדן גבינה תות 150</ManufacturerItemDescription><SoldByWeight/><Quantity>150.00</Quantity><UnitOfMeasure>מ"ל</UnitOfMeasure><QtyInPackage>לא ידוע</QtyInPackage><UnitOfMeasurePrice>0.0280</UnitOfMeasurePrice><AllowDiscount>1</AllowDiscount><ItemStatus>1</ItemStatus><ItemPrice>4.20</ItemPrice></item><item><PriceUpdateDate>2015-09-30 23:37:38</PriceUpdateDate><ItemCode>7290000453477</ItemCode><ItemType>1</ItemType><ItemName>תפוצ'יפס קראנצ' טבעי</ItemName><ManufacturerName>תפוצ'יפס</ManufacturerName><ManufactureCountry>ישראל</ManufactureCountry><ManufacturerItemDescription>תפוציפס קראנץ בטעם טבעי 5</ManufacturerItemDescription><SoldByWeight/><Quantity>14.00</Quantity><UnitOfMeasure>גרם     </UnitOfMeasure><QtyInPackage>לא ידוע</QtyInPackage><UnitOfMeasurePrice>0.2786</UnitOfMeasurePrice><AllowDiscount>1</AllowDiscount><ItemStatus>1</ItemStatus><ItemPrice>3.90</ItemPrice></item><item><PriceUpdateDate>2016-02-16 15:55:39</PriceUpdateDate><ItemCode>7290000453538</ItemCode><ItemType>1</ItemType><ItemName>שוקולד פרה במילוי תו</ItemName><ManufacturerName>פרה</ManufacturerName><ManufactureCountry>ישראל</ManufactureCountry><ManufacturerItemDescription>שוקולד פרה במילוי תות 100</ManufacturerItemDescription><SoldByWeight/><Quantity>100.00</Quantity><UnitOfMeasure>גרם     </UnitOfMeasure><QtyInPackage>לא ידוע</QtyInPackage><UnitOfMeasurePrice>0.0690</UnitOfMeasurePrice><AllowDiscount>0</AllowDiscount><ItemStatus>1</ItemStatus><ItemPrice>6.90</ItemPrice></item><item><PriceUpdateDate>2016-03-29 13:00:17</PriceUpdateDate><ItemCode>7290000453545</ItemCode><ItemType>1</ItemType><ItemName>מארז צ'יטוס איקס עיג</ItemName><ManufacturerName>צ'יטוס</ManufacturerName><ManufactureCountry>ישראל</ManufactureCountry><ManufacturerItemDescription>מארז צ'יטוס איקס עיג</ManufacturerItemDescription><SoldByWeight/><Quantity>150.00</Quantity><UnitOfMeasure>גרם     </UnitOfMeasure><QtyInPackage>לא ידוע</QtyInPackage><UnitOfMeasurePrice>0.0867</UnitOfMeasurePrice><AllowDiscount>1</AllowDiscount><ItemStatus>1</ItemStatus><ItemPrice>13.00</ItemPrice></item><item><PriceUpdateDate>2016-05-01 21:46:07</PriceUpdateDate><ItemCode>7290000453576</ItemCode><ItemType>1</ItemType><ItemName>שוקולד ספלנדיד מריר</ItemName><ManufacturerName>ספלנדיד</ManufacturerName><ManufactureCountry>ישראל</ManufactureCountry><ManufacturerItemDescription>שוקולד ספלנדיד מריר 100 ג</ManufacturerItemDescription><SoldByWeight/><Quantity>100.00</Quantity><UnitOfMeasure>גרם     </UnitOfMeasure><QtyInPackage>לא ידוע</QtyInPackage><UnitOfMeasurePrice>0.1190</UnitOfMeasurePrice><AllowDiscount>1</AllowDiscount><ItemStatus>1</ItemStatus><ItemPrice>11.90</ItemPrice></item><item><PriceUpdateDate>2015-11-12 14:58:32</PriceUpdateDate><ItemCode>7290000453606</ItemCode><ItemType>1</ItemType><ItemName>מארז וופל טוב טעם 20</ItemName><ManufacturerName>טוב טעם</ManufacturerName><ManufactureCountry>ישראל</ManufactureCountry><ManufacturerItemDescription>מארז וופל טוב טעם 20</ManufacturerItemDescription><SoldByWeight/><Quantity>600.00</Quantity><UnitOfMeasure>גרם     </UnitOfMeasure><QtyInPackage>לא ידוע</QtyInPackage><UnitOfMeasurePrice>0.0423</UnitOfMeasurePrice><AllowDiscount>1</AllowDiscount><ItemStatus>1</ItemStatus><ItemPrice>25.40</ItemPrice></item><item><PriceUpdateDate>2016-01-14 09:15:35</PriceUpdateDate><ItemCode>7290000453620</ItemCode><ItemType>1</ItemType><ItemName>מסטיק מאסט דובדבן 28</ItemName><ManufacturerName>לא ידוע</ManufacturerName><ManufactureCountry>ישראל</ManufactureCountry><ManufacturerItemDescription>מסטיק מאסט ציקלס דובדבן 2</ManufacturerItemDescription><SoldByWeight/><Quantity>0.00</Quantity><UnitOfMeasure>יח'</UnitOfMeasure><QtyInPackage>לא ידוע</QtyInPackage><UnitOfMeasurePrice>0.0000</UnitOfMeasurePrice><AllowDiscount>1</AllowDiscount><ItemStatus>1</ItemStatus><ItemPrice>4.50</ItemPrice></item><item><PriceUpdateDate>2016-02-16 15:55:39</PriceUpdateDate><ItemCode>7290000453637</ItemCode><ItemType>1</ItemType><ItemName>שוקולד פרה לבן עם עו</ItemName><ManufacturerName>פרה</ManufacturerName><ManufactureCountry>ישראל</ManufactureCountry><ManufacturerItemDescription>שוקולד פרה לבן עם עוגיות</ManufacturerItemDescription><SoldByWeight/><Quantity>100.00</Quantity><UnitOfMeasure>גרם     </UnitOfMeasure><QtyInPackage>לא ידוע</QtyInPackage><UnitOfMeasurePrice>0.0690</UnitOfMeasurePrice><AllowDiscount>0</AllowDiscount><ItemStatus>1</ItemStatus><ItemPrice>6.90</ItemPrice></item><item><PriceUpdateDate>2015-09-30 23:37:38</PriceUpdateDate><ItemCode>7290000453668</ItemCode><ItemType>1</ItemType><ItemName>חטיף תפוציפס קראנצ'</ItemName><ManufacturerName>תפוצ'יפס</ManufacturerName><ManufactureCountry>ישראל</ManufactureCountry><ManufacturerItemDescription>תפוציפס קראנץ גריל 50 גרם</ManufacturerItemDescription><SoldByWeight/><Quantity>14.00</Quantity><UnitOfMeasure>גרם     </UnitOfMeasure><QtyInPackage>לא ידוע</QtyInPackage><UnitOfMeasurePrice>0.2786</UnitOfMeasurePrice><AllowDiscount>1</AllowDiscount><ItemStatus>1</ItemStatus><ItemPrice>3.90</ItemPrice></item><item><PriceUpdateDate>2015-09-30 23:37:38</PriceUpdateDate><ItemCode>7290000453682</ItemCode><ItemType>1</ItemType><ItemName>חטיף תפוציפס קראנצ'</ItemName><ManufacturerName>תפוצ'יפס</ManufacturerName><ManufactureCountry>ישראל</ManufactureCountry><ManufacturerItemDescription>תפוציפס קראנץ מקסיקני 50</ManufacturerItemDescription><SoldByWeight/><Quantity>14.00</Quantity><UnitOfMeasure>גרם     </UnitOfMeasure><QtyInPackage>לא ידוע</QtyInPackage><UnitOfMeasurePrice>0.2786</UnitOfMeasurePrice><AllowDiscount>1</AllowDiscount><ItemStatus>1</ItemStatus><ItemPrice>3.90</ItemPrice></item><item><PriceUpdateDate>2016-01-18 09:36:31</PriceUpdateDate><ItemCode>7290000453743</ItemCode><ItemType>1</ItemType><ItemName>בפלות טראפלס שוקולד</ItemName><ManufacturerName>עלית</ManufacturerName><ManufactureCountry>ישראל</ManufactureCountry><ManufacturerItemDescription>ופל טעם טרפלס שוקולד 350</ManufacturerItemDescription><SoldByWeight/><Quantity>350.00</Quantity><UnitOfMeasure>גרם     </UnitOfMeasure><QtyInPackage>לא ידוע</QtyInPackage><UnitOfMeasurePrice>0.0483</UnitOfMeasurePrice><AllowDiscount>1</AllowDiscount><ItemStatus>1</ItemStatus><ItemPrice>16.90</ItemPrice></item><item><PriceUpdateDate>2016-02-16 15:55:39</PriceUpdateDate><ItemCode>7290000453750</ItemCode><ItemType>1</ItemType><ItemName>שוקולד פרה חלב אוורי</ItemName><ManufacturerName>פרה</ManufacturerName><ManufactureCountry>ישראל</ManufactureCountry><ManufacturerItemDescription>שוקולד חלב אוורירי 85 גר</ManufacturerItemDescription><SoldByWeight/><Quantity>100.00</Quantity><UnitOfMeasure>גרם     </UnitOfMeasure><QtyInPackage>לא ידוע</QtyInPackage><UnitOfMeasurePrice>0.0690</UnitOfMeasurePrice><AllowDiscount>0</AllowDiscount><ItemStatus>1</ItemStatus><ItemPrice>6.90</ItemPrice></item><item><PriceUpdateDate>2016-03-21 09:57:01</PriceUpdateDate><ItemCode>7290000453774</ItemCode><ItemType>1</ItemType><ItemName>ממרח שוקולד פרה מגדי</ItemName><ManufacturerName>פרה</ManufacturerName><ManufactureCountry>ישראל</ManufactureCountry><ManufacturerItemDescription>ממרח שוקולד פרה מגדי</ManufacturerItemDescription><SoldByWeight/><Quantity>850.00</Quantity><UnitOfMeasure>גרם     </UnitOfMeasure><QtyInPackage>לא ידוע</QtyInPackage><UnitOfMeasurePrice>0.0222</UnitOfMeasurePrice><AllowDiscount>1</AllowDiscount><ItemStatus>1</ItemStatus><ItemPrice>18.90</ItemPrice></item><item><PriceUpdateDate>2016-01-14 09:15:35</PriceUpdateDate><ItemCode>7290000453798</ItemCode><ItemType>1</ItemType><ItemName>מסטיק מאסט מנטה עדין</ItemName><ManufacturerName>מאסט</ManufacturerName><ManufactureCountry>ישראל</ManufactureCountry><ManufacturerItemDescription>מסטיק מאסט עדיין ספירמינט</ManufacturerItemDescription><SoldByWeight/><Quantity>28.00</Quantity><UnitOfMeasure>גרם     </UnitOfMeasure><QtyInPackage>לא ידוע</QtyInPackage><UnitOfMeasurePrice>0.1607</UnitOfMeasurePrice><AllowDiscount>1</AllowDiscount><ItemStatus>1</ItemStatus><ItemPrice>4.50</ItemPrice></item><item><PriceUpdateDate>2016-01-14 09:15:36</PriceUpdateDate><ItemCode>7290000453804</ItemCode><ItemType>1</ItemType><ItemName>מסטיק מאסט קלאסי 28</ItemName><ManufacturerName>מאסט</ManufacturerName><ManufactureCountry>ישראל</ManufactureCountry><ManufacturerItemDescription>מסטיק מאסט קלאסי פפרמינט</ManufacturerItemDescription><SoldByWeight/><Quantity>0.00</Quantity><UnitOfMeasure>יח'</UnitOfMeasure><QtyInPackage>לא ידוע</QtyInPackage><UnitOfMeasurePrice>0.0000</UnitOfMeasurePrice><AllowDiscount>1</AllowDiscount><ItemStatus>1</ItemStatus><ItemPrice>4.50</ItemPrice></item><item><PriceUpdateDate>2016-05-26 09:48:53</PriceUpdateDate><ItemCode>7290000453811</ItemCode><ItemType>1</ItemType><ItemName>עוגת רולדה מצופה שוק</ItemName><ManufacturerName>עלית</ManufacturerName><ManufactureCountry>פולין</ManufactureCountry><ManufacturerItemDescription>חטיפי דגנים מרבהיער 5יח'</ManufacturerItemDescription><SoldByWeight/><Quantity>350.00</Quantity><UnitOfMeasure>גרם     </UnitOfMeasure><QtyInPackage>לא ידוע</QtyInPackage><UnitOfMeasurePrice>0.0483</UnitOfMeasurePrice><AllowDiscount>1</AllowDiscount><ItemStatus>1</ItemStatus><ItemPrice>16.90</ItemPrice></item><item><PriceUpdateDate>2016-05-30 22:02:17</PriceUpdateDate><ItemCode>7290000453880</ItemCode><ItemType>1</ItemType><ItemName>מב רוטב וינגרט 290 מ</ItemName><ManufacturerName>אסם</ManufacturerName><ManufactureCountry>ישראל</ManufactureCountry><ManufacturerItemDescription>רוטב וינגרט קלאסי 290 מל</ManufacturerItemDescription><SoldByWeight/><Quantity>290.00</Quantity><UnitOfMeasure>מ"ל</UnitOfMeasure><QtyInPackage>לא ידוע</QtyInPackage><UnitOfMeasurePrice>0.0376</UnitOfMeasurePrice><AllowDiscount>1</AllowDiscount><ItemStatus>1</ItemStatus><ItemPrice>10.90</ItemPrice></item><item><PriceUpdateDate>2016-05-30 22:02:17</PriceUpdateDate><ItemCode>7290000453903</ItemCode><ItemType>1</ItemType><ItemName>ערגליות שוקו 300 גרם</ItemName><ManufacturerName>אסם</ManufacturerName><ManufactureCountry>ישראל</ManufactureCountry><ManufacturerItemDescription>ערגליות שוקו 300 גר</ManufacturerItemDescription><SoldByWeight/><Quantity>300.00</Quantity><UnitOfMeasure>גרם     </UnitOfMeasure><QtyInPackage>לא ידוע</QtyInPackage><UnitOfMeasurePrice>0.0357</UnitOfMeasurePrice><AllowDiscount>0</AllowDiscount><ItemStatus>1</ItemStatus><ItemPrice>10.70</ItemPrice></item><item><PriceUpdateDate>2016-05-30 22:02:17</PriceUpdateDate><ItemCode>7290000453910</ItemCode><ItemType>1</ItemType><ItemName>ערגליות תות 300 גרם</ItemName><ManufacturerName>אסם</ManufacturerName><ManufactureCountry>ישראל</ManufactureCountry><ManufacturerItemDescription>ערגליות תות 300 גר</ManufacturerItemDescription><SoldByWeight/><Quantity>300.00</Quantity><UnitOfMeasure>גרם     </UnitOfMeasure><QtyInPackage>לא ידוע</QtyInPackage><UnitOfMeasurePrice>0.0357</UnitOfMeasurePrice><AllowDiscount>0</AllowDiscount><ItemStatus>1</ItemStatus><ItemPrice>10.70</ItemPrice></item><item><PriceUpdateDate>2015-10-20 09:04:43</PriceUpdateDate><ItemCode>7290000454016</ItemCode><ItemType>1</ItemType><ItemName>לחם איטלקי לאפיה</ItemName><ManufacturerName>פילסברי</ManufacturerName><ManufactureCountry>ישראל</ManufactureCountry><ManufacturerItemDescription>לחם איטלקי לאפיה</ManufacturerItemDescription><SoldByWeight/><Quantity>1000.00</Quantity><UnitOfMeasure>ק"ג     </UnitOfMeasure><QtyInPackage>לא ידוע</QtyInPackage><UnitOfMeasurePrice>0.0077</UnitOfMeasurePrice><AllowDiscount>1</AllowDiscount><ItemStatus>1</ItemStatus><ItemPrice>7.70</ItemPrice></item><item><PriceUpdateDate>2015-11-10 09:55:12</PriceUpdateDate><ItemCode>7290000454023</ItemCode><ItemType>1</ItemType><ItemName>לחם כפרי/ לחם חמניות</ItemName><ManufacturerName>פילסברי</ManufacturerName><ManufactureCountry>ישראל</ManufactureCountry><ManufacturerItemDescription>לחם כפרי/ לחם חמניות</ManufacturerItemDescription><SoldByWeight/><Quantity>1000.00</Quantity><UnitOfMeasure>ק"ג     </UnitOfMeasure><QtyInPackage>לא ידוע</QtyInPackage><UnitOfMeasurePrice>0.0122</UnitOfMeasurePrice><AllowDiscount>1</AllowDiscount><ItemStatus>1</ItemStatus><ItemPrice>12.20</ItemPrice></item><item><PriceUpdateDate>2015-10-11 08:12:34</PriceUpdateDate><ItemCode>7290000454146</ItemCode><ItemType>1</ItemType><ItemName>חלה קלועה אפיה בסניף</ItemName><ManufacturerName>פילסברי</ManufacturerName><ManufactureCountry>ישראל</ManufactureCountry><ManufacturerItemDescription>חלה קלועה אפיה בסניף</ManufacturerItemDescription><SoldByWeight/><Quantity>1000.00</Quantity><UnitOfMeasure>ק"ג     </UnitOfMeasure><QtyInPackage>לא ידוע</QtyInPackage><UnitOfMeasurePrice>0.0101</UnitOfMeasurePrice><AllowDiscount>1</AllowDiscount><ItemStatus>1</ItemStatus><ItemPrice>10.10</ItemPrice></item><item><PriceUpdateDate>2015-10-11 08:12:35</PriceUpdateDate><ItemCode>7290000454153</ItemCode><ItemType>1</ItemType><ItemName>לחמניה שמינייה כפרי</ItemName><ManufacturerName>פילסברי</ManufacturerName><ManufactureCountry>ישראל</ManufactureCountry><ManufacturerItemDescription>לחמניה שמיניה לאפיה</ManufacturerItemDescription><SoldByWeight/><Quantity>1.00</Quantity><UnitOfMeasure>יח'</UnitOfMeasure><QtyInPackage>לא ידוע</QtyInPackage><UnitOfMeasurePrice>4.6000</UnitOfMeasurePrice><AllowDiscount>1</AllowDiscount><ItemStatus>1</ItemStatus><ItemPrice>4.60</ItemPrice></item><item><PriceUpdateDate>2015-10-11 08:12:35</PriceUpdateDate><ItemCode>7290000454177</ItemCode><ItemType>1</ItemType><ItemName>לחמנייה אצבע כפרית</ItemName><ManufacturerName>פילסברי</ManufacturerName><ManufactureCountry>ישראל</ManufactureCountry><ManufacturerItemDescription>לחמנייה אצבע כפרית</ManufacturerItemDescription><SoldByWeight/><Quantity>1.00</Quantity><UnitOfMeasure>יח'</UnitOfMeasure><QtyInPackage>לא ידוע</QtyInPackage><UnitOfMeasurePrice>2.5000</UnitOfMeasurePrice><AllowDiscount>1</AllowDiscount><ItemStatus>1</ItemStatus><ItemPrice>2.50</ItemPrice></item><item><PriceUpdateDate>2015-10-11 08:12:35</PriceUpdateDate><ItemCode>7290000454184</ItemCode><ItemType>1</ItemType><ItemName>לחמניה קשר לאפיה</ItemName><ManufacturerName>פילסברי</ManufacturerName><ManufactureCountry>ישראל</ManufactureCountry><ManufacturerItemDescription>לחמניה קשר לאפיה</ManufacturerItemDescription><SoldByWeight/><Quantity>1000.00</Quantity><UnitOfMeasure>ק"ג     </UnitOfMeasure><QtyInPackage>לא ידוע</QtyInPackage><UnitOfMeasurePrice>0.0036</UnitOfMeasurePrice><AllowDiscount>1</AllowDiscount><ItemStatus>1</ItemStatus><ItemPrice>3.60</ItemPrice></item><item><PriceUpdateDate>2014-11-03 06:37:53</PriceUpdateDate><ItemCode>7290000454214</ItemCode><ItemType>1</ItemType><ItemName>בייגל שומשום לאפיה 1</ItemName><ManufacturerName>פילסברי</ManufacturerName><ManufactureCountry>ישראל</ManufactureCountry><ManufacturerItemDescription>בייגל שומשום לאפיה 1</ManufacturerItemDescription><SoldByWeight/><Quantity>1000.00</Quantity><UnitOfMeasure>ק"ג     </UnitOfMeasure><QtyInPackage>לא ידוע</QtyInPackage><UnitOfMeasurePrice>0.0045</UnitOfMeasurePrice><AllowDiscount>1</AllowDiscount><ItemStatus>1</ItemStatus><ItemPrice>4.50</ItemPrice></item><item><PriceUpdateDate>2015-10-11 08:12:35</PriceUpdateDate><ItemCode>7290000454238</ItemCode><ItemType>1</ItemType><ItemName>באגט</ItemName><ManufacturerName>פילסברי</ManufacturerName><ManufactureCountry>ישראל</ManufactureCountry><ManufacturerItemDescription>באגט טרי אפיה בסניף</ManufacturerItemDescription><SoldByWeight/><Quantity>1000.00</Quantity><UnitOfMeasure>ק"ג     </UnitOfMeasure><QtyInPackage>לא ידוע</QtyInPackage><UnitOfMeasurePrice>0.0057</UnitOfMeasurePrice><AllowDiscount>0</AllowDiscount><ItemStatus>1</ItemStatus><ItemPrice>5.70</ItemPrice></item><item><PriceUpdateDate>2014-11-03 06:37:53</PriceUpdateDate><ItemCode>7290000454252</ItemCode><ItemType>1</ItemType><ItemName>לחם גיבטה 200 אפוי ק</ItemName><ManufacturerName>פילסברי</ManufacturerName><ManufactureCountry>ישראל</ManufactureCountry><ManufacturerItemDescription>לחם גיבטה 200 אפוי ק</ManufacturerItemDescription><SoldByWeight/><Quantity>1000.00</Quantity><UnitOfMeasure>ק"ג     </UnitOfMeasure><QtyInPackage>לא ידוע</QtyInPackage><UnitOfMeasurePrice>0.0062</UnitOfMeasurePrice><AllowDiscount>1</AllowDiscount><ItemStatus>1</ItemStatus><ItemPrice>6.20</ItemPrice></item><item><PriceUpdateDate>2014-11-03 06:37:53</PriceUpdateDate><ItemCode>7290000454269</ItemCode><ItemType>1</ItemType><ItemName>לחמניה גפטה</ItemName><ManufacturerName>פילסברי</ManufacturerName><ManufactureCountry>ישראל</ManufactureCountry><ManufacturerItemDescription>לחמניות גבטה אפוי קפוא 50</ManufacturerItemDescription><SoldByWeight/><Quantity>1000.00</Quantity><UnitOfMeasure>ק"ג     </UnitOfMeasure><QtyInPackage>לא ידוע</QtyInPackage><UnitOfMeasurePrice>0.0040</UnitOfMeasurePrice><AllowDiscount>1</AllowDiscount><ItemStatus>1</ItemStatus><ItemPrice>4.00</ItemPrice></item><item><PriceUpdateDate>2015-11-10 09:55:13</PriceUpdateDate><ItemCode>7290000454474</ItemCode><ItemType>1</ItemType><ItemName>לחמניה קוראסון אפיה</ItemName><ManufacturerName>פילסברי</ManufacturerName><ManufactureCountry>ישראל</ManufactureCountry><ManufacturerItemDescription>לחמניה קוראסון אפיה</ManufacturerItemDescription><SoldByWeight/><Quantity>1000.00</Quantity><UnitOfMeasure>ק"ג     </UnitOfMeasure><QtyInPackage>לא ידוע</QtyInPackage><UnitOfMeasurePrice>0.0046</UnitOfMeasurePrice><AllowDiscount>1</AllowDiscount><ItemStatus>1</ItemStatus><ItemPrice>4.60</ItemPrice></item><item><PriceUpdateDate>2015-10-11 18:10:35</PriceUpdateDate><ItemCode>7290000454702</ItemCode><ItemType>1</ItemType><ItemName>קוקה קולה זירו 0.5 ל</ItemName><ManufacturerName>zero קוקה קולה</ManufacturerName><ManufactureCountry>ישראל</ManufactureCountry><ManufacturerItemDescription>קוקה קולה זירו 500 מל</ManufacturerItemDescription><SoldByWeight/><Quantity>500.00</Quantity><UnitOfMeasure>מ"ל</UnitOfMeasure><QtyInPackage>לא ידוע</QtyInPackage><UnitOfMeasurePrice>0.0146</UnitOfMeasurePrice><AllowDiscount>1</AllowDiscount><ItemStatus>1</ItemStatus><ItemPrice>7.30</ItemPrice></item><item><PriceUpdateDate>2016-03-16 15:40:32</PriceUpdateDate><ItemCode>7290000454719</ItemCode><ItemType>1</ItemType><ItemName>קוקה קולה זירו 1.5 ל</ItemName><ManufacturerName>zero קוקה קולה</ManufacturerName><ManufactureCountry>ישראל</ManufactureCountry><ManufacturerItemDescription>קוקה קולה זירו 1.5 ל</ManufacturerItemDescription><SoldByWeight/><Quantity>1500.00</Quantity><UnitOfMeasure>מ"ל</UnitOfMeasure><QtyInPackage>לא ידוע</QtyInPackage><UnitOfMeasurePrice>0.0046</UnitOfMeasurePrice><AllowDiscount>1</AllowDiscount><ItemStatus>1</ItemStatus><ItemPrice>6.90</ItemPrice></item><item><PriceUpdateDate>2016-03-16 15:40:32</PriceUpdateDate><ItemCode>7290000454726</ItemCode><ItemType>1</ItemType><ItemName>קולה זירו שישיות 1.5</ItemName><ManufacturerName>zero קוקה קולה</ManufacturerName><ManufactureCountry>ישראל</ManufactureCountry><ManufacturerItemDescription>קוקה קולה זירו 1.5 1/6 ל</ManufacturerItemDescription><SoldByWeight/><Quantity>9000.00</Quantity><UnitOfMeasure>מ"ל</UnitOfMeasure><QtyInPackage>לא ידוע</QtyInPackage><UnitOfMeasurePrice>0.0041</UnitOfMeasurePrice><AllowDiscount>1</AllowDiscount><ItemStatus>1</ItemStatus><ItemPrice>36.90</ItemPrice></item><item><PriceUpdateDate>2016-03-16 15:40:32</PriceUpdateDate><ItemCode>7290000454856</ItemCode><ItemType>1</ItemType><ItemName>מטרנה מהדרין שלב 3 7</ItemName><ManufacturerName>מטרנה</ManufacturerName><ManufactureCountry>ישראל</ManufactureCountry><ManufacturerItemDescription>מטרנה מהדרין שלב 3 7</ManufacturerItemDescription><SoldByWeight/><Quantity>700.00</Quantity><UnitOfMeasure>גרם     </UnitOfMeasure><QtyInPackage>לא ידוע</QtyInPackage><UnitOfMeasurePrice>0.0741</UnitOfMeasurePrice><AllowDiscount>1</AllowDiscount><ItemStatus>1</ItemStatus><ItemPrice>51.90</ItemPrice></item><item><PriceUpdateDate>2016-03-16 15:40:32</PriceUpdateDate><ItemCode>7290000454863</ItemCode><ItemType>1</ItemType><ItemName>בונזו גזע קטן 3 ק"ג</ItemName><ManufacturerName>בונזו</ManufacturerName><ManufactureCountry>ישראל</ManufactureCountry><ManufacturerItemDescription>בונזו גזע קטן 3 קג</ManufacturerItemDescription><SoldByWeight/><Quantity>3000.00</Quantity><UnitOfMeasure>גרם     </UnitOfMeasure><QtyInPackage>לא ידוע</QtyInPackage><UnitOfMeasurePrice>0.0150</UnitOfMeasurePrice><AllowDiscount>1</AllowDiscount><ItemStatus>1</ItemStatus><ItemPrice>44.90</ItemPrice></item><item><PriceUpdateDate>2016-05-30 22:02:18</PriceUpdateDate><ItemCode>7290000454917</ItemCode><ItemType>1</ItemType><ItemName>עוגיות לחמי חמאה צרפ</ItemName><ManufacturerName>לחמי</ManufacturerName><ManufactureCountry>ישראל</ManufactureCountry><ManufacturerItemDescription>עוגיות חמאה צרפתיות 280 ג</ManufacturerItemDescription><SoldByWeight/><Quantity>250.00</Quantity><UnitOfMeasure>גרם     </UnitOfMeasure><QtyInPackage>לא ידוע</QtyInPackage><UnitOfMeasurePrice>0.0796</UnitOfMeasurePrice><AllowDiscount>1</AllowDiscount><ItemStatus>1</ItemStatus><ItemPrice>19.90</ItemPrice></item><item><PriceUpdateDate>2016-05-30 22:02:18</PriceUpdateDate><ItemCode>7290000454931</ItemCode><ItemType>1</ItemType><ItemName>עוגיות לחמי שוקולד צ</ItemName><ManufacturerName>לחמי</ManufacturerName><ManufactureCountry>ישראל</ManufactureCountry><ManufacturerItemDescription>עוגיות שוקולד ציפס 250 גר</ManufacturerItemDescription><SoldByWeight/><Quantity>250.00</Quantity><UnitOfMeasure>גרם     </UnitOfMeasure><QtyInPackage>לא ידוע</QtyInPackage><UnitOfMeasurePrice>0.0796</UnitOfMeasurePrice><AllowDiscount>1</AllowDiscount><ItemStatus>1</ItemStatus><ItemPrice>19.90</ItemPrice></item><item><PriceUpdateDate>2016-05-30 22:02:18</PriceUpdateDate><ItemCode>7290000454948</ItemCode><ItemType>1</ItemType><ItemName>עוגיות לחמי שקדים 28</ItemName><ManufacturerName>לא ידוע</ManufacturerName><ManufactureCountry>ישראל</ManufactureCountry><ManufacturerItemDescription>עוגיות מלבן שקדים 280 גר</ManufacturerItemDescription><SoldByWeight/><Quantity>280.00</Quantity><UnitOfMeasure>גרם     </UnitOfMeasure><QtyInPackage>לא ידוע</QtyInPackage><UnitOfMeasurePrice>0.0711</UnitOfMeasurePrice><AllowDiscount>1</AllowDiscount><ItemStatus>1</ItemStatus><ItemPrice>19.90</ItemPrice></item><item><PriceUpdateDate>2016-05-30 22:02:18</PriceUpdateDate><ItemCode>7290000455013</ItemCode><ItemType>1</ItemType><ItemName>מב פתיבר שוקו עלית 5</ItemName><ManufacturerName>עלית</ManufacturerName><ManufactureCountry>ישראל</ManufactureCountry><ManufacturerItemDescription>מב פתיבר שוקו עלית 5</ManufacturerItemDescription><SoldByWeight/><Quantity>500.00</Quantity><UnitOfMeasure>גרם     </UnitOfMeasure><QtyInPackage>לא ידוע</QtyInPackage><UnitOfMeasurePrice>0.0158</UnitOfMeasurePrice><AllowDiscount>1</AllowDiscount><ItemStatus>1</ItemStatus><ItemPrice>7.90</ItemPrice></item><item><PriceUpdateDate>2016-05-30 22:02:18</PriceUpdateDate><ItemCode>7290000455037</ItemCode><ItemType>1</ItemType><ItemName>מיני פסק זמן מגדים 4</ItemName><ManufacturerName>לא ידוע</ManufacturerName><ManufactureCountry>ישראל</ManufactureCountry><ManufacturerItemDescription>מיני פסק זמן מגדים 4</ManufacturerItemDescription><SoldByWeight/><Quantity>400.00</Quantity><UnitOfMeasure>גרם     </UnitOfMeasure><QtyInPackage>לא ידוע</QtyInPackage><UnitOfMeasurePrice>0.0572</UnitOfMeasurePrice><AllowDiscount>1</AllowDiscount><ItemStatus>1</ItemStatus><ItemPrice>22.90</ItemPrice></item><item><PriceUpdateDate>2016-05-30 22:02:18</PriceUpdateDate><ItemCode>7290000455044</ItemCode><ItemType>1</ItemType><ItemName>מיני כיף כף מגדים 40</ItemName><ManufacturerName>כיף כף</ManufacturerName><ManufactureCountry>ישראל</ManufactureCountry><ManufacturerItemDescription>מיני כיף כף מגדים 40</ManufacturerItemDescription><SoldByWeight/><Quantity>400.00</Quantity><UnitOfMeasure>גרם     </UnitOfMeasure><QtyInPackage>לא ידוע</QtyInPackage><UnitOfMeasurePrice>0.0572</UnitOfMeasurePrice><AllowDiscount>1</AllowDiscount><ItemStatus>1</ItemStatus><ItemPrice>22.90</ItemPrice></item><item><PriceUpdateDate>2016-05-30 22:02:18</PriceUpdateDate><ItemCode>7290000455105</ItemCode><ItemType>1</ItemType><ItemName>שוקולית 850 גרם בשקי</ItemName><ManufacturerName>שוקולית</ManufacturerName><ManufactureCountry>ישראל</ManufactureCountry><ManufacturerItemDescription>שוקולית 850 גרם בשקי</ManufacturerItemDescription><SoldByWeight/><Quantity>850.00</Quantity><UnitOfMeasure>גרם     </UnitOfMeasure><QtyInPackage>לא ידוע</QtyInPackage><UnitOfMeasurePrice>0.0234</UnitOfMeasurePrice><AllowDiscount>1</AllowDiscount><ItemStatus>1</ItemStatus><ItemPrice>19.90</ItemPrice></item><item><PriceUpdateDate>2015-10-11 18:10:35</PriceUpdateDate><ItemCode>7290000455136</ItemCode><ItemType>1</ItemType><ItemName>חטיף דוריטוס חריף אש</ItemName><ManufacturerName>דוריטוס</ManufacturerName><ManufactureCountry>ישראל</ManufactureCountry><ManufacturerItemDescription>דוריטוס בטעם חריף אש70 גר</ManufacturerItemDescription><SoldByWeight/><Quantity>14.00</Quantity><UnitOfMeasure>גרם     </UnitOfMeasure><QtyInPackage>לא ידוע</QtyInPackage><UnitOfMeasurePrice>0.3214</UnitOfMeasurePrice><AllowDiscount>1</AllowDiscount><ItemStatus>1</ItemStatus><ItemPrice>4.50</ItemPrice></item><item><PriceUpdateDate>2016-05-23 06:42:44</PriceUpdateDate><ItemCode>7290000455143</ItemCode><ItemType>1</ItemType><ItemName>בוטנים אמריקאים עלית</ItemName><ManufacturerName>סבבה</ManufacturerName><ManufactureCountry>ישראל</ManufactureCountry><ManufacturerItemDescription>סבבה בוטנים אמריקאים</ManufacturerItemDescription><SoldByWeight/><Quantity>50.00</Quantity><UnitOfMeasure>גרם     </UnitOfMeasure><QtyInPackage>לא ידוע</QtyInPackage><UnitOfMeasurePrice>0.0500</UnitOfMeasurePrice><AllowDiscount>1</AllowDiscount><ItemStatus>1</ItemStatus><ItemPrice>2.50</ItemPrice></item><item><PriceUpdateDate>2016-03-29 13:00:17</PriceUpdateDate><ItemCode>7290000455150</ItemCode><ItemType>1</ItemType><ItemName>מארז שוש אפוי 10*20</ItemName><ManufacturerName>שוש</ManufacturerName><ManufactureCountry>ישראל</ManufactureCountry><ManufacturerItemDescription>מארז שוש אפוי 10*20</ManufacturerItemDescription><SoldByWeight/><Quantity>200.00</Quantity><UnitOfMeasure>גרם     </UnitOfMeasure><QtyInPackage>לא ידוע</QtyInPackage><UnitOfMeasurePrice>0.0675</UnitOfMeasurePrice><AllowDiscount>1</AllowDiscount><ItemStatus>1</ItemStatus><ItemPrice>13.50</ItemPrice></item><item><PriceUpdateDate>2015-10-11 18:10:35</PriceUpdateDate><ItemCode>7290000455204</ItemCode><ItemType>1</ItemType><ItemName>לימון כבוש ביטון 250</ItemName><ManufacturerName>תבליני ביטון יוחאי</ManufacturerName><ManufactureCountry>ישראל</ManufactureCountry><ManufacturerItemDescription>לימון בלאדי 250 גר</ManufacturerItemDescription><SoldByWeight/><Quantity>250.00</Quantity><UnitOfMeasure>גרם     </UnitOfMeasure><QtyInPackage>לא ידוע</QtyInPackage><UnitOfMeasurePrice>0.0648</UnitOfMeasurePrice><AllowDiscount>1</AllowDiscount><ItemStatus>1</ItemStatus><ItemPrice>16.20</ItemPrice></item><item><PriceUpdateDate>2015-10-11 18:10:35</PriceUpdateDate><ItemCode>7290000455211</ItemCode><ItemType>1</ItemType><ItemName>אריסה מתוקה ביטון 25</ItemName><ManufacturerName>תבליני ביטון יוחאי</ManufacturerName><ManufactureCountry>ישראל</ManufactureCountry><ManufacturerItemDescription>אריסה מתוקה ביטון 25</ManufacturerItemDescription><SoldByWeight/><Quantity>250.00</Quantity><UnitOfMeasure>גרם     </UnitOfMeasure><QtyInPackage>לא ידוע</QtyInPackage><UnitOfMeasurePrice>0.0648</UnitOfMeasurePrice><AllowDiscount>1</AllowDiscount><ItemStatus>1</ItemStatus><ItemPrice>16.20</ItemPrice></item><item><PriceUpdateDate>2015-11-12 18:17:54</PriceUpdateDate><ItemCode>7290000455235</ItemCode><ItemType>1</ItemType><ItemName>חזרת ביטון 250 גרם</ItemName><ManufacturerName>תבליני ביטון יוחאי</ManufacturerName><ManufactureCountry>ישראל</ManufactureCountry><ManufacturerItemDescription>חזרת 250 גרם</ManufacturerItemDescription><SoldByWeight/><Quantity>250.00</Quantity><UnitOfMeasure>גרם     </UnitOfMeasure><QtyInPackage>לא ידוע</QtyInPackage><UnitOfMeasurePrice>0.0668</UnitOfMeasurePrice><AllowDiscount>1</AllowDiscount><ItemStatus>1</ItemStatus><ItemPrice>16.70</ItemPrice></item><item><PriceUpdateDate>2015-10-11 18:10:35</PriceUpdateDate><ItemCode>7290000455242</ItemCode><ItemType>1</ItemType><ItemName>פלפל צומה ביטון 250</ItemName><ManufacturerName>תבליני ביטון יוחאי</ManufacturerName><ManufactureCountry>ישראל</ManufactureCountry><ManufacturerItemDescription>פלפל צומה 250 גרם ביטון</ManufacturerItemDescription><SoldByWeight/><Quantity>250.00</Quantity><UnitOfMeasure>גרם     </UnitOfMeasure><QtyInPackage>לא ידוע</QtyInPackage><UnitOfMeasurePrice>0.0648</UnitOfMeasurePrice><AllowDiscount>1</AllowDiscount><ItemStatus>1</ItemStatus><ItemPrice>16.20</ItemPrice></item><item><PriceUpdateDate>2016-05-02 08:05:34</PriceUpdateDate><ItemCode>7290000455358</ItemCode><ItemType>1</ItemType><ItemName>בירה נשר מאלט 1.5 לי</ItemName><ManufacturerName>נשר מאלט</ManufacturerName><ManufactureCountry>ישראל</ManufactureCountry><ManufacturerItemDescription>בירה נשר מאלט 1.5 ל</ManufacturerItemDescription><SoldByWeight/><Quantity>1500.00</Quantity><UnitOfMeasure>מ"ל</UnitOfMeasure><QtyInPackage>לא ידוע</QtyInPackage><UnitOfMeasurePrice>0.0039</UnitOfMeasurePrice><AllowDiscount>1</AllowDiscount><ItemStatus>1</ItemStatus><ItemPrice>5.90</ItemPrice></item><item><PriceUpdateDate>2016-05-02 08:05:34</PriceUpdateDate><ItemCode>7290000455365</ItemCode><ItemType>1</ItemType><ItemName>בירה נשר מאלט דיאט 1</ItemName><ManufacturerName>נשר מאלט דיאט</ManufacturerName><ManufactureCountry>ישראל</ManufactureCountry><ManufacturerItemDescription>בירה נשר מאלט דיאט 1.5 ל</ManufacturerItemDescription><SoldByWeight/><Quantity>1500.00</Quantity><UnitOfMeasure>מ"ל</UnitOfMeasure><QtyInPackage>לא ידוע</QtyInPackage><UnitOfMeasurePrice>0.0039</UnitOfMeasurePrice><AllowDiscount>1</AllowDiscount><ItemStatus>1</ItemStatus><ItemPrice>5.90</ItemPrice></item><item><PriceUpdateDate>2014-11-03 06:37:46</PriceUpdateDate><ItemCode>7290000455372</ItemCode><ItemType>1</ItemType><ItemName>בירה הייניקן 330מ"ל</ItemName><ManufacturerName>הייניקן</ManufacturerName><ManufactureCountry>ישראל</ManufactureCountry><ManufacturerItemDescription>בירה הייניקן בקבוק  330 מ</ManufacturerItemDescription><SoldByWeight/><Quantity>330.00</Quantity><UnitOfMeasure>מ"ל</UnitOfMeasure><QtyInPackage>לא ידוע</QtyInPackage><UnitOfMeasurePrice>0.0379</UnitOfMeasurePrice><AllowDiscount>1</AllowDiscount><ItemStatus>1</ItemStatus><ItemPrice>12.50</ItemPrice></item><item><PriceUpdateDate>2016-05-30 22:02:18</PriceUpdateDate><ItemCode>7290000455457</ItemCode><ItemType>1</ItemType><ItemName>חזה בגריל מן הצומח 6</ItemName><ManufacturerName>טבעול</ManufacturerName><ManufactureCountry>ישראל</ManufactureCountry><ManufacturerItemDescription>חזה בגריל צמחי</ManufacturerItemDescription><SoldByWeight/><Quantity>630.00</Quantity><UnitOfMeasure>גרם     </UnitOfMeasure><QtyInPackage>לא ידוע</QtyInPackage><UnitOfMeasurePrice>0.0624</UnitOfMeasurePrice><AllowDiscount>1</AllowDiscount><ItemStatus>1</ItemStatus><ItemPrice>39.30</ItemPrice></item><item><PriceUpdateDate>2016-05-10 11:01:43</PriceUpdateDate><ItemCode>7290000455594</ItemCode><ItemType>1</ItemType><ItemName>מעדן משמש 100% פרי 2</ItemName><ManufacturerName>יד מרדכי</ManufacturerName><ManufactureCountry>ישראל</ManufactureCountry><ManufacturerItemDescription>מעדן משמש 100% פרי 2</ManufacturerItemDescription><SoldByWeight/><Quantity>250.00</Quantity><UnitOfMeasure>גרם     </UnitOfMeasure><QtyInPackage>לא ידוע</QtyInPackage><UnitOfMeasurePrice>0.0596</UnitOfMeasurePrice><AllowDiscount>1</AllowDiscount><ItemStatus>1</ItemStatus><ItemPrice>14.90</ItemPrice></item><item><PriceUpdateDate>2016-05-10 11:01:43</PriceUpdateDate><ItemCode>7290000455600</ItemCode><ItemType>1</ItemType><ItemName>מעדן תות 100% פרי 25</ItemName><ManufacturerName>יד מרדכי</ManufacturerName><ManufactureCountry>ישראל</ManufactureCountry><ManufacturerItemDescription>מעדן תות 100% פרי 250 גרם</ManufacturerItemDescription><SoldByWeight/><Quantity>250.00</Quantity><UnitOfMeasure>גרם     </UnitOfMeasure><QtyInPackage>לא ידוע</QtyInPackage><UnitOfMeasurePrice>0.0596</UnitOfMeasurePrice><AllowDiscount>1</AllowDiscount><ItemStatus>1</ItemStatus><ItemPrice>14.90</ItemPrice></item><item><PriceUpdateDate>2016-05-30 22:02:18</PriceUpdateDate><ItemCode>7290000455655</ItemCode><ItemType>1</ItemType><ItemName>שמן זית יד מרדכי כתי</ItemName><ManufacturerName>יד מרדכי</ManufacturerName><ManufactureCountry>ישראל</ManufactureCountry><ManufacturerItemDescription>שמן זית כתית מעולה2- קלאס</ManufacturerItemDescription><SoldByWeight/><Quantity>750.00</Quantity><UnitOfMeasure>מ"ל</UnitOfMeasure><QtyInPackage>לא ידוע</QtyInPackage><UnitOfMeasurePrice>0.0465</UnitOfMeasurePrice><AllowDiscount>1</AllowDiscount><ItemStatus>1</ItemStatus><ItemPrice>34.90</ItemPrice></item><item><PriceUpdateDate>2016-03-16 15:40:32</PriceUpdateDate><ItemCode>7290000455693</ItemCode><ItemType>1</ItemType><ItemName>דנונה בר תות קורנפלק</ItemName><ManufacturerName>דנונה</ManufacturerName><ManufactureCountry>ישראל</ManufactureCountry><ManufacturerItemDescription>דנונהבר תות קורנפלקס מצופ</ManufacturerItemDescription><SoldByWeight/><Quantity>175.00</Quantity><UnitOfMeasure>מ"ל</UnitOfMeasure><QtyInPackage>לא ידוע</QtyInPackage><UnitOfMeasurePrice>0.0257</UnitOfMeasurePrice><AllowDiscount>1</AllowDiscount><ItemStatus>1</ItemStatus><ItemPrice>4.50</ItemPrice></item><item><PriceUpdateDate>2015-10-20 16:43:49</PriceUpdateDate><ItemCode>7290000455778</ItemCode><ItemType>1</ItemType><ItemName>גמדים לשתיה תות בננה</ItemName><ManufacturerName>גמדים</ManufacturerName><ManufactureCountry>ישראל</ManufactureCountry><ManufacturerItemDescription>גמדים לשתיה תות בננה</ManufacturerItemDescription><SoldByWeight/><Quantity>800.00</Quantity><UnitOfMeasure>מ"ל</UnitOfMeasure><QtyInPackage>לא ידוע</QtyInPackage><UnitOfMeasurePrice>0.0263</UnitOfMeasurePrice><AllowDiscount>1</AllowDiscount><ItemStatus>1</ItemStatus><ItemPrice>21.00</ItemPrice></item><item><PriceUpdateDate>2016-02-18 10:27:50</PriceUpdateDate><ItemCode>7290000455792</ItemCode><ItemType>1</ItemType><ItemName>מארז שמינייה דני שוק</ItemName><ManufacturerName>דני</ManufacturerName><ManufactureCountry>ישראל</ManufactureCountry><ManufacturerItemDescription>מארז שמינייה דני שוק</ManufacturerItemDescription><SoldByWeight/><Quantity>1000.00</Quantity><UnitOfMeasure>גרם     </UnitOfMeasure><QtyInPackage>לא ידוע</QtyInPackage><UnitOfMeasurePrice>0.0169</UnitOfMeasurePrice><AllowDiscount>1</AllowDiscount><ItemStatus>1</ItemStatus><ItemPrice>16.90</ItemPrice></item><item><PriceUpdateDate>2016-03-01 06:42:25</PriceUpdateDate><ItemCode>7290000455815</ItemCode><ItemType>1</ItemType><ItemName>מארז גמדים תות 4*100</ItemName><ManufacturerName>גמדים</ManufacturerName><ManufactureCountry>ישראל</ManufactureCountry><ManufacturerItemDescription>מארז גמדים תות 4*100</ManufacturerItemDescription><SoldByWeight/><Quantity>400.00</Quantity><UnitOfMeasure>מ"ל</UnitOfMeasure><QtyInPackage>לא ידוע</QtyInPackage><UnitOfMeasurePrice>0.0285</UnitOfMeasurePrice><AllowDiscount>0</AllowDiscount><ItemStatus>1</ItemStatus><ItemPrice>11.40</ItemPrice></item><item><PriceUpdateDate>2016-05-22 09:26:04</PriceUpdateDate><ItemCode>7290000455921</ItemCode><ItemType>1</ItemType><ItemName>מאפינס חמישיות שוקו</ItemName><ManufacturerName>פילסברי</ManufacturerName><ManufactureCountry>ישראל</ManufactureCountry><ManufacturerItemDescription>מאפינס חמישיות שוקו</ManufacturerItemDescription><SoldByWeight/><Quantity>1000.00</Quantity><UnitOfMeasure>ק"ג     </UnitOfMeasure><QtyInPackage>לא ידוע</QtyInPackage><UnitOfMeasurePrice>0.0104</UnitOfMeasurePrice><AllowDiscount>1</AllowDiscount><ItemStatus>1</ItemStatus><ItemPrice>10.40</ItemPrice></item><item><PriceUpdateDate>2015-10-20 09:04:43</PriceUpdateDate><ItemCode>7290000455938</ItemCode><ItemType>1</ItemType><ItemName>מאפינס חמישיות שוקו</ItemName><ManufacturerName>פילסברי</ManufacturerName><ManufactureCountry>ישראל</ManufactureCountry><ManufacturerItemDescription>מאפינס חמישיות שוקו</ManufacturerItemDescription><SoldByWeight/><Quantity>1000.00</Quantity><UnitOfMeasure>ק"ג     </UnitOfMeasure><QtyInPackage>לא ידוע</QtyInPackage><UnitOfMeasurePrice>0.0104</UnitOfMeasurePrice><AllowDiscount>1</AllowDiscount><ItemStatus>1</ItemStatus><ItemPrice>10.40</ItemPrice></item><item><PriceUpdateDate>2015-11-12 17:42:13</PriceUpdateDate><ItemCode>7290000455969</ItemCode><ItemType>1</ItemType><ItemName>שניצל דק צמחי ביתי ט</ItemName><ManufacturerName>טבעול</ManufacturerName><ManufactureCountry>ישראל</ManufactureCountry><ManufacturerItemDescription>שניצל דק צמחי ביתי 700 גר</ManufacturerItemDescription><SoldByWeight/><Quantity>700.00</Quantity><UnitOfMeasure>גרם     </UnitOfMeasure><QtyInPackage>לא ידוע</QtyInPackage><UnitOfMeasurePrice>0.0561</UnitOfMeasurePrice><AllowDiscount>1</AllowDiscount><ItemStatus>1</ItemStatus><ItemPrice>39.30</ItemPrice></item><item><PriceUpdateDate>2016-06-14 15:39:26</PriceUpdateDate><ItemCode>7290000456096</ItemCode><ItemType>1</ItemType><ItemName>קט מעדן דגי אוקינוס</ItemName><ManufacturerName>לה קט</ManufacturerName><ManufactureCountry>תאילנד</ManufactureCountry><ManufacturerItemDescription>לה-קט דליקטס דגי אוקינוס</ManufacturerItemDescription><SoldByWeight/><Quantity>85.00</Quantity><UnitOfMeasure>גרם     </UnitOfMeasure><QtyInPackage>לא ידוע</QtyInPackage><UnitOfMeasurePrice>0.0694</UnitOfMeasurePrice><AllowDiscount>1</AllowDiscount><ItemStatus>1</ItemStatus><ItemPrice>5.90</ItemPrice></item><item><PriceUpdateDate>2016-06-14 15:39:26</PriceUpdateDate><ItemCode>7290000456102</ItemCode><ItemType>1</ItemType><ItemName>לה קט טונה דגי אוקינ</ItemName><ManufacturerName>לה קט</ManufacturerName><ManufactureCountry>תאילנד</ManufactureCountry><ManufacturerItemDescription>לה-קט דליקטס דגי אוקינוס</ManufacturerItemDescription><SoldByWeight/><Quantity>85.00</Quantity><UnitOfMeasure>גרם     </UnitOfMeasure><QtyInPackage>לא ידוע</QtyInPackage><UnitOfMeasurePrice>0.0694</UnitOfMeasurePrice><AllowDiscount>1</AllowDiscount><ItemStatus>1</ItemStatus><ItemPrice>5.90</ItemPrice></item><item><PriceUpdateDate>2015-11-16 09:47:11</PriceUpdateDate><ItemCode>7290000456270</ItemCode><ItemType>1</ItemType><ItemName>סלט מטבוחה 500 גרם</ItemName><ManufacturerName>אחלה</ManufacturerName><ManufactureCountry>ישראל</ManufactureCountry><ManufacturerItemDescription>סלט מטבוחה 500 גרם</ManufacturerItemDescription><SoldByWeight/><Quantity>500.00</Quantity><UnitOfMeasure>גרם     </UnitOfMeasure><QtyInPackage>לא ידוע</QtyInPackage><UnitOfMeasurePrice>0.0354</UnitOfMeasurePrice><AllowDiscount>1</AllowDiscount><ItemStatus>1</ItemStatus><ItemPrice>17.70</ItemPrice></item><item><PriceUpdateDate>2015-11-12 14:41:20</PriceUpdateDate><ItemCode>7290000456324</ItemCode><ItemType>1</ItemType><ItemName>קוטג' 3% טרה 250 גרם</ItemName><ManufacturerName>טרה</ManufacturerName><ManufactureCountry>ישראל</ManufactureCountry><ManufacturerItemDescription>קוטג מועשר 250 3% גרם</ManufacturerItemDescription><SoldByWeight/><Quantity>250.00</Quantity><UnitOfMeasure>גרם     </UnitOfMeasure><QtyInPackage>לא ידוע</QtyInPackage><UnitOfMeasurePrice>0.0228</UnitOfMeasurePrice><AllowDiscount>1</AllowDiscount><ItemStatus>1</ItemStatus><ItemPrice>5.70</ItemPrice></item><item><PriceUpdateDate>2016-05-30 22:02:18</PriceUpdateDate><ItemCode>7290000456355</ItemCode><ItemType>1</ItemType><ItemName>מב חלב טרה 3% בקרטון</ItemName><ManufacturerName>טרה</ManufacturerName><ManufactureCountry>ישראל</ManufactureCountry><ManufacturerItemDescription>מב חלב טרה 3% בקרטון</ManufacturerItemDescription><SoldByWeight/><Quantity>2000.00</Quantity><UnitOfMeasure>מ"ל</UnitOfMeasure><QtyInPackage>לא ידוע</QtyInPackage><UnitOfMeasurePrice>0.0055</UnitOfMeasurePrice><AllowDiscount>1</AllowDiscount><ItemStatus>1</ItemStatus><ItemPrice>10.90</ItemPrice></item><item><PriceUpdateDate>2015-10-11 18:10:36</PriceUpdateDate><ItemCode>7290000456393</ItemCode><ItemType>1</ItemType><ItemName>גבינה לבנה 3% טרה מה</ItemName><ManufacturerName>טרה</ManufacturerName><ManufactureCountry>ישראל</ManufactureCountry><ManufacturerItemDescription>גבינה לבנה 250 3% גרם מהד</ManufacturerItemDescription><SoldByWeight/><Quantity>250.00</Quantity><UnitOfMeasure>גרם     </UnitOfMeasure><QtyInPackage>לא ידוע</QtyInPackage><UnitOfMeasurePrice>0.0196</UnitOfMeasurePrice><AllowDiscount>1</AllowDiscount><ItemStatus>1</ItemStatus><ItemPrice>4.90</ItemPrice></item><item><PriceUpdateDate>2016-06-01 09:41:26</PriceUpdateDate><ItemCode>7290000456409</ItemCode><ItemType>1</ItemType><ItemName>גבינה לבנה 5% מהדרין</ItemName><ManufacturerName>טרה</ManufacturerName><ManufactureCountry>ישראל</ManufactureCountry><ManufacturerItemDescription>גבינה לבנה 5% מהדרין</ManufacturerItemDescription><SoldByWeight/><Quantity>500.00</Quantity><UnitOfMeasure>גרם     </UnitOfMeasure><QtyInPackage>לא ידוע</QtyInPackage><UnitOfMeasurePrice>0.0184</UnitOfMeasurePrice><AllowDiscount>1</AllowDiscount><ItemStatus>1</ItemStatus><ItemPrice>9.20</ItemPrice></item><item><PriceUpdateDate>2016-03-01 06:42:25</PriceUpdateDate><ItemCode>7290000456676</ItemCode><ItemType>1</ItemType><ItemName>סירופ פריגת דיאט לימ</ItemName><ManufacturerName>פריגת</ManufacturerName><ManufactureCountry>ישראל</ManufactureCountry><ManufacturerItemDescription>סירופ פריגת דיאט לימ</ManufacturerItemDescription><SoldByWeight/><Quantity>750.00</Quantity><UnitOfMeasure>מ"ל</UnitOfMeasure><QtyInPackage>לא ידוע</QtyInPackage><UnitOfMeasurePrice>0.0257</UnitOfMeasurePrice><AllowDiscount>1</AllowDiscount><ItemStatus>1</ItemStatus><ItemPrice>19.30</ItemPrice></item><item><PriceUpdateDate>2016-03-29 13:00:17</PriceUpdateDate><ItemCode>7290000456850</ItemCode><ItemType>1</ItemType><ItemName>קליה מגבונים מארז חס</ItemName><ManufacturerName>קליה</ManufacturerName><ManufactureCountry>ישראל</ManufactureCountry><ManufacturerItemDescription>קליה מגבונים מארז חס</ManufacturerItemDescription><SoldByWeight/><Quantity>0.00</Quantity><UnitOfMeasure>יח'</UnitOfMeasure><QtyInPackage>לא ידוע</QtyInPackage><UnitOfMeasurePrice>0.0000</UnitOfMeasurePrice><AllowDiscount>1</AllowDiscount><ItemStatus>1</ItemStatus><ItemPrice>24.90</ItemPrice></item><item><PriceUpdateDate>2016-03-29 13:00:17</PriceUpdateDate><ItemCode>7290000456867</ItemCode><ItemType>1</ItemType><ItemName>מסיר כתמים קליה אבקה</ItemName><ManufacturerName>קליה</ManufacturerName><ManufactureCountry>ספרד</ManufactureCountry><ManufacturerItemDescription>מסיר כתמים קליה אבקה</ManufacturerItemDescription><SoldByWeight/><Quantity>1400.00</Quantity><UnitOfMeasure>גרם     </UnitOfMeasure><QtyInPackage>לא ידוע</QtyInPackage><UnitOfMeasurePrice>0.0278</UnitOfMeasurePrice><AllowDiscount>1</AllowDiscount><ItemStatus>1</ItemStatus><ItemPrice>38.90</ItemPrice></item><item><PriceUpdateDate>2016-03-01 06:48:39</PriceUpdateDate><ItemCode>7290000457024</ItemCode><ItemType>1</ItemType><ItemName>מב מארז שישיית מכבי</ItemName><ManufacturerName>מכבי שנדי</ManufacturerName><ManufactureCountry>ישראל</ManufactureCountry><ManufacturerItemDescription>שישיית מכבי שנדי תפוח</ManufacturerItemDescription><SoldByWeight/><Quantity>1980.00</Quantity><UnitOfMeasure>מ"ל</UnitOfMeasure><QtyInPackage>לא ידוע</QtyInPackage><UnitOfMeasurePrice>0.0151</UnitOfMeasurePrice><AllowDiscount>1</AllowDiscount><ItemStatus>1</ItemStatus><ItemPrice>29.90</ItemPrice></item><item><PriceUpdateDate>2014-11-03 06:37:46</PriceUpdateDate><ItemCode>7290000457062</ItemCode><ItemType>1</ItemType><ItemName>שנדי בודד תפוח 330 מ</ItemName><ManufacturerName>מכבי שנדי</ManufacturerName><ManufactureCountry>ישראל</ManufactureCountry><ManufacturerItemDescription>שנדי בודד תפוח 330 מ</ManufacturerItemDescription><SoldByWeight/><Quantity>330.00</Quantity><UnitOfMeasure>מ"ל</UnitOfMeasure><QtyInPackage>לא ידוע</QtyInPackage><UnitOfMeasurePrice>0.0291</UnitOfMeasurePrice><AllowDiscount>1</AllowDiscount><ItemStatus>1</ItemStatus><ItemPrice>9.60</ItemPrice></item><item><PriceUpdateDate>2015-10-11 18:10:36</PriceUpdateDate><ItemCode>7290000457253</ItemCode><ItemType>1</ItemType><ItemName>דניאלה בננה 150 מ"ל</ItemName><ManufacturerName>דניאלה</ManufacturerName><ManufactureCountry>ישראל</ManufactureCountry><ManufacturerItemDescription>דניאלה בננה 150 מ"ל</ManufacturerItemDescription><SoldByWeight/><Quantity>150.00</Quantity><UnitOfMeasure>מ"ל</UnitOfMeasure><QtyInPackage>לא ידוע</QtyInPackage><UnitOfMeasurePrice>0.0280</UnitOfMeasurePrice><AllowDiscount>1</AllowDiscount><ItemStatus>1</ItemStatus><ItemPrice>4.20</ItemPrice></item><item><PriceUpdateDate>2015-11-16 09:47:11</PriceUpdateDate><ItemCode>7290000457260</ItemCode><ItemType>1</ItemType><ItemName>קוטג' 5% 250 גרם שטר</ItemName><ManufacturerName>קוטג שטראוס</ManufacturerName><ManufactureCountry>ישראל</ManufactureCountry><ManufacturerItemDescription>קוטג+5% סידן 250 גרם</ManufacturerItemDescription><SoldByWeight/><Quantity>250.00</Quantity><UnitOfMeasure>גרם     </UnitOfMeasure><QtyInPackage>לא ידוע</QtyInPackage><UnitOfMeasurePrice>0.0236</UnitOfMeasurePrice><AllowDiscount>1</AllowDiscount><ItemStatus>1</ItemStatus><ItemPrice>5.90</ItemPrice></item><item><PriceUpdateDate>2015-12-28 09:39:52</PriceUpdateDate><ItemCode>7290000457277</ItemCode><ItemType>1</ItemType><ItemName>דנונה קפוצינו 0% 150</ItemName><ManufacturerName>דנונה</ManufacturerName><ManufactureCountry>ישראל</ManufactureCountry><ManufacturerItemDescription>דנונה קפוצינו 0% 150</ManufacturerItemDescription><SoldByWeight/><Quantity>150.00</Quantity><UnitOfMeasure>גרם     </UnitOfMeasure><QtyInPackage>לא ידוע</QtyInPackage><UnitOfMeasurePrice>0.0333</UnitOfMeasurePrice><AllowDiscount>1</AllowDiscount><ItemStatus>1</ItemStatus><ItemPrice>5.00</ItemPrice></item><item><PriceUpdateDate>2015-11-16 09:47:11</PriceUpdateDate><ItemCode>7290000457291</ItemCode><ItemType>1</ItemType><ItemName>אקטיביה משקה 250 מ''</ItemName><ManufacturerName>אקטיביה</ManufacturerName><ManufactureCountry>ישראל</ManufactureCountry><ManufacturerItemDescription>משקה אקטיביה 250 מל</ManufacturerItemDescription><SoldByWeight/><Quantity>250.00</Quantity><UnitOfMeasure>מ"ל</UnitOfMeasure><QtyInPackage>לא ידוע</QtyInPackage><UnitOfMeasurePrice>0.0216</UnitOfMeasurePrice><AllowDiscount>1</AllowDiscount><ItemStatus>1</ItemStatus><ItemPrice>5.40</ItemPrice></item><item><PriceUpdateDate>2015-11-10 09:55:13</PriceUpdateDate><ItemCode>7290000457468</ItemCode><ItemType>1</ItemType><ItemName>רוגלך במארז פילסברי</ItemName><ManufacturerName>פילסברי</ManufacturerName><ManufactureCountry>ישראל</ManufactureCountry><ManufacturerItemDescription>רוגלך במארז פילסברי</ManufacturerItemDescription><SoldByWeight/><Quantity>1000.00</Quantity><UnitOfMeasure>ק"ג     </UnitOfMeasure><QtyInPackage>לא ידוע</QtyInPackage><UnitOfMeasurePrice>0.0248</UnitOfMeasurePrice><AllowDiscount>1</AllowDiscount><ItemStatus>1</ItemStatus><ItemPrice>24.80</ItemPrice></item><item><PriceUpdateDate>2014-11-03 06:37:53</PriceUpdateDate><ItemCode>7290000457550</ItemCode><ItemType>1</ItemType><ItemName>שנק שוקולד במארז 450</ItemName><ManufacturerName>פילסברי</ManufacturerName><ManufactureCountry>ישראל</ManufactureCountry><ManufacturerItemDescription>שנק שוקולד במארז 450</ManufacturerItemDescription><SoldByWeight/><Quantity>1000.00</Quantity><UnitOfMeasure>ק"ג     </UnitOfMeasure><QtyInPackage>לא ידוע</QtyInPackage><UnitOfMeasurePrice>0.0243</UnitOfMeasurePrice><AllowDiscount>1</AllowDiscount><ItemStatus>1</ItemStatus><ItemPrice>24.30</ItemPrice></item><item><PriceUpdateDate>2015-11-12 14:29:14</PriceUpdateDate><ItemCode>7290000457604</ItemCode><ItemType>1</ItemType><ItemName>בייגלה ביג ביג חיטה</ItemName><ManufacturerName>בייגל בייגל</ManufacturerName><ManufactureCountry>ישראל</ManufactureCountry><ManufacturerItemDescription>בייגלה ביג ביג חיטה</ManufacturerItemDescription><SoldByWeight/><Quantity>150.00</Quantity><UnitOfMeasure>גרם     </UnitOfMeasure><QtyInPackage>לא ידוע</QtyInPackage><UnitOfMeasurePrice>0.0487</UnitOfMeasurePrice><AllowDiscount>1</AllowDiscount><ItemStatus>1</ItemStatus><ItemPrice>7.30</ItemPrice></item><item><PriceUpdateDate>2016-02-02 06:50:03</PriceUpdateDate><ItemCode>7290000458034</ItemCode><ItemType>1</ItemType><ItemName>נס קפה קפוצ'ינו קלאס</ItemName><ManufacturerName>לא ממותג</ManufacturerName><ManufactureCountry>ישראל</ManufactureCountry><ManufacturerItemDescription>נס קפה קפוצ'ינו אסיק125ג</ManufacturerItemDescription><SoldByWeight/><Quantity>125.00</Quantity><UnitOfMeasure>גרם     </UnitOfMeasure><QtyInPackage>לא ידוע</QtyInPackage><UnitOfMeasurePrice>0.1672</UnitOfMeasurePrice><AllowDiscount>1</AllowDiscount><ItemStatus>1</ItemStatus><ItemPrice>20.90</ItemPrice></item><item><PriceUpdateDate>2016-05-10 11:01:43</PriceUpdateDate><ItemCode>7290000458298</ItemCode><ItemType>1</ItemType><ItemName>מעדן פטל 100% פרי 25</ItemName><ManufacturerName>יד מרדכי</ManufacturerName><ManufactureCountry>ישראל</ManufactureCountry><ManufacturerItemDescription>מעדן פטל 100% פרי 250 גרם</ManufacturerItemDescription><SoldByWeight/><Quantity>250.00</Quantity><UnitOfMeasure>גרם     </UnitOfMeasure><QtyInPackage>לא ידוע</QtyInPackage><UnitOfMeasurePrice>0.0596</UnitOfMeasurePrice><AllowDiscount>1</AllowDiscount><ItemStatus>1</ItemStatus><ItemPrice>14.90</ItemPrice></item><item><PriceUpdateDate>2015-11-16 09:47:11</PriceUpdateDate><ItemCode>7290000458304</ItemCode><ItemType>1</ItemType><ItemName>שוקו בבקבוק 350 מ''ל</ItemName><ManufacturerName>יטבתה</ManufacturerName><ManufactureCountry>ישראל</ManufactureCountry><ManufacturerItemDescription>שוקו 350 מל</ManufacturerItemDescription><SoldByWeight/><Quantity>350.00</Quantity><UnitOfMeasure>מ"ל</UnitOfMeasure><QtyInPackage>לא ידוע</QtyInPackage><UnitOfMeasurePrice>0.0189</UnitOfMeasurePrice><AllowDiscount>1</AllowDiscount><ItemStatus>1</ItemStatus><ItemPrice>6.60</ItemPrice></item><item><PriceUpdateDate>2015-11-16 09:47:11</PriceUpdateDate><ItemCode>7290000458311</ItemCode><ItemType>1</ItemType><ItemName>משקה חלב אייס קפה 35</ItemName><ManufacturerName>יטבתה</ManufacturerName><ManufactureCountry>ישראל</ManufactureCountry><ManufacturerItemDescription>משקה חלב קפה 350 מל</ManufacturerItemDescription><SoldByWeight/><Quantity>350.00</Quantity><UnitOfMeasure>מ"ל</UnitOfMeasure><QtyInPackage>לא ידוע</QtyInPackage><UnitOfMeasurePrice>0.0189</UnitOfMeasurePrice><AllowDiscount>1</AllowDiscount><ItemStatus>1</ItemStatus><ItemPrice>6.60</ItemPrice></item><item><PriceUpdateDate>2015-07-13 08:03:43</PriceUpdateDate><ItemCode>7290000458359</ItemCode><ItemType>1</ItemType><ItemName>מארז שוקו פקק בקבוק</ItemName><ManufacturerName>יטבתה</ManufacturerName><ManufactureCountry>ישראל</ManufactureCountry><ManufacturerItemDescription>מארז שוקו פקק בקבוק</ManufacturerItemDescription><SoldByWeight/><Quantity>1500.00</Quantity><UnitOfMeasure>מ"ל</UnitOfMeasure><QtyInPackage>לא ידוע</QtyInPackage><UnitOfMeasurePrice>0.0199</UnitOfMeasurePrice><AllowDiscount>1</AllowDiscount><ItemStatus>1</ItemStatus><ItemPrice>29.90</ItemPrice></item><item><PriceUpdateDate>2015-10-20 16:43:49</PriceUpdateDate><ItemCode>7290000458397</ItemCode><ItemType>1</ItemType><ItemName>מילקשייק שוקו עם סיר</ItemName><ManufacturerName>יטבתה</ManufacturerName><ManufactureCountry>ישראל</ManufactureCountry><ManufacturerItemDescription>מילקשייק שוקו סירופ שוקול</ManufacturerItemDescription><SoldByWeight/><Quantity>350.00</Quantity><UnitOfMeasure>מ"ל</UnitOfMeasure><QtyInPackage>לא ידוע</QtyInPackage><UnitOfMeasurePrice>0.0203</UnitOfMeasurePrice><AllowDiscount>1</AllowDiscount><ItemStatus>1</ItemStatus><ItemPrice>7.10</ItemPrice></item><item><PriceUpdateDate>2015-10-20 16:43:49</PriceUpdateDate><ItemCode>7290000458403</ItemCode><ItemType>1</ItemType><ItemName>מילקשייק וניל עם סיר</ItemName><ManufacturerName>יטבתה</ManufacturerName><ManufactureCountry>ישראל</ManufactureCountry><ManufacturerItemDescription>מילקשייק וניל עם סיר</ManufacturerItemDescription><SoldByWeight/><Quantity>350.00</Quantity><UnitOfMeasure>מ"ל</UnitOfMeasure><QtyInPackage>לא ידוע</QtyInPackage><UnitOfMeasurePrice>0.0203</UnitOfMeasurePrice><AllowDiscount>1</AllowDiscount><ItemStatus>1</ItemStatus><ItemPrice>7.10</ItemPrice></item><item><PriceUpdateDate>2015-11-16 09:47:11</PriceUpdateDate><ItemCode>7290000458410</ItemCode><ItemType>1</ItemType><ItemName>שוקו בבקבוק מארז 8 *</ItemName><ManufacturerName>יטבתה</ManufacturerName><ManufactureCountry>ישראל</ManufactureCountry><ManufacturerItemDescription>מארז שוקו בבקבוק עם פקק 8</ManufacturerItemDescription><SoldByWeight/><Quantity>1200.00</Quantity><UnitOfMeasure>מ"ל</UnitOfMeasure><QtyInPackage>לא ידוע</QtyInPackage><UnitOfMeasurePrice>0.0173</UnitOfMeasurePrice><AllowDiscount>1</AllowDiscount><ItemStatus>1</ItemStatus><ItemPrice>20.80</ItemPrice></item><item><PriceUpdateDate>2016-05-30 22:02:19</PriceUpdateDate><ItemCode>7290000458595</ItemCode><ItemType>1</ItemType><ItemName>מטרנה חלבי שלב 3 700</ItemName><ManufacturerName>מטרנה</ManufacturerName><ManufactureCountry>ישראל</ManufactureCountry><ManufacturerItemDescription>מטרנה חלבי שלב 3 700</ManufacturerItemDescription><SoldByWeight/><Quantity>700.00</Quantity><UnitOfMeasure>גרם     </UnitOfMeasure><QtyInPackage>לא ידוע</QtyInPackage><UnitOfMeasurePrice>0.0784</UnitOfMeasurePrice><AllowDiscount>1</AllowDiscount><ItemStatus>1</ItemStatus><ItemPrice>54.90</ItemPrice></item><item><PriceUpdateDate>2016-03-16 15:40:32</PriceUpdateDate><ItemCode>7290000458670</ItemCode><ItemType>1</ItemType><ItemName>מטרנה מהדרין שלב 2 7</ItemName><ManufacturerName>מטרנה</ManufacturerName><ManufactureCountry>ישראל</ManufactureCountry><ManufacturerItemDescription>מטרנה מהדרין שלב 2 7</ManufacturerItemDescription><SoldByWeight/><Quantity>700.00</Quantity><UnitOfMeasure>גרם     </UnitOfMeasure><QtyInPackage>לא ידוע</QtyInPackage><UnitOfMeasurePrice>0.0741</UnitOfMeasurePrice><AllowDiscount>1</AllowDiscount><ItemStatus>1</ItemStatus><ItemPrice>51.90</ItemPrice></item><item><PriceUpdateDate>2016-05-30 22:02:19</PriceUpdateDate><ItemCode>7290000458878</ItemCode><ItemType>1</ItemType><ItemName>מארז אקטימל תות 14 י</ItemName><ManufacturerName>אקטימל</ManufacturerName><ManufactureCountry>ישראל</ManufactureCountry><ManufacturerItemDescription>מארז אקטימל תות 14 י</ManufacturerItemDescription><SoldByWeight/><Quantity>1480.00</Quantity><UnitOfMeasure>מ"ל</UnitOfMeasure><QtyInPackage>לא ידוע</QtyInPackage><UnitOfMeasurePrice>0.0212</UnitOfMeasurePrice><AllowDiscount>1</AllowDiscount><ItemStatus>1</ItemStatus><ItemPrice>31.40</ItemPrice></item><item><PriceUpdateDate>2016-05-30 22:02:19</PriceUpdateDate><ItemCode>7290000458946</ItemCode><ItemType>1</ItemType><ItemName>מב אבקת כביסה קולון</ItemName><ManufacturerName>קולון</ManufacturerName><ManufactureCountry>ישראל</ManufactureCountry><ManufacturerItemDescription>אבקת כביסה קולון 1.25 101</ManufacturerItemDescription><SoldByWeight/><Quantity>1250.00</Quantity><UnitOfMeasure>גרם     </UnitOfMeasure><QtyInPackage>לא ידוע</QtyInPackage><UnitOfMeasurePrice>0.0080</UnitOfMeasurePrice><AllowDiscount>1</AllowDiscount><ItemStatus>1</ItemStatus><ItemPrice>10.00</ItemPrice></item><item><PriceUpdateDate>2016-05-01 21:46:08</PriceUpdateDate><ItemCode>7290000458953</ItemCode><ItemType>1</ItemType><ItemName>אבקת כביסה קולון 101</ItemName><ManufacturerName>קולון</ManufacturerName><ManufactureCountry>ישראל</ManufactureCountry><ManufacturerItemDescription>אבקת כביסה קולון 101</ManufacturerItemDescription><SoldByWeight/><Quantity>5000.00</Quantity><UnitOfMeasure>גרם     </UnitOfMeasure><QtyInPackage>לא ידוע</QtyInPackage><UnitOfMeasurePrice>0.0080</UnitOfMeasurePrice><AllowDiscount>1</AllowDiscount><ItemStatus>1</ItemStatus><ItemPrice>39.90</ItemPrice></item><item><PriceUpdateDate>2016-05-30 22:02:19</PriceUpdateDate><ItemCode>7290000459127</ItemCode><ItemType>1</ItemType><ItemName>מב סלט פלפלים מרוקאי</ItemName><ManufacturerName>צבר</ManufacturerName><ManufactureCountry>ישראל</ManufactureCountry><ManufacturerItemDescription>מב סלט פלפלים מרוקאי</ManufacturerItemDescription><SoldByWeight/><Quantity>400.00</Quantity><UnitOfMeasure>גרם     </UnitOfMeasure><QtyInPackage>לא ידוע</QtyInPackage><UnitOfMeasurePrice>0.0348</UnitOfMeasurePrice><AllowDiscount>1</AllowDiscount><ItemStatus>1</ItemStatus><ItemPrice>13.90</ItemPrice></item><item><PriceUpdateDate>2016-05-30 22:02:19</PriceUpdateDate><ItemCode>7290000459134</ItemCode><ItemType>1</ItemType><ItemName>מב סלט חציל בטחינה ר</ItemName><ManufacturerName>צבר</ManufacturerName><ManufactureCountry>ישראל</ManufactureCountry><ManufacturerItemDescription>חציל בטחינה רפי 400 גר</ManufacturerItemDescription><SoldByWeight/><Quantity>400.00</Quantity><UnitOfMeasure>גרם     </UnitOfMeasure><QtyInPackage>לא ידוע</QtyInPackage><UnitOfMeasurePrice>0.0348</UnitOfMeasurePrice><AllowDiscount>1</AllowDiscount><ItemStatus>1</ItemStatus><ItemPrice>13.90</ItemPrice></item><item><PriceUpdateDate>2016-05-30 22:02:19</PriceUpdateDate><ItemCode>7290000459141</ItemCode><ItemType>1</ItemType><ItemName>מב סלט טחינה לבנה רפ</ItemName><ManufacturerName>צבר</ManufacturerName><ManufactureCountry>ישראל</ManufactureCountry><ManufacturerItemDescription>טחינה לבנה רפי</ManufacturerItemDescription><SoldByWeight/><Quantity>400.00</Quantity><UnitOfMeasure>גרם     </UnitOfMeasure><QtyInPackage>לא ידוע</QtyInPackage><UnitOfMeasurePrice>0.0348</UnitOfMeasurePrice><AllowDiscount>1</AllowDiscount><ItemStatus>1</ItemStatus><ItemPrice>13.90</ItemPrice></item><item><PriceUpdateDate>2016-05-30 22:02:19</PriceUpdateDate><ItemCode>7290000459158</ItemCode><ItemType>1</ItemType><ItemName>מב סלט חציל בלאדי בש</ItemName><ManufacturerName>צבר</ManufacturerName><ManufactureCountry>ישראל</ManufactureCountry><ManufacturerItemDescription>חציל בשמן זית רפי 400 גר</ManufacturerItemDescription><SoldByWeight/><Quantity>400.00</Quantity><UnitOfMeasure>גרם     </UnitOfMeasure><QtyInPackage>לא ידוע</QtyInPackage><UnitOfMeasurePrice>0.0348</UnitOfMeasurePrice><AllowDiscount>1</AllowDiscount><ItemStatus>1</ItemStatus><ItemPrice>13.90</ItemPrice></item><item><PriceUpdateDate>2016-03-29 06:16:55</PriceUpdateDate><ItemCode>7290000459288</ItemCode><ItemType>1</ItemType><ItemName>מארז מי פה ליסטרין 5</ItemName><ManufacturerName>ליסטרין</ManufacturerName><ManufactureCountry>ישראל</ManufactureCountry><ManufacturerItemDescription>מארז מי פה ליסטרין 5</ManufacturerItemDescription><SoldByWeight/><Quantity>750.00</Quantity><UnitOfMeasure>מ"ל</UnitOfMeasure><QtyInPackage>לא ידוע</QtyInPackage><UnitOfMeasurePrice>0.0665</UnitOfMeasurePrice><AllowDiscount>1</AllowDiscount><ItemStatus>1</ItemStatus><ItemPrice>49.90</ItemPrice></item><item><PriceUpdateDate>2016-06-02 12:22:10</PriceUpdateDate><ItemCode>7290000459325</ItemCode><ItemType>1</ItemType><ItemName>מב אזורה אל סבון 750</ItemName><ManufacturerName>אזורה</ManufacturerName><ManufactureCountry>ישראל</ManufactureCountry><ManufacturerItemDescription>מב אזורה אל סבון 750</ManufacturerItemDescription><SoldByWeight/><Quantity>750.00</Quantity><UnitOfMeasure>מ"ל</UnitOfMeasure><QtyInPackage>לא ידוע</QtyInPackage><UnitOfMeasurePrice>0.0119</UnitOfMeasurePrice><AllowDiscount>1</AllowDiscount><ItemStatus>1</ItemStatus><ItemPrice>8.90</ItemPrice></item><item><PriceUpdateDate>2016-05-30 22:02:19</PriceUpdateDate><ItemCode>7290000459516</ItemCode><ItemType>1</ItemType><ItemName>חרדל דיג'ון גרגירים</ItemName><ManufacturerName>לא ממותג</ManufacturerName><ManufactureCountry>צרפת</ManufactureCountry><ManufacturerItemDescription>חרדל דיגון גרעינים 350 גר</ManufacturerItemDescription><SoldByWeight/><Quantity>350.00</Quantity><UnitOfMeasure>גרם     </UnitOfMeasure><QtyInPackage>לא ידוע</QtyInPackage><UnitOfMeasurePrice>0.0423</UnitOfMeasurePrice><AllowDiscount>1</AllowDiscount><ItemStatus>1</ItemStatus><ItemPrice>14.80</ItemPrice></item><item><PriceUpdateDate>2014-11-03 06:36:59</PriceUpdateDate><ItemCode>7290000459523</ItemCode><ItemType>1</ItemType><ItemName>מטרנה פסטה מאמי נקוד</ItemName><ManufacturerName>לא ידוע</ManufacturerName><ManufactureCountry>ישראל</ManufactureCountry><ManufacturerItemDescription>מטרנה פסטה מאמי נקוד</ManufacturerItemDescription><SoldByWeight/><Quantity>320.00</Quantity><UnitOfMeasure>גרם     </UnitOfMeasure><QtyInPackage>לא ידוע</QtyInPackage><UnitOfMeasurePrice>0.0400</UnitOfMeasurePrice><AllowDiscount>1</AllowDiscount><ItemStatus>1</ItemStatus><ItemPrice>12.80</ItemPrice></item><item><PriceUpdateDate>2016-03-29 13:00:18</PriceUpdateDate><ItemCode>7290000459912</ItemCode><ItemType>1</ItemType><ItemName>מסטיק יוגטה ג'ולים 1</ItemName><ManufacturerName>יוגטה</ManufacturerName><ManufactureCountry>ישראל</ManufactureCountry><ManufacturerItemDescription>מסטיק יוגטה ג'ולים 1</ManufacturerItemDescription><SoldByWeight/><Quantity>180.00</Quantity><UnitOfMeasure>גרם     </UnitOfMeasure><QtyInPackage>לא ידוע</QtyInPackage><UnitOfMeasurePrice>0.0572</UnitOfMeasurePrice><AllowDiscount>1</AllowDiscount><ItemStatus>1</ItemStatus><ItemPrice>10.30</ItemPrice></item><item><PriceUpdateDate>2015-11-12 17:56:03</PriceUpdateDate><ItemCode>7290000459929</ItemCode><ItemType>1</ItemType><ItemName>מסטיק יוגטה צ'יקלט 2</ItemName><ManufacturerName>יוגטה</ManufacturerName><ManufactureCountry>ישראל</ManufactureCountry><ManufacturerItemDescription>מסטיק יוגטה צ'יקלט 2</ManufacturerItemDescription><SoldByWeight/><Quantity>250.00</Quantity><UnitOfMeasure>גרם     </UnitOfMeasure><QtyInPackage>לא ידוע</QtyInPackage><UnitOfMeasurePrice>0.0464</UnitOfMeasurePrice><AllowDiscount>1</AllowDiscount><ItemStatus>1</ItemStatus><ItemPrice>11.60</ItemPrice></item><item><PriceUpdateDate>2016-03-01 06:48:40</PriceUpdateDate><ItemCode>7290000459943</ItemCode><ItemType>1</ItemType><ItemName>משקה ג'אמפ תפוחים 1.</ItemName><ManufacturerName>גאמפ</ManufacturerName><ManufactureCountry>ישראל</ManufactureCountry><ManufacturerItemDescription>משקה ג'אמפ תפוחים 1.</ManufacturerItemDescription><SoldByWeight/><Quantity>1500.00</Quantity><UnitOfMeasure>מ"ל</UnitOfMeasure><QtyInPackage>לא ידוע</QtyInPackage><UnitOfMeasurePrice>0.0046</UnitOfMeasurePrice><AllowDiscount>1</AllowDiscount><ItemStatus>1</ItemStatus><ItemPrice>6.90</ItemPrice></item><item><PriceUpdateDate>2016-05-30 22:02:20</PriceUpdateDate><ItemCode>7290000460215</ItemCode><ItemType>1</ItemType><ItemName>מב בורקס פילו מילוי</ItemName><ManufacturerName>מעדנות</ManufacturerName><ManufactureCountry>ישראל</ManufactureCountry><ManufacturerItemDescription>בורקס פילו במילוי גבינה 6</ManufacturerItemDescription><SoldByWeight/><Quantity>600.00</Quantity><UnitOfMeasure>גרם     </UnitOfMeasure><QtyInPackage>לא ידוע</QtyInPackage><UnitOfMeasurePrice>0.0265</UnitOfMeasurePrice><AllowDiscount>1</AllowDiscount><ItemStatus>1</ItemStatus><ItemPrice>15.90</ItemPrice></item><item><PriceUpdateDate>2016-05-30 22:02:20</PriceUpdateDate><ItemCode>7290000460222</ItemCode><ItemType>1</ItemType><ItemName>מב בורקס פילו מילוי</ItemName><ManufacturerName>מעדנות</ManufacturerName><ManufactureCountry>ישראל</ManufactureCountry><ManufacturerItemDescription>בורקס פילו במילוי תפוא 60</ManufacturerItemDescription><SoldByWeight/><Quantity>600.00</Quantity><UnitOfMeasure>גרם     </UnitOfMeasure><QtyInPackage>לא ידוע</QtyInPackage><UnitOfMeasurePrice>0.0265</UnitOfMeasurePrice><AllowDiscount>1</AllowDiscount><ItemStatus>1</ItemStatus><ItemPrice>15.90</ItemPrice></item><item><PriceUpdateDate>2016-05-30 22:02:20</PriceUpdateDate><ItemCode>7290000460239</ItemCode><ItemType>1</ItemType><ItemName>מב בורקס פילו פיצה 6</ItemName><ManufacturerName>מעדנות</ManufacturerName><ManufactureCountry>ישראל</ManufactureCountry><ManufacturerItemDescription>בורקס פילו פיצה</ManufacturerItemDescription><SoldByWeight/><Quantity>600.00</Quantity><UnitOfMeasure>גרם     </UnitOfMeasure><QtyInPackage>לא ידוע</QtyInPackage><UnitOfMeasurePrice>0.0265</UnitOfMeasurePrice><AllowDiscount>1</AllowDiscount><ItemStatus>1</ItemStatus><ItemPrice>15.90</ItemPrice></item><item><PriceUpdateDate>2015-11-12 15:05:00</PriceUpdateDate><ItemCode>7290000460666</ItemCode><ItemType>1</ItemType><ItemName>ספריי למייבש בדין כח</ItemName><ManufacturerName>בדין</ManufacturerName><ManufactureCountry>ישראל</ManufactureCountry><ManufacturerItemDescription>ספריי למייבש בדין כח</ManufacturerItemDescription><SoldByWeight/><Quantity>1000.00</Quantity><UnitOfMeasure>מ"ל</UnitOfMeasure><QtyInPackage>לא ידוע</QtyInPackage><UnitOfMeasurePrice>0.0217</UnitOfMeasurePrice><AllowDiscount>1</AllowDiscount><ItemStatus>1</ItemStatus><ItemPrice>21.70</ItemPrice></item><item><PriceUpdateDate>2015-11-12 15:05:00</PriceUpdateDate><ItemCode>7290000460673</ItemCode><ItemType>1</ItemType><ItemName>ספריי למייבש בדין ור</ItemName><ManufacturerName>בדין</ManufacturerName><ManufactureCountry>ישראל</ManufactureCountry><ManufacturerItemDescription>ספריי למייבש בדין ור</ManufacturerItemDescription><SoldByWeight/><Quantity>1000.00</Quantity><UnitOfMeasure>מ"ל</UnitOfMeasure><QtyInPackage>לא ידוע</QtyInPackage><UnitOfMeasurePrice>0.0217</UnitOfMeasurePrice><AllowDiscount>1</AllowDiscount><ItemStatus>1</ItemStatus><ItemPrice>21.70</ItemPrice></item><item><PriceUpdateDate>2016-05-30 22:02:20</PriceUpdateDate><ItemCode>7290000460758</ItemCode><ItemType>1</ItemType><ItemName>פתית 250 גרם</ItemName><ManufacturerName>פתית</ManufacturerName><ManufactureCountry>ישראל</ManufactureCountry><ManufacturerItemDescription>פתית 250 גרם</ManufacturerItemDescription><SoldByWeight/><Quantity>250.00</Quantity><UnitOfMeasure>גרם     </UnitOfMeasure><QtyInPackage>לא ידוע</QtyInPackage><UnitOfMeasurePrice>0.0708</UnitOfMeasurePrice><AllowDiscount>1</AllowDiscount><ItemStatus>1</ItemStatus><ItemPrice>17.70</ItemPrice></item><item><PriceUpdateDate>2016-05-30 22:02:20</PriceUpdateDate><ItemCode>7290000460765</ItemCode><ItemType>1</ItemType><ItemName>פתית 300 גרם</ItemName><ManufacturerName>פתית</ManufacturerName><ManufactureCountry>ישראל</ManufactureCountry><ManufacturerItemDescription>פתית שיפון 300 גרם</ManufacturerItemDescription><SoldByWeight/><Quantity>300.00</Quantity><UnitOfMeasure>גרם     </UnitOfMeasure><QtyInPackage>לא ידוע</QtyInPackage><UnitOfMeasurePrice>0.0590</UnitOfMeasurePrice><AllowDiscount>1</AllowDiscount><ItemStatus>1</ItemStatus><ItemPrice>17.70</ItemPrice></item><item><PriceUpdateDate>2016-02-02 06:50:04</PriceUpdateDate><ItemCode>7290000460925</ItemCode><ItemType>1</ItemType><ItemName>ממרח צ'ילי 400 גרם</ItemName><ManufacturerName>הלמנס</ManufacturerName><ManufactureCountry>ישראל</ManufactureCountry><ManufacturerItemDescription>ממרח צ'ילי 400 גרם</ManufacturerItemDescription><SoldByWeight/><Quantity>400.00</Quantity><UnitOfMeasure>גרם     </UnitOfMeasure><QtyInPackage>לא ידוע</QtyInPackage><UnitOfMeasurePrice>0.0460</UnitOfMeasurePrice><AllowDiscount>1</AllowDiscount><ItemStatus>1</ItemStatus><ItemPrice>18.40</ItemPrice></item><item><PriceUpdateDate>2016-02-02 06:50:04</PriceUpdateDate><ItemCode>7290000460949</ItemCode><ItemType>1</ItemType><ItemName>ממרח שום שמן זית 400</ItemName><ManufacturerName>הלמנס</ManufacturerName><ManufactureCountry>ישראל</ManufactureCountry><ManufacturerItemDescription>ממרח שום שמן זית 400</ManufacturerItemDescription><SoldByWeight/><Quantity>400.00</Quantity><UnitOfMeasure>גרם     </UnitOfMeasure><QtyInPackage>לא ידוע</QtyInPackage><UnitOfMeasurePrice>0.0460</UnitOfMeasurePrice><AllowDiscount>1</AllowDiscount><ItemStatus>1</ItemStatus><ItemPrice>18.40</ItemPrice></item><item><PriceUpdateDate>2016-05-30 22:02:20</PriceUpdateDate><ItemCode>7290000461250</ItemCode><ItemType>1</ItemType><ItemName>מרכך כביסה בדין אקסט</ItemName><ManufacturerName>בדין</ManufacturerName><ManufactureCountry>ישראל</ManufactureCountry><ManufacturerItemDescription>מרכך כביסה בדין  960 מ"ל</ManufacturerItemDescription><SoldByWeight/><Quantity>960.00</Quantity><UnitOfMeasure>מ"ל</UnitOfMeasure><QtyInPackage>לא ידוע</QtyInPackage><UnitOfMeasurePrice>0.0176</UnitOfMeasurePrice><AllowDiscount>0</AllowDiscount><ItemStatus>1</ItemStatus><ItemPrice>16.90</ItemPrice></item><item><PriceUpdateDate>2016-05-30 22:02:20</PriceUpdateDate><ItemCode>7290000461267</ItemCode><ItemType>1</ItemType><ItemName>מרכך כביסה בדין אקסט</ItemName><ManufacturerName>בדין</ManufacturerName><ManufactureCountry>ישראל</ManufactureCountry><ManufacturerItemDescription>מרכך כביסה בדין  960 מ"ל</ManufacturerItemDescription><SoldByWeight/><Quantity>960.00</Quantity><UnitOfMeasure>מ"ל</UnitOfMeasure><QtyInPackage>לא ידוע</QtyInPackage><UnitOfMeasurePrice>0.0176</UnitOfMeasurePrice><AllowDiscount>0</AllowDiscount><ItemStatus>1</ItemStatus><ItemPrice>16.90</ItemPrice></item><item><PriceUpdateDate>2016-05-30 22:02:20</PriceUpdateDate><ItemCode>7290000461274</ItemCode><ItemType>1</ItemType><ItemName>מרכך כביסה בדין אקסט</ItemName><ManufacturerName>בדין</ManufacturerName><ManufactureCountry>ישראל</ManufactureCountry><ManufacturerItemDescription>מרכך כביסה בדין  960 מ"ל</ManufacturerItemDescription><SoldByWeight/><Quantity>960.00</Quantity><UnitOfMeasure>מ"ל</UnitOfMeasure><QtyInPackage>לא ידוע</QtyInPackage><UnitOfMeasurePrice>0.0176</UnitOfMeasurePrice><AllowDiscount>0</AllowDiscount><ItemStatus>1</ItemStatus><ItemPrice>16.90</ItemPrice></item><item><PriceUpdateDate>2014-11-03 06:37:05</PriceUpdateDate><ItemCode>7290000461298</ItemCode><ItemType>1</ItemType><ItemName>גרנולה צימוקים ושקדי</ItemName><ManufacturerName>לא ידוע</ManufacturerName><ManufactureCountry>ישראל</ManufactureCountry><ManufacturerItemDescription>גרנולה צימוקים ושקדים 400</ManufacturerItemDescription><SoldByWeight/><Quantity>400.00</Quantity><UnitOfMeasure>גרם     </UnitOfMeasure><QtyInPackage>לא ידוע</QtyInPackage><UnitOfMeasurePrice>0.0597</UnitOfMeasurePrice><AllowDiscount>1</AllowDiscount><ItemStatus>1</ItemStatus><ItemPrice>23.90</ItemPrice></item><item><PriceUpdateDate>2016-02-02 06:50:04</PriceUpdateDate><ItemCode>7290000461311</ItemCode><ItemType>1</ItemType><ItemName>תבשיל אורז מג'דרה 13</ItemName><ManufacturerName>קנור</ManufacturerName><ManufactureCountry>ישראל</ManufactureCountry><ManufacturerItemDescription>תבשיל קנור אורז מגדרה133</ManufacturerItemDescription><SoldByWeight/><Quantity>133.00</Quantity><UnitOfMeasure>גרם     </UnitOfMeasure><QtyInPackage>לא ידוע</QtyInPackage><UnitOfMeasurePrice>0.0955</UnitOfMeasurePrice><AllowDiscount>1</AllowDiscount><ItemStatus>1</ItemStatus><ItemPrice>12.70</ItemPrice></item><item><PriceUpdateDate>2016-02-02 06:50:05</PriceUpdateDate><ItemCode>7290000461458</ItemCode><ItemType>1</ItemType><ItemName>רוטב הלמנס לסלט אלף</ItemName><ManufacturerName>הלמנס</ManufacturerName><ManufactureCountry>ישראל</ManufactureCountry><ManufacturerItemDescription>רוטב הלמנס לסלט אלף</ManufacturerItemDescription><SoldByWeight/><Quantity>290.00</Quantity><UnitOfMeasure>מ"ל</UnitOfMeasure><QtyInPackage>לא ידוע</QtyInPackage><UnitOfMeasurePrice>0.0493</UnitOfMeasurePrice><AllowDiscount>1</AllowDiscount><ItemStatus>1</ItemStatus><ItemPrice>14.30</ItemPrice></item><item><PriceUpdateDate>2016-02-02 06:50:05</PriceUpdateDate><ItemCode>7290000461557</ItemCode><ItemType>1</ItemType><ItemName>מרק עשיר שעועית 98 ג</ItemName><ManufacturerName>קנור</ManufacturerName><ManufactureCountry>ישראל</ManufactureCountry><ManufacturerItemDescription>מרק עשיר שעועית 98 ג</ManufacturerItemDescription><SoldByWeight/><Quantity>98.00</Quantity><UnitOfMeasure>גרם     </UnitOfMeasure><QtyInPackage>לא ידוע</QtyInPackage><UnitOfMeasurePrice>0.1439</UnitOfMeasurePrice><AllowDiscount>1</AllowDiscount><ItemStatus>1</ItemStatus><ItemPrice>14.10</ItemPrice></item><item><PriceUpdateDate>2015-10-11 10:46:07</PriceUpdateDate><ItemCode>7290000461571</ItemCode><ItemType>1</ItemType><ItemName>מרק נמס בכוס ועוד ט.</ItemName><ManufacturerName>קנור</ManufacturerName><ManufactureCountry>ישראל</ManufactureCountry><ManufacturerItemDescription>מרק נמס בכוס ועוד ט.</ManufacturerItemDescription><SoldByWeight/><Quantity>50.00</Quantity><UnitOfMeasure>גרם     </UnitOfMeasure><QtyInPackage>לא ידוע</QtyInPackage><UnitOfMeasurePrice>0.1660</UnitOfMeasurePrice><AllowDiscount>1</AllowDiscount><ItemStatus>1</ItemStatus><ItemPrice>8.30</ItemPrice></item><item><PriceUpdateDate>2016-05-01 21:46:35</PriceUpdateDate><ItemCode>7290000461625</ItemCode><ItemType>1</ItemType><ItemName>מב בייגלה שמיניות עם</ItemName><ManufacturerName>בייגל בייגל</ManufacturerName><ManufactureCountry>ישראל</ManufactureCountry><ManufacturerItemDescription>בייגלה שמיניות 400 גר</ManufacturerItemDescription><SoldByWeight/><Quantity>400.00</Quantity><UnitOfMeasure>גרם     </UnitOfMeasure><QtyInPackage>לא ידוע</QtyInPackage><UnitOfMeasurePrice>0.0248</UnitOfMeasurePrice><AllowDiscount>1</AllowDiscount><ItemStatus>1</ItemStatus><ItemPrice>9.90</ItemPrice></item><item><PriceUpdateDate>2016-05-01 21:46:35</PriceUpdateDate><ItemCode>7290000461656</ItemCode><ItemType>1</ItemType><ItemName>מב בייגל אחד אחד 400</ItemName><ManufacturerName>בייגל בייגל</ManufacturerName><ManufactureCountry>ישראל</ManufactureCountry><ManufacturerItemDescription>מב בייגל אחד אחד 400</ManufacturerItemDescription><SoldByWeight/><Quantity>400.00</Quantity><UnitOfMeasure>גרם     </UnitOfMeasure><QtyInPackage>לא ידוע</QtyInPackage><UnitOfMeasurePrice>0.0248</UnitOfMeasurePrice><AllowDiscount>1</AllowDiscount><ItemStatus>1</ItemStatus><ItemPrice>9.90</ItemPrice></item><item><PriceUpdateDate>2015-11-12 14:29:41</PriceUpdateDate><ItemCode>7290000461700</ItemCode><ItemType>1</ItemType><ItemName>בייגלה שמיניות גדולו</ItemName><ManufacturerName>בייגל בייגל</ManufacturerName><ManufactureCountry>ישראל</ManufactureCountry><ManufacturerItemDescription>ביגל גדול גדול 400 גר</ManufacturerItemDescription><SoldByWeight/><Quantity>400.00</Quantity><UnitOfMeasure>גרם     </UnitOfMeasure><QtyInPackage>לא ידוע</QtyInPackage><UnitOfMeasurePrice>0.0385</UnitOfMeasurePrice><AllowDiscount>1</AllowDiscount><ItemStatus>1</ItemStatus><ItemPrice>15.40</ItemPrice></item><item><PriceUpdateDate>2015-11-12 14:29:46</PriceUpdateDate><ItemCode>7290000461724</ItemCode><ItemType>1</ItemType><ItemName>בייגל גדול גדול שומש</ItemName><ManufacturerName>בייגל בייגל</ManufacturerName><ManufactureCountry>ישראל</ManufactureCountry><ManufacturerItemDescription>בייגל גדול גדול שומש</ManufacturerItemDescription><SoldByWeight/><Quantity>400.00</Quantity><UnitOfMeasure>גרם     </UnitOfMeasure><QtyInPackage>לא ידוע</QtyInPackage><UnitOfMeasurePrice>0.0425</UnitOfMeasurePrice><AllowDiscount>1</AllowDiscount><ItemStatus>1</ItemStatus><ItemPrice>17.00</ItemPrice></item><item><PriceUpdateDate>2016-05-30 22:03:33</PriceUpdateDate><ItemCode>7290000461861</ItemCode><ItemType>1</ItemType><ItemName>מב בייגלה דג דג 400</ItemName><ManufacturerName>בייגל בייגל</ManufacturerName><ManufactureCountry>ישראל</ManufactureCountry><ManufacturerItemDescription>חטיפי קוקטייל דג דג 400 ג</ManufacturerItemDescription><SoldByWeight/><Quantity>400.00</Quantity><UnitOfMeasure>גרם     </UnitOfMeasure><QtyInPackage>לא ידוע</QtyInPackage><UnitOfMeasurePrice>0.0273</UnitOfMeasurePrice><AllowDiscount>1</AllowDiscount><ItemStatus>1</ItemStatus><ItemPrice>10.90</ItemPrice></item><item><PriceUpdateDate>2015-11-16 09:47:12</PriceUpdateDate><ItemCode>7290000462103</ItemCode><ItemType>1</ItemType><ItemName>סחוג אדום חריף עדין</ItemName><ManufacturerName>זהבי הכרם</ManufacturerName><ManufactureCountry>ישראל</ManufactureCountry><ManufacturerItemDescription>סחוג150 גר .בצנצנת</ManufacturerItemDescription><SoldByWeight/><Quantity>150.00</Quantity><UnitOfMeasure>גרם     </UnitOfMeasure><QtyInPackage>לא ידוע</QtyInPackage><UnitOfMeasurePrice>0.0627</UnitOfMeasurePrice><AllowDiscount>1</AllowDiscount><ItemStatus>1</ItemStatus><ItemPrice>9.40</ItemPrice></item><item><PriceUpdateDate>2015-11-16 09:47:12</PriceUpdateDate><ItemCode>7290000462141</ItemCode><ItemType>1</ItemType><ItemName>סחוג חריף מאוד זהבי</ItemName><ManufacturerName>זהבי הכרם</ManufacturerName><ManufactureCountry>ישראל</ManufactureCountry><ManufacturerItemDescription>סחוג חריף מאוד זהבי</ManufacturerItemDescription><SoldByWeight/><Quantity>150.00</Quantity><UnitOfMeasure>גרם     </UnitOfMeasure><QtyInPackage>לא ידוע</QtyInPackage><UnitOfMeasurePrice>0.0647</UnitOfMeasurePrice><AllowDiscount>1</AllowDiscount><ItemStatus>1</ItemStatus><ItemPrice>9.70</ItemPrice></item><item><PriceUpdateDate>2015-10-21 16:18:26</PriceUpdateDate><ItemCode>7290000462288</ItemCode><ItemType>1</ItemType><ItemName>רוטב אלף האיים 9 ליי</ItemName><ManufacturerName>אסם</ManufacturerName><ManufactureCountry>ישראל</ManufactureCountry><ManufacturerItemDescription>רוטב אלף האיים 9 ליי</ManufacturerItemDescription><SoldByWeight/><Quantity>600.00</Quantity><UnitOfMeasure>מ"ל</UnitOfMeasure><QtyInPackage>לא ידוע</QtyInPackage><UnitOfMeasurePrice>0.0373</UnitOfMeasurePrice><AllowDiscount>1</AllowDiscount><ItemStatus>1</ItemStatus><ItemPrice>22.40</ItemPrice></item><item><PriceUpdateDate>2015-11-12 18:18:33</PriceUpdateDate><ItemCode>7290000462295</ItemCode><ItemType>1</ItemType><ItemName>ערגליות שוקו  900 גר</ItemName><ManufacturerName>אסם</ManufacturerName><ManufactureCountry>ישראל</ManufactureCountry><ManufacturerItemDescription>ערגליות שוקו  900 גר</ManufacturerItemDescription><SoldByWeight/><Quantity>900.00</Quantity><UnitOfMeasure>גרם     </UnitOfMeasure><QtyInPackage>לא ידוע</QtyInPackage><UnitOfMeasurePrice>0.0290</UnitOfMeasurePrice><AllowDiscount>1</AllowDiscount><ItemStatus>1</ItemStatus><ItemPrice>26.10</ItemPrice></item><item><PriceUpdateDate>2015-11-12 18:18:33</PriceUpdateDate><ItemCode>7290000462301</ItemCode><ItemType>1</ItemType><ItemName>ערגליות תות שדה 900</ItemName><ManufacturerName>לא ידוע</ManufacturerName><ManufactureCountry>ישראל</ManufactureCountry><ManufacturerItemDescription>ערגליות תות שדה 900</ManufacturerItemDescription><SoldByWeight/><Quantity>900.00</Quantity><UnitOfMeasure>גרם     </UnitOfMeasure><QtyInPackage>לא ידוע</QtyInPackage><UnitOfMeasurePrice>0.0290</UnitOfMeasurePrice><AllowDiscount>1</AllowDiscount><ItemStatus>1</ItemStatus><ItemPrice>26.10</ItemPrice></item><item><PriceUpdateDate>2016-05-30 22:02:20</PriceUpdateDate><ItemCode>7290000462318</ItemCode><ItemType>1</ItemType><ItemName>מנה חמה נודלס בסגנון</ItemName><ManufacturerName>אסם</ManufacturerName><ManufactureCountry>ישראל</ManufactureCountry><ManufacturerItemDescription>מנה חמה נודלס בסגנון</ManufacturerItemDescription><SoldByWeight/><Quantity>76.00</Quantity><UnitOfMeasure>גרם     </UnitOfMeasure><QtyInPackage>לא ידוע</QtyInPackage><UnitOfMeasurePrice>0.0776</UnitOfMeasurePrice><AllowDiscount>1</AllowDiscount><ItemStatus>1</ItemStatus><ItemPrice>5.90</ItemPrice></item><item><PriceUpdateDate>2016-05-30 22:02:20</PriceUpdateDate><ItemCode>7290000462325</ItemCode><ItemType>1</ItemType><ItemName>מנה חמה נודלס בסגנון</ItemName><ManufacturerName>אסם</ManufacturerName><ManufactureCountry>ישראל</ManufactureCountry><ManufacturerItemDescription>מנה חמה נודלס   'ואן76גר</ManufacturerItemDescription><SoldByWeight/><Quantity>76.00</Quantity><UnitOfMeasure>גרם     </UnitOfMeasure><QtyInPackage>לא ידוע</QtyInPackage><UnitOfMeasurePrice>0.0776</UnitOfMeasurePrice><AllowDiscount>1</AllowDiscount><ItemStatus>1</ItemStatus><ItemPrice>5.90</ItemPrice></item><item><PriceUpdateDate>2015-09-30 23:37:38</PriceUpdateDate><ItemCode>7290000462349</ItemCode><ItemType>1</ItemType><ItemName>פירורית זהב 350 גרם</ItemName><ManufacturerName>פירורית</ManufacturerName><ManufactureCountry>ישראל</ManufactureCountry><ManufacturerItemDescription>פירורית זהב 350 גרם</ManufacturerItemDescription><SoldByWeight/><Quantity>350.00</Quantity><UnitOfMeasure>גרם     </UnitOfMeasure><QtyInPackage>לא ידוע</QtyInPackage><UnitOfMeasurePrice>0.0246</UnitOfMeasurePrice><AllowDiscount>1</AllowDiscount><ItemStatus>1</ItemStatus><ItemPrice>8.60</ItemPrice></item><item><PriceUpdateDate>2015-11-12 18:18:33</PriceUpdateDate><ItemCode>7290000462356</ItemCode><ItemType>1</ItemType><ItemName>פירורית רגילה  350 ג</ItemName><ManufacturerName>פירורית</ManufacturerName><ManufactureCountry>ישראל</ManufactureCountry><ManufacturerItemDescription>פירורית רגילה  350 ג</ManufacturerItemDescription><SoldByWeight/><Quantity>350.00</Quantity><UnitOfMeasure>גרם     </UnitOfMeasure><QtyInPackage>לא ידוע</QtyInPackage><UnitOfMeasurePrice>0.0246</UnitOfMeasurePrice><AllowDiscount>1</AllowDiscount><ItemStatus>1</ItemStatus><ItemPrice>8.60</ItemPrice></item><item><PriceUpdateDate>2015-10-21 16:18:26</PriceUpdateDate><ItemCode>7290000462394</ItemCode><ItemType>1</ItemType><ItemName>רוטב סויה בסיגנון סי</ItemName><ManufacturerName>אסם</ManufacturerName><ManufactureCountry>ישראל</ManufactureCountry><ManufacturerItemDescription>רוטב סויה בסיגנון סי</ManufacturerItemDescription><SoldByWeight/><Quantity>600.00</Quantity><UnitOfMeasure>מ"ל</UnitOfMeasure><QtyInPackage>לא ידוע</QtyInPackage><UnitOfMeasurePrice>0.0373</UnitOfMeasurePrice><AllowDiscount>1</AllowDiscount><ItemStatus>1</ItemStatus><ItemPrice>22.40</ItemPrice></item><item><PriceUpdateDate>2016-05-30 22:02:20</PriceUpdateDate><ItemCode>7290000462400</ItemCode><ItemType>1</ItemType><ItemName>מארז חטיף אפרופו 3*5</ItemName><ManufacturerName>אסם</ManufacturerName><ManufactureCountry>ישראל</ManufactureCountry><ManufacturerItemDescription>מארז חטיף אפרופו 3*5</ManufacturerItemDescription><SoldByWeight/><Quantity>150.00</Quantity><UnitOfMeasure>גרם     </UnitOfMeasure><QtyInPackage>לא ידוע</QtyInPackage><UnitOfMeasurePrice>0.0947</UnitOfMeasurePrice><AllowDiscount>1</AllowDiscount><ItemStatus>1</ItemStatus><ItemPrice>14.20</ItemPrice></item><item><PriceUpdateDate>2016-05-30 22:02:21</PriceUpdateDate><ItemCode>7290000462417</ItemCode><ItemType>1</ItemType><ItemName>מב רוטב שום 290 מ"ל</ItemName><ManufacturerName>אסם</ManufacturerName><ManufactureCountry>ישראל</ManufactureCountry><ManufacturerItemDescription>מב רוטב שום 290 מ"ל</ManufacturerItemDescription><SoldByWeight/><Quantity>290.00</Quantity><UnitOfMeasure>מ"ל</UnitOfMeasure><QtyInPackage>לא ידוע</QtyInPackage><UnitOfMeasurePrice>0.0376</UnitOfMeasurePrice><AllowDiscount>1</AllowDiscount><ItemStatus>1</ItemStatus><ItemPrice>10.90</ItemPrice></item><item><PriceUpdateDate>2015-10-21 08:14:12</PriceUpdateDate><ItemCode>7290000462462</ItemCode><ItemType>1</ItemType><ItemName>לחמית בצל 230 גרם</ItemName><ManufacturerName>לא ידוע</ManufacturerName><ManufactureCountry>ישראל</ManufactureCountry><ManufacturerItemDescription>לחמית בצל 230 גר</ManufacturerItemDescription><SoldByWeight/><Quantity>230.00</Quantity><UnitOfMeasure>גרם     </UnitOfMeasure><QtyInPackage>לא ידוע</QtyInPackage><UnitOfMeasurePrice>0.0430</UnitOfMeasurePrice><AllowDiscount>1</AllowDiscount><ItemStatus>1</ItemStatus><ItemPrice>9.90</ItemPrice></item><item><PriceUpdateDate>2016-05-30 22:02:21</PriceUpdateDate><ItemCode>7290000462523</ItemCode><ItemType>1</ItemType><ItemName>רוטב ברביקיו 290 מ"ל</ItemName><ManufacturerName>אסם</ManufacturerName><ManufactureCountry>ישראל</ManufactureCountry><ManufacturerItemDescription>רוטב ברביקיו 290 מל</ManufacturerItemDescription><SoldByWeight/><Quantity>290.00</Quantity><UnitOfMeasure>מ"ל</UnitOfMeasure><QtyInPackage>לא ידוע</QtyInPackage><UnitOfMeasurePrice>0.0362</UnitOfMeasurePrice><AllowDiscount>1</AllowDiscount><ItemStatus>1</ItemStatus><ItemPrice>10.50</ItemPrice></item><item><PriceUpdateDate>2016-02-02 06:50:05</PriceUpdateDate><ItemCode>7290000462585</ItemCode><ItemType>1</ItemType><ItemName>פירה 260 גרם</ItemName><ManufacturerName>אסם</ManufacturerName><ManufactureCountry>ישראל</ManufactureCountry><ManufacturerItemDescription>תבשיל פירה 260 גרם</ManufacturerItemDescription><SoldByWeight/><Quantity>260.00</Quantity><UnitOfMeasure>גרם     </UnitOfMeasure><QtyInPackage>לא ידוע</QtyInPackage><UnitOfMeasurePrice>0.0608</UnitOfMeasurePrice><AllowDiscount>1</AllowDiscount><ItemStatus>1</ItemStatus><ItemPrice>15.80</ItemPrice></item><item><PriceUpdateDate>2014-11-03 06:37:00</PriceUpdateDate><ItemCode>7290000462660</ItemCode><ItemType>1</ItemType><ItemName>פודינג וניל עם פצפוצ</ItemName><ManufacturerName>אסם</ManufacturerName><ManufactureCountry>ישראל</ManufactureCountry><ManufacturerItemDescription>פודינג וניל עם פצפוצ</ManufacturerItemDescription><SoldByWeight/><Quantity>110.00</Quantity><UnitOfMeasure>גרם     </UnitOfMeasure><QtyInPackage>לא ידוע</QtyInPackage><UnitOfMeasurePrice>0.0718</UnitOfMeasurePrice><AllowDiscount>1</AllowDiscount><ItemStatus>1</ItemStatus><ItemPrice>7.90</ItemPrice></item><item><PriceUpdateDate>2016-03-01 06:48:40</PriceUpdateDate><ItemCode>7290000462783</ItemCode><ItemType>1</ItemType><ItemName>במבה במילוי נוגט 60</ItemName><ManufacturerName>במבה</ManufacturerName><ManufactureCountry>ישראל</ManufactureCountry><ManufacturerItemDescription>במבה במילוי נוגט 60 גרם</ManufacturerItemDescription><SoldByWeight/><Quantity>60.00</Quantity><UnitOfMeasure>גרם     </UnitOfMeasure><QtyInPackage>לא ידוע</QtyInPackage><UnitOfMeasurePrice>0.0933</UnitOfMeasurePrice><AllowDiscount>1</AllowDiscount><ItemStatus>1</ItemStatus><ItemPrice>5.60</ItemPrice></item><item><PriceUpdateDate>2016-01-05 08:48:23</PriceUpdateDate><ItemCode>7290000462851</ItemCode><ItemType>1</ItemType><ItemName>פייבר וואן 460 גרם</ItemName><ManufacturerName>נסטלה</ManufacturerName><ManufactureCountry>ארצות הברית</ManufactureCountry><ManufacturerItemDescription>ספגטי עתיר סיביםר בסיבים</ManufacturerItemDescription><SoldByWeight/><Quantity>460.00</Quantity><UnitOfMeasure>גרם     </UnitOfMeasure><QtyInPackage>לא ידוע</QtyInPackage><UnitOfMeasurePrice>0.0607</UnitOfMeasurePrice><AllowDiscount>1</AllowDiscount><ItemStatus>1</ItemStatus><ItemPrice>27.90</ItemPrice></item><item><PriceUpdateDate>2016-05-04 07:15:21</PriceUpdateDate><ItemCode>7290000462875</ItemCode><ItemType>1</ItemType><ItemName>מב האני נאט צ'יריוס</ItemName><ManufacturerName>הני נט צריוס</ManufacturerName><ManufactureCountry>ארצות הברית</ManufactureCountry><ManufacturerItemDescription>חטיף ביסקוויט   ם חלב32ג</ManufacturerItemDescription><SoldByWeight/><Quantity>615.00</Quantity><UnitOfMeasure>גרם     </UnitOfMeasure><QtyInPackage>לא ידוע</QtyInPackage><UnitOfMeasurePrice>0.0324</UnitOfMeasurePrice><AllowDiscount>1</AllowDiscount><ItemStatus>1</ItemStatus><ItemPrice>19.90</ItemPrice></item><item><PriceUpdateDate>2016-05-30 22:02:21</PriceUpdateDate><ItemCode>7290000462882</ItemCode><ItemType>1</ItemType><ItemName>מב מרק בטעם עוף זך ע</ItemName><ManufacturerName>אסם</ManufacturerName><ManufactureCountry>ישראל</ManufactureCountry><ManufacturerItemDescription>מרק טעם עוף זך עדיף 400 ג</ManufacturerItemDescription><SoldByWeight/><Quantity>400.00</Quantity><UnitOfMeasure>גרם     </UnitOfMeasure><QtyInPackage>לא ידוע</QtyInPackage><UnitOfMeasurePrice>0.0373</UnitOfMeasurePrice><AllowDiscount>0</AllowDiscount><ItemStatus>1</ItemStatus><ItemPrice>14.90</ItemPrice></item><item><PriceUpdateDate>2016-02-16 15:55:39</PriceUpdateDate><ItemCode>7290000463018</ItemCode><ItemType>1</ItemType><ItemName>שוקולד פרה עם סוכריו</ItemName><ManufacturerName>פרה</ManufacturerName><ManufactureCountry>ישראל</ManufactureCountry><ManufacturerItemDescription>שוקולד פרה עם סוכריו</ManufacturerItemDescription><SoldByWeight/><Quantity>85.00</Quantity><UnitOfMeasure>גרם     </UnitOfMeasure><QtyInPackage>לא ידוע</QtyInPackage><UnitOfMeasurePrice>0.0812</UnitOfMeasurePrice><AllowDiscount>0</AllowDiscount><ItemStatus>1</ItemStatus><ItemPrice>6.90</ItemPrice></item><item><PriceUpdateDate>2016-05-01 21:46:08</PriceUpdateDate><ItemCode>7290000463070</ItemCode><ItemType>1</ItemType><ItemName>מיני טעמי 190 גרם</ItemName><ManufacturerName>טעמי</ManufacturerName><ManufactureCountry>ישראל</ManufactureCountry><ManufacturerItemDescription>מיני טעמי 190 גרם</ManufacturerItemDescription><SoldByWeight/><Quantity>190.00</Quantity><UnitOfMeasure>גרם     </UnitOfMeasure><QtyInPackage>לא ידוע</QtyInPackage><UnitOfMeasurePrice>0.0889</UnitOfMeasurePrice><AllowDiscount>1</AllowDiscount><ItemStatus>1</ItemStatus><ItemPrice>16.90</ItemPrice></item><item><PriceUpdateDate>2016-05-01 21:46:08</PriceUpdateDate><ItemCode>7290000463087</ItemCode><ItemType>1</ItemType><ItemName>חטיפי מיני עלית מיקס</ItemName><ManufacturerName>עלית</ManufacturerName><ManufactureCountry>ישראל</ManufactureCountry><ManufacturerItemDescription>מיקס מעורב 190 גרם</ManufacturerItemDescription><SoldByWeight/><Quantity>190.00</Quantity><UnitOfMeasure>גרם     </UnitOfMeasure><QtyInPackage>לא ידוע</QtyInPackage><UnitOfMeasurePrice>0.0889</UnitOfMeasurePrice><AllowDiscount>1</AllowDiscount><ItemStatus>1</ItemStatus><ItemPrice>16.90</ItemPrice></item><item><PriceUpdateDate>2016-05-30 22:02:21</PriceUpdateDate><ItemCode>7290000463094</ItemCode><ItemType>1</ItemType><ItemName>חטיפי מיני עלית מיקס</ItemName><ManufacturerName>מיקס</ManufacturerName><ManufactureCountry>ישראל</ManufactureCountry><ManufacturerItemDescription>חטיפי מיני עלית מיקס</ManufacturerItemDescription><SoldByWeight/><Quantity>390.00</Quantity><UnitOfMeasure>גרם     </UnitOfMeasure><QtyInPackage>לא ידוע</QtyInPackage><UnitOfMeasurePrice>0.0587</UnitOfMeasurePrice><AllowDiscount>1</AllowDiscount><ItemStatus>1</ItemStatus><ItemPrice>22.90</ItemPrice></item><item><PriceUpdateDate>2015-11-12 18:18:36</PriceUpdateDate><ItemCode>7290000463124</ItemCode><ItemType>1</ItemType><ItemName>זית מנזנילו ירוק גדו</ItemName><ManufacturerName>בית השיטה</ManufacturerName><ManufactureCountry>ישראל</ManufactureCountry><ManufacturerItemDescription>זית מנזנילו ירוק גדו</ManufacturerItemDescription><SoldByWeight/><Quantity>560.00</Quantity><UnitOfMeasure>גרם     </UnitOfMeasure><QtyInPackage>לא ידוע</QtyInPackage><UnitOfMeasurePrice>0.0205</UnitOfMeasurePrice><AllowDiscount>1</AllowDiscount><ItemStatus>1</ItemStatus><ItemPrice>11.50</ItemPrice></item><item><PriceUpdateDate>2015-10-11 18:10:36</PriceUpdateDate><ItemCode>7290000463131</ItemCode><ItemType>1</ItemType><ItemName>חטיף דוריטוס גריל 70</ItemName><ManufacturerName>דוריטוס</ManufacturerName><ManufactureCountry>ישראל</ManufactureCountry><ManufacturerItemDescription>דוריטוס גריל 70 גר</ManufacturerItemDescription><SoldByWeight/><Quantity>14.00</Quantity><UnitOfMeasure>גרם     </UnitOfMeasure><QtyInPackage>לא ידוע</QtyInPackage><UnitOfMeasurePrice>0.3214</UnitOfMeasurePrice><AllowDiscount>1</AllowDiscount><ItemStatus>1</ItemStatus><ItemPrice>4.50</ItemPrice></item><item><PriceUpdateDate>2016-02-16 15:55:39</PriceUpdateDate><ItemCode>7290000463247</ItemCode><ItemType>1</ItemType><ItemName>שוקולד פרה מריר אוור</ItemName><ManufacturerName>פרה</ManufacturerName><ManufactureCountry>ישראל</ManufactureCountry><ManufacturerItemDescription>שוקולד פרה מריר אוור</ManufacturerItemDescription><SoldByWeight/><Quantity>85.00</Quantity><UnitOfMeasure>גרם     </UnitOfMeasure><QtyInPackage>לא ידוע</QtyInPackage><UnitOfMeasurePrice>0.0812</UnitOfMeasurePrice><AllowDiscount>0</AllowDiscount><ItemStatus>1</ItemStatus><ItemPrice>6.90</ItemPrice></item><item><PriceUpdateDate>2015-07-15 11:38:50</PriceUpdateDate><ItemCode>7290000463308</ItemCode><ItemType>1</ItemType><ItemName>שוקולד פרה מריר 60%</ItemName><ManufacturerName>עלית</ManufacturerName><ManufactureCountry>ישראל</ManufactureCountry><ManufacturerItemDescription>שוקולד מריר 60% קקאו 100</ManufacturerItemDescription><SoldByWeight/><Quantity>100.00</Quantity><UnitOfMeasure>גרם     </UnitOfMeasure><QtyInPackage>לא ידוע</QtyInPackage><UnitOfMeasurePrice>0.0850</UnitOfMeasurePrice><AllowDiscount>1</AllowDiscount><ItemStatus>1</ItemStatus><ItemPrice>8.50</ItemPrice></item><item><PriceUpdateDate>2016-05-01 21:46:08</PriceUpdateDate><ItemCode>7290000463384</ItemCode><ItemType>1</ItemType><ItemName>שוקולד ספלנדיד מריר</ItemName><ManufacturerName>ספלנדיד</ManufacturerName><ManufactureCountry>ישראל</ManufactureCountry><ManufacturerItemDescription>שוקולד ספלנדיד מריר עם קפ</ManufacturerItemDescription><SoldByWeight/><Quantity>100.00</Quantity><UnitOfMeasure>גרם     </UnitOfMeasure><QtyInPackage>לא ידוע</QtyInPackage><UnitOfMeasurePrice>0.1190</UnitOfMeasurePrice><AllowDiscount>1</AllowDiscount><ItemStatus>1</ItemStatus><ItemPrice>11.90</ItemPrice></item><item><PriceUpdateDate>2016-03-21 09:57:01</PriceUpdateDate><ItemCode>7290000463421</ItemCode><ItemType>1</ItemType><ItemName>מסטיק צ'יקלטס צנצנת</ItemName><ManufacturerName>עלית</ManufacturerName><ManufactureCountry>ישראל</ManufactureCountry><ManufacturerItemDescription>מסטיק צ'יקלטס צנצנת</ManufacturerItemDescription><SoldByWeight/><Quantity>200.00</Quantity><UnitOfMeasure>גרם     </UnitOfMeasure><QtyInPackage>לא ידוע</QtyInPackage><UnitOfMeasurePrice>0.0495</UnitOfMeasurePrice><AllowDiscount>1</AllowDiscount><ItemStatus>1</ItemStatus><ItemPrice>9.90</ItemPrice></item><item><PriceUpdateDate>2016-05-01 21:46:08</PriceUpdateDate><ItemCode>7290000463506</ItemCode><ItemType>1</ItemType><ItemName>אבקת קקאו עלית 500 ג</ItemName><ManufacturerName>עלית</ManufacturerName><ManufactureCountry>ישראל</ManufactureCountry><ManufacturerItemDescription>אבקת קקאו עלית 500 ג</ManufacturerItemDescription><SoldByWeight/><Quantity>500.00</Quantity><UnitOfMeasure>גרם     </UnitOfMeasure><QtyInPackage>לא ידוע</QtyInPackage><UnitOfMeasurePrice>0.0598</UnitOfMeasurePrice><AllowDiscount>1</AllowDiscount><ItemStatus>1</ItemStatus><ItemPrice>29.90</ItemPrice></item><item><PriceUpdateDate>2016-05-30 22:02:21</PriceUpdateDate><ItemCode>7290000463513</ItemCode><ItemType>1</ItemType><ItemName>מיקס מעורב סגול 390</ItemName><ManufacturerName>מיקס</ManufacturerName><ManufactureCountry>ישראל</ManufactureCountry><ManufacturerItemDescription>מיקס מעורב סגול 390</ManufacturerItemDescription><SoldByWeight/><Quantity>390.00</Quantity><UnitOfMeasure>גרם     </UnitOfMeasure><QtyInPackage>לא ידוע</QtyInPackage><UnitOfMeasurePrice>0.0587</UnitOfMeasurePrice><AllowDiscount>1</AllowDiscount><ItemStatus>1</ItemStatus><ItemPrice>22.90</ItemPrice></item><item><PriceUpdateDate>2016-01-15 09:03:26</PriceUpdateDate><ItemCode>7290000463643</ItemCode><ItemType>1</ItemType><ItemName>מאגדת זוג שוקולד פרה</ItemName><ManufacturerName>פרה</ManufacturerName><ManufactureCountry>ישראל</ManufactureCountry><ManufacturerItemDescription>מאגדת זוג שוקולד פרה</ManufacturerItemDescription><SoldByWeight/><Quantity>200.00</Quantity><UnitOfMeasure>גרם     </UnitOfMeasure><QtyInPackage>לא ידוע</QtyInPackage><UnitOfMeasurePrice>0.0795</UnitOfMeasurePrice><AllowDiscount>1</AllowDiscount><ItemStatus>1</ItemStatus><ItemPrice>15.90</ItemPrice></item><item><PriceUpdateDate>2016-03-16 15:40:33</PriceUpdateDate><ItemCode>7290000463780</ItemCode><ItemType>1</ItemType><ItemName>שמפו הוואי שמני הזנה</ItemName><ManufacturerName>הוואי</ManufacturerName><ManufactureCountry>ישראל</ManufactureCountry><ManufacturerItemDescription>הוואי שמפו שמני הזנה-שיער</ManufacturerItemDescription><SoldByWeight/><Quantity>700.00</Quantity><UnitOfMeasure>מ"ל</UnitOfMeasure><QtyInPackage>לא ידוע</QtyInPackage><UnitOfMeasurePrice>0.0141</UnitOfMeasurePrice><AllowDiscount>0</AllowDiscount><ItemStatus>1</ItemStatus><ItemPrice>9.90</ItemPrice></item><item><PriceUpdateDate>2016-03-16 15:40:33</PriceUpdateDate><ItemCode>7290000463797</ItemCode><ItemType>1</ItemType><ItemName>מרכך הוואי שמני הזנה</ItemName><ManufacturerName>הוואי</ManufacturerName><ManufactureCountry>ישראל</ManufactureCountry><ManufacturerItemDescription>הוואי מרכך שמני הזנה-שיער</ManufacturerItemDescription><SoldByWeight/><Quantity>700.00</Quantity><UnitOfMeasure>מ"ל</UnitOfMeasure><QtyInPackage>לא ידוע</QtyInPackage><UnitOfMeasurePrice>0.0141</UnitOfMeasurePrice><AllowDiscount>0</AllowDiscount><ItemStatus>1</ItemStatus><ItemPrice>9.90</ItemPrice></item><item><PriceUpdateDate>2015-11-12 18:18:36</PriceUpdateDate><ItemCode>7290000463889</ItemCode><ItemType>1</ItemType><ItemName>חרוזית עשבי תיבול בי</ItemName><ManufacturerName>בית השיטה</ManufacturerName><ManufactureCountry>ישראל</ManufactureCountry><ManufacturerItemDescription>חרוזית עשבי תיבול בי</ManufacturerItemDescription><SoldByWeight/><Quantity>275.00</Quantity><UnitOfMeasure>גרם     </UnitOfMeasure><QtyInPackage>לא ידוע</QtyInPackage><UnitOfMeasurePrice>0.0455</UnitOfMeasurePrice><AllowDiscount>1</AllowDiscount><ItemStatus>1</ItemStatus><ItemPrice>12.50</ItemPrice></item><item><PriceUpdateDate>2015-11-12 18:18:36</PriceUpdateDate><ItemCode>7290000463896</ItemCode><ItemType>1</ItemType><ItemName>חרוזית פיקנטי בית הש</ItemName><ManufacturerName>לא ידוע</ManufacturerName><ManufactureCountry>ישראל</ManufactureCountry><ManufacturerItemDescription>חרוזית פיקנטי בית הש</ManufacturerItemDescription><SoldByWeight/><Quantity>275.00</Quantity><UnitOfMeasure>גרם     </UnitOfMeasure><QtyInPackage>לא ידוע</QtyInPackage><UnitOfMeasurePrice>0.0455</UnitOfMeasurePrice><AllowDiscount>1</AllowDiscount><ItemStatus>1</ItemStatus><ItemPrice>12.50</ItemPrice></item><item><PriceUpdateDate>2016-03-29 13:00:18</PriceUpdateDate><ItemCode>7290000463933</ItemCode><ItemType>1</ItemType><ItemName>תחליב רחצה הוואי יוג</ItemName><ManufacturerName>הוואי</ManufacturerName><ManufactureCountry>ישראל</ManufactureCountry><ManufacturerItemDescription>תחליב רחצה הוואי יוג</ManufacturerItemDescription><SoldByWeight/><Quantity>750.00</Quantity><UnitOfMeasure>מ"ל</UnitOfMeasure><QtyInPackage>לא ידוע</QtyInPackage><UnitOfMeasurePrice>0.0212</UnitOfMeasurePrice><AllowDiscount>0</AllowDiscount><ItemStatus>1</ItemStatus><ItemPrice>15.90</ItemPrice></item><item><PriceUpdateDate>2016-03-29 13:00:18</PriceUpdateDate><ItemCode>7290000463964</ItemCode><ItemType>1</ItemType><ItemName>תחליב רחצה הוואי יוג</ItemName><ManufacturerName>הוואי</ManufacturerName><ManufactureCountry>ישראל</ManufactureCountry><ManufacturerItemDescription>תחליב רחצה הוואי יוג</ManufacturerItemDescription><SoldByWeight/><Quantity>750.00</Quantity><UnitOfMeasure>מ"ל</UnitOfMeasure><QtyInPackage>לא ידוע</QtyInPackage><UnitOfMeasurePrice>0.0212</UnitOfMeasurePrice><AllowDiscount>0</AllowDiscount><ItemStatus>1</ItemStatus><ItemPrice>15.90</ItemPrice></item><item><PriceUpdateDate>2016-05-01 21:46:35</PriceUpdateDate><ItemCode>7290000464435</ItemCode><ItemType>1</ItemType><ItemName>זית חרוזית שחור בית</ItemName><ManufacturerName>בית השיטה</ManufacturerName><ManufactureCountry>ישראל</ManufactureCountry><ManufacturerItemDescription>זית חרוזית שחור בית</ManufacturerItemDescription><SoldByWeight/><Quantity>275.00</Quantity><UnitOfMeasure>גרם     </UnitOfMeasure><QtyInPackage>לא ידוע</QtyInPackage><UnitOfMeasurePrice>0.0436</UnitOfMeasurePrice><AllowDiscount>1</AllowDiscount><ItemStatus>1</ItemStatus><ItemPrice>12.00</ItemPrice></item><item><PriceUpdateDate>2015-11-12 18:18:36</PriceUpdateDate><ItemCode>7290000464527</ItemCode><ItemType>1</ItemType><ItemName>זית חרוזית מרינד 430</ItemName><ManufacturerName>בית השיטה</ManufacturerName><ManufactureCountry>ישראל</ManufactureCountry><ManufacturerItemDescription>זית חרוזית מרינד 430</ManufacturerItemDescription><SoldByWeight/><Quantity>275.00</Quantity><UnitOfMeasure>גרם     </UnitOfMeasure><QtyInPackage>לא ידוע</QtyInPackage><UnitOfMeasurePrice>0.0455</UnitOfMeasurePrice><AllowDiscount>1</AllowDiscount><ItemStatus>1</ItemStatus><ItemPrice>12.50</ItemPrice></item><item><PriceUpdateDate>2016-06-01 09:41:26</PriceUpdateDate><ItemCode>7290000464718</ItemCode><ItemType>1</ItemType><ItemName>קליה אוקסי ספריי 750</ItemName><ManufacturerName>קליה</ManufacturerName><ManufactureCountry>פולין</ManufactureCountry><ManufacturerItemDescription>קליה אוקסי ספריי 750</ManufacturerItemDescription><SoldByWeight/><Quantity>750.00</Quantity><UnitOfMeasure>מ"ל</UnitOfMeasure><QtyInPackage>לא ידוע</QtyInPackage><UnitOfMeasurePrice>0.0265</UnitOfMeasurePrice><AllowDiscount>1</AllowDiscount><ItemStatus>1</ItemStatus><ItemPrice>19.90</ItemPrice></item><item><PriceUpdateDate>2016-05-30 22:02:21</PriceUpdateDate><ItemCode>7290000464831</ItemCode><ItemType>1</ItemType><ItemName>מב פיניש נוזל הברקה</ItemName><ManufacturerName>פיניש</ManufacturerName><ManufactureCountry>פולין</ManufactureCountry><ManufacturerItemDescription>מב פיניש נוזל הברקה</ManufacturerItemDescription><SoldByWeight/><Quantity>800.00</Quantity><UnitOfMeasure>מ"ל</UnitOfMeasure><QtyInPackage>לא ידוע</QtyInPackage><UnitOfMeasurePrice>0.0311</UnitOfMeasurePrice><AllowDiscount>1</AllowDiscount><ItemStatus>1</ItemStatus><ItemPrice>24.90</ItemPrice></item><item><PriceUpdateDate>2016-06-01 06:54:03</PriceUpdateDate><ItemCode>7290000464916</ItemCode><ItemType>1</ItemType><ItemName>מב תפוצ'יפס קראנצ' מ</ItemName><ManufacturerName>תפוצ'יפס</ManufacturerName><ManufactureCountry>ישראל</ManufactureCountry><ManufacturerItemDescription>תפוציפס קראנץ מקסיקני 200</ManufacturerItemDescription><SoldByWeight/><Quantity>200.00</Quantity><UnitOfMeasure>גרם     </UnitOfMeasure><QtyInPackage>לא ידוע</QtyInPackage><UnitOfMeasurePrice>0.0445</UnitOfMeasurePrice><AllowDiscount>1</AllowDiscount><ItemStatus>1</ItemStatus><ItemPrice>8.90</ItemPrice></item><item><PriceUpdateDate>2015-12-17 09:25:07</PriceUpdateDate><ItemCode>7290000465012</ItemCode><ItemType>1</ItemType><ItemName>מארז אקטימל תות בננה</ItemName><ManufacturerName>אקטימל</ManufacturerName><ManufactureCountry>ישראל</ManufactureCountry><ManufacturerItemDescription>מארז אקטימל תות בננה</ManufacturerItemDescription><SoldByWeight/><Quantity>850.00</Quantity><UnitOfMeasure>מ"ל</UnitOfMeasure><QtyInPackage>לא ידוע</QtyInPackage><UnitOfMeasurePrice>0.0258</UnitOfMeasurePrice><AllowDiscount>1</AllowDiscount><ItemStatus>1</ItemStatus><ItemPrice>21.90</ItemPrice></item><item><PriceUpdateDate>2015-10-20 16:11:23</PriceUpdateDate><ItemCode>7290000465043</ItemCode><ItemType>1</ItemType><ItemName>טבלת פסק זמן קלאסי מ</ItemName><ManufacturerName>עלית</ManufacturerName><ManufactureCountry>ישראל</ManufactureCountry><ManufacturerItemDescription>טבלת פסק זמן קלאסי מ</ManufacturerItemDescription><SoldByWeight/><Quantity>110.00</Quantity><UnitOfMeasure>גרם     </UnitOfMeasure><QtyInPackage>לא ידוע</QtyInPackage><UnitOfMeasurePrice>0.0864</UnitOfMeasurePrice><AllowDiscount>1</AllowDiscount><ItemStatus>1</ItemStatus><ItemPrice>9.50</ItemPrice></item><item><PriceUpdateDate>2015-10-20 16:50:26</PriceUpdateDate><ItemCode>7290000465111</ItemCode><ItemType>1</ItemType><ItemName>חטיף דוריטוס חמוץ חר</ItemName><ManufacturerName>דוריטוס</ManufacturerName><ManufactureCountry>ישראל</ManufactureCountry><ManufacturerItemDescription>דוריטוס חמוץ חריף 200 גרם</ManufacturerItemDescription><SoldByWeight/><Quantity>200.00</Quantity><UnitOfMeasure>גרם     </UnitOfMeasure><QtyInPackage>לא ידוע</QtyInPackage><UnitOfMeasurePrice>0.0505</UnitOfMeasurePrice><AllowDiscount>1</AllowDiscount><ItemStatus>1</ItemStatus><ItemPrice>10.10</ItemPrice></item><item><PriceUpdateDate>2016-01-14 09:15:36</PriceUpdateDate><ItemCode>7290000465173</ItemCode><ItemType>1</ItemType><ItemName>מסטיק מאסט בזוקה 28</ItemName><ManufacturerName>מאסט</ManufacturerName><ManufactureCountry>ישראל</ManufactureCountry><ManufacturerItemDescription>מסטיק מאסט בטעם בזוקה</ManufacturerItemDescription><SoldByWeight/><Quantity>28.00</Quantity><UnitOfMeasure>גרם     </UnitOfMeasure><QtyInPackage>לא ידוע</QtyInPackage><UnitOfMeasurePrice>0.1607</UnitOfMeasurePrice><AllowDiscount>1</AllowDiscount><ItemStatus>1</ItemStatus><ItemPrice>4.50</ItemPrice></item><item><PriceUpdateDate>2015-10-11 18:10:37</PriceUpdateDate><ItemCode>7290000465944</ItemCode><ItemType>1</ItemType><ItemName>יוגורט פרופתות מולר</ItemName><ManufacturerName>מולר</ManufacturerName><ManufactureCountry>ישראל</ManufactureCountry><ManufacturerItemDescription>פרופ תות מולר 150 מל</ManufacturerItemDescription><SoldByWeight/><Quantity>150.00</Quantity><UnitOfMeasure>מ"ל</UnitOfMeasure><QtyInPackage>לא ידוע</QtyInPackage><UnitOfMeasurePrice>0.0367</UnitOfMeasurePrice><AllowDiscount>1</AllowDiscount><ItemStatus>1</ItemStatus><ItemPrice>5.50</ItemPrice></item><item><PriceUpdateDate>2015-10-11 18:10:37</PriceUpdateDate><ItemCode>7290000465968</ItemCode><ItemType>1</ItemType><ItemName>יוגורט פרופאפרסק ופס</ItemName><ManufacturerName>מולר</ManufacturerName><ManufactureCountry>ישראל</ManufactureCountry><ManufacturerItemDescription>פרופ אפרסק פסיפלורה מולר</ManufacturerItemDescription><SoldByWeight/><Quantity>150.00</Quantity><UnitOfMeasure>מ"ל</UnitOfMeasure><QtyInPackage>לא ידוע</QtyInPackage><UnitOfMeasurePrice>0.0367</UnitOfMeasurePrice><AllowDiscount>1</AllowDiscount><ItemStatus>1</ItemStatus><ItemPrice>5.50</ItemPrice></item><item><PriceUpdateDate>2015-10-11 18:10:37</PriceUpdateDate><ItemCode>7290000465975</ItemCode><ItemType>1</ItemType><ItemName>יוגורט פרופלימון מול</ItemName><ManufacturerName>מולר</ManufacturerName><ManufactureCountry>ישראל</ManufactureCountry><ManufacturerItemDescription>פרופ לימון מולר 150 מל</ManufacturerItemDescription><SoldByWeight/><Quantity>150.00</Quantity><UnitOfMeasure>מ"ל</UnitOfMeasure><QtyInPackage>לא ידוע</QtyInPackage><UnitOfMeasurePrice>0.0367</UnitOfMeasurePrice><AllowDiscount>1</AllowDiscount><ItemStatus>1</ItemStatus><ItemPrice>5.50</ItemPrice></item><item><PriceUpdateDate>2016-05-30 22:03:33</PriceUpdateDate><ItemCode>7290000466163</ItemCode><ItemType>1</ItemType><ItemName>מלפפון 7-9 במלח 560</ItemName><ManufacturerName>בית השיטה</ManufacturerName><ManufactureCountry>ישראל</ManufactureCountry><ManufacturerItemDescription>מלפפון 7-9 במלח 560</ManufacturerItemDescription><SoldByWeight/><Quantity>560.00</Quantity><UnitOfMeasure>גרם     </UnitOfMeasure><QtyInPackage>לא ידוע</QtyInPackage><UnitOfMeasurePrice>0.0105</UnitOfMeasurePrice><AllowDiscount>1</AllowDiscount><ItemStatus>1</ItemStatus><ItemPrice>5.90</ItemPrice></item><item><PriceUpdateDate>2016-05-30 22:03:33</PriceUpdateDate><ItemCode>7290000466170</ItemCode><ItemType>1</ItemType><ItemName>מלפפון במלח 10-12  3</ItemName><ManufacturerName>לא ידוע</ManufacturerName><ManufactureCountry>ישראל</ManufactureCountry><ManufacturerItemDescription>מלפפון במלח 10-12  3</ManufacturerItemDescription><SoldByWeight/><Quantity>320.00</Quantity><UnitOfMeasure>גרם     </UnitOfMeasure><QtyInPackage>לא ידוע</QtyInPackage><UnitOfMeasurePrice>0.0203</UnitOfMeasurePrice><AllowDiscount>1</AllowDiscount><ItemStatus>1</ItemStatus><ItemPrice>6.50</ItemPrice></item><item><PriceUpdateDate>2016-05-01 21:46:35</PriceUpdateDate><ItemCode>7290000466187</ItemCode><ItemType>1</ItemType><ItemName>מלפפון 13-17 במלח  3</ItemName><ManufacturerName>בית השיטה</ManufacturerName><ManufactureCountry>ישראל</ManufactureCountry><ManufacturerItemDescription>מלפפון 13-17 במלח  3</ManufacturerItemDescription><SoldByWeight/><Quantity>320.00</Quantity><UnitOfMeasure>גרם     </UnitOfMeasure><QtyInPackage>לא ידוע</QtyInPackage><UnitOfMeasurePrice>0.0334</UnitOfMeasurePrice><AllowDiscount>1</AllowDiscount><ItemStatus>1</ItemStatus><ItemPrice>10.70</ItemPrice></item><item><PriceUpdateDate>2015-10-11 18:10:43</PriceUpdateDate><ItemCode>7290000466194</ItemCode><ItemType>1</ItemType><ItemName>מלפפון 18-25 במלח 56</ItemName><ManufacturerName>בית השיטה</ManufacturerName><ManufactureCountry>ישראל</ManufactureCountry><ManufacturerItemDescription>מלפפון 18-25 במלח 56</ManufacturerItemDescription><SoldByWeight/><Quantity>560.00</Quantity><UnitOfMeasure>גרם     </UnitOfMeasure><QtyInPackage>לא ידוע</QtyInPackage><UnitOfMeasurePrice>0.0229</UnitOfMeasurePrice><AllowDiscount>1</AllowDiscount><ItemStatus>1</ItemStatus><ItemPrice>12.80</ItemPrice></item><item><PriceUpdateDate>2016-05-01 21:46:09</PriceUpdateDate><ItemCode>7290000466408</ItemCode><ItemType>1</ItemType><ItemName>חלב עיזים צוריאל 1 ל</ItemName><ManufacturerName>משק צוריאל</ManufacturerName><ManufactureCountry>ישראל</ManufactureCountry><ManufacturerItemDescription>חלב עיזים 1 ליטר קרטון</ManufacturerItemDescription><SoldByWeight/><Quantity>1000.00</Quantity><UnitOfMeasure>מ"ל</UnitOfMeasure><QtyInPackage>לא ידוע</QtyInPackage><UnitOfMeasurePrice>0.0175</UnitOfMeasurePrice><AllowDiscount>0</AllowDiscount><ItemStatus>1</ItemStatus><ItemPrice>17.50</ItemPrice></item><item><PriceUpdateDate>2016-02-11 09:34:57</PriceUpdateDate><ItemCode>7290000466675</ItemCode><ItemType>1</ItemType><ItemName>שמנת מתוקה לקצפת 38%</ItemName><ManufacturerName>טרה</ManufacturerName><ManufactureCountry>ישראל</ManufactureCountry><ManufacturerItemDescription>שמנת מתוקה עמידה 250 38%</ManufacturerItemDescription><SoldByWeight/><Quantity>250.00</Quantity><UnitOfMeasure>מ"ל</UnitOfMeasure><QtyInPackage>לא ידוע</QtyInPackage><UnitOfMeasurePrice>0.0238</UnitOfMeasurePrice><AllowDiscount>1</AllowDiscount><ItemStatus>1</ItemStatus><ItemPrice>5.95</ItemPrice></item><item><PriceUpdateDate>2015-10-11 18:10:37</PriceUpdateDate><ItemCode>7290000466743</ItemCode><ItemType>1</ItemType><ItemName>יוגורט מולר ביאנקו ל</ItemName><ManufacturerName>מולר</ManufacturerName><ManufactureCountry>ישראל</ManufactureCountry><ManufacturerItemDescription>מולר ביאנקו 200 1.7%  גרם</ManufacturerItemDescription><SoldByWeight/><Quantity>200.00</Quantity><UnitOfMeasure>גרם     </UnitOfMeasure><QtyInPackage>לא ידוע</QtyInPackage><UnitOfMeasurePrice>0.0205</UnitOfMeasurePrice><AllowDiscount>0</AllowDiscount><ItemStatus>1</ItemStatus><ItemPrice>4.10</ItemPrice></item><item><PriceUpdateDate>2015-10-11 18:10:37</PriceUpdateDate><ItemCode>7290000466750</ItemCode><ItemType>1</ItemType><ItemName>יוגורט מולר ביאנקו ל</ItemName><ManufacturerName>מולר</ManufacturerName><ManufactureCountry>ישראל</ManufactureCountry><ManufacturerItemDescription>מולר ביאנקו 200 2.8%  גרם</ManufacturerItemDescription><SoldByWeight/><Quantity>200.00</Quantity><UnitOfMeasure>גרם     </UnitOfMeasure><QtyInPackage>לא ידוע</QtyInPackage><UnitOfMeasurePrice>0.0205</UnitOfMeasurePrice><AllowDiscount>0</AllowDiscount><ItemStatus>1</ItemStatus><ItemPrice>4.10</ItemPrice></item><item><PriceUpdateDate>2015-10-11 18:10:37</PriceUpdateDate><ItemCode>7290000466927</ItemCode><ItemType>1</ItemType><ItemName>מולר מיקס גליליות קר</ItemName><ManufacturerName>מולר</ManufacturerName><ManufactureCountry>ישראל</ManufactureCountry><ManufacturerItemDescription>יוגורט קרם אגוזים מולר מי</ManufacturerItemDescription><SoldByWeight/><Quantity>150.00</Quantity><UnitOfMeasure>גרם     </UnitOfMeasure><QtyInPackage>לא ידוע</QtyInPackage><UnitOfMeasurePrice>0.0420</UnitOfMeasurePrice><AllowDiscount>0</AllowDiscount><ItemStatus>1</ItemStatus><ItemPrice>6.30</ItemPrice></item><item><PriceUpdateDate>2016-05-30 22:02:21</PriceUpdateDate><ItemCode>7290000467016</ItemCode><ItemType>1</ItemType><ItemName>גבינה לבנה 5% 750 גר</ItemName><ManufacturerName>טרה</ManufacturerName><ManufactureCountry>ישראל</ManufactureCountry><ManufacturerItemDescription>גבינה לבנה 5% 750 גר</ManufacturerItemDescription><SoldByWeight/><Quantity>750.00</Quantity><UnitOfMeasure>גרם     </UnitOfMeasure><QtyInPackage>לא ידוע</QtyInPackage><UnitOfMeasurePrice>0.0184</UnitOfMeasurePrice><AllowDiscount>1</AllowDiscount><ItemStatus>1</ItemStatus><ItemPrice>13.80</ItemPrice></item><item><PriceUpdateDate>2016-03-29 13:00:18</PriceUpdateDate><ItemCode>7290000467023</ItemCode><ItemType>1</ItemType><ItemName>יוגורט עיזים לשתיה 5</ItemName><ManufacturerName>משק צוריאל</ManufacturerName><ManufactureCountry>ישראל</ManufactureCountry><ManufacturerItemDescription>יוגורט עיזים לשתיה 500 מל</ManufacturerItemDescription><SoldByWeight/><Quantity>500.00</Quantity><UnitOfMeasure>גרם     </UnitOfMeasure><QtyInPackage>לא ידוע</QtyInPackage><UnitOfMeasurePrice>0.0278</UnitOfMeasurePrice><AllowDiscount>1</AllowDiscount><ItemStatus>1</ItemStatus><ItemPrice>13.90</ItemPrice></item><item><PriceUpdateDate>2016-04-03 10:07:14</PriceUpdateDate><ItemCode>7290000467146</ItemCode><ItemType>1</ItemType><ItemName>כרוב לבן 400 בדצ ירק</ItemName><ManufacturerName>שטראוס</ManufacturerName><ManufactureCountry>ישראל</ManufactureCountry><ManufacturerItemDescription>כרוב לבן 400 גרם בצצ</ManufacturerItemDescription><SoldByWeight/><Quantity>400.00</Quantity><UnitOfMeasure>גרם     </UnitOfMeasure><QtyInPackage>לא ידוע</QtyInPackage><UnitOfMeasurePrice>0.0273</UnitOfMeasurePrice><AllowDiscount>1</AllowDiscount><ItemStatus>1</ItemStatus><ItemPrice>10.90</ItemPrice></item><item><PriceUpdateDate>2016-06-02 12:22:23</PriceUpdateDate><ItemCode>7290000467153</ItemCode><ItemType>1</ItemType><ItemName>מב סלט צבר חומוס סמי</ItemName><ManufacturerName>צבר</ManufacturerName><ManufactureCountry>ישראל</ManufactureCountry><ManufacturerItemDescription>חומוס סמיר הגדול 400 גר</ManufacturerItemDescription><SoldByWeight/><Quantity>400.00</Quantity><UnitOfMeasure>גרם     </UnitOfMeasure><QtyInPackage>לא ידוע</QtyInPackage><UnitOfMeasurePrice>0.0323</UnitOfMeasurePrice><AllowDiscount>1</AllowDiscount><ItemStatus>1</ItemStatus><ItemPrice>12.90</ItemPrice></item><item><PriceUpdateDate>2016-05-30 22:03:33</PriceUpdateDate><ItemCode>7290000467160</ItemCode><ItemType>1</ItemType><ItemName>מלפפון 7-9 בחומץ 560</ItemName><ManufacturerName>בית השיטה</ManufacturerName><ManufactureCountry>ישראל</ManufactureCountry><ManufacturerItemDescription>מלפפון 7-9 בחומץ 560</ManufacturerItemDescription><SoldByWeight/><Quantity>560.00</Quantity><UnitOfMeasure>גרם     </UnitOfMeasure><QtyInPackage>לא ידוע</QtyInPackage><UnitOfMeasurePrice>0.0105</UnitOfMeasurePrice><AllowDiscount>1</AllowDiscount><ItemStatus>1</ItemStatus><ItemPrice>5.90</ItemPrice></item><item><PriceUpdateDate>2016-05-30 22:03:33</PriceUpdateDate><ItemCode>7290000467177</ItemCode><ItemType>1</ItemType><ItemName>מלפפון 12 10חומץ גלע</ItemName><ManufacturerName>אסם</ManufacturerName><ManufactureCountry>ישראל</ManufactureCountry><ManufacturerItemDescription>מלפפון 12 10חומץ גלע</ManufacturerItemDescription><SoldByWeight/><Quantity>290.00</Quantity><UnitOfMeasure>גרם     </UnitOfMeasure><QtyInPackage>לא ידוע</QtyInPackage><UnitOfMeasurePrice>0.0224</UnitOfMeasurePrice><AllowDiscount>1</AllowDiscount><ItemStatus>1</ItemStatus><ItemPrice>6.50</ItemPrice></item><item><PriceUpdateDate>2016-04-22 15:25:39</PriceUpdateDate><ItemCode>7290000467184</ItemCode><ItemType>1</ItemType><ItemName>מלפפון 13-17 חומץ בי</ItemName><ManufacturerName>בית השיטה</ManufacturerName><ManufactureCountry>ישראל</ManufactureCountry><ManufacturerItemDescription>מלפפון 13-17 חומץ בי</ManufacturerItemDescription><SoldByWeight/><Quantity>290.00</Quantity><UnitOfMeasure>גרם     </UnitOfMeasure><QtyInPackage>לא ידוע</QtyInPackage><UnitOfMeasurePrice>0.0369</UnitOfMeasurePrice><AllowDiscount>1</AllowDiscount><ItemStatus>1</ItemStatus><ItemPrice>10.70</ItemPrice></item><item><PriceUpdateDate>2016-04-22 15:25:39</PriceUpdateDate><ItemCode>7290000467191</ItemCode><ItemType>1</ItemType><ItemName>מלפפון 18-25 בחומץ 5</ItemName><ManufacturerName>בית השיטה</ManufacturerName><ManufactureCountry>ישראל</ManufactureCountry><ManufacturerItemDescription>מלפפון 18-25 בחומץ 5</ManufacturerItemDescription><SoldByWeight/><Quantity>560.00</Quantity><UnitOfMeasure>גרם     </UnitOfMeasure><QtyInPackage>לא ידוע</QtyInPackage><UnitOfMeasurePrice>0.0229</UnitOfMeasurePrice><AllowDiscount>1</AllowDiscount><ItemStatus>1</ItemStatus><ItemPrice>12.80</ItemPrice></item><item><PriceUpdateDate>2016-06-02 12:22:23</PriceUpdateDate><ItemCode>7290000467320</ItemCode><ItemType>1</ItemType><ItemName>מב סלט צבר חומוס אבו</ItemName><ManufacturerName>צבר</ManufacturerName><ManufactureCountry>ישראל</ManufactureCountry><ManufacturerItemDescription>חומוס אבו מרוואן 400 גר</ManufacturerItemDescription><SoldByWeight/><Quantity>400.00</Quantity><UnitOfMeasure>גרם     </UnitOfMeasure><QtyInPackage>לא ידוע</QtyInPackage><UnitOfMeasurePrice>0.0323</UnitOfMeasurePrice><AllowDiscount>1</AllowDiscount><ItemStatus>1</ItemStatus><ItemPrice>12.90</ItemPrice></item><item><PriceUpdateDate>2016-05-01 21:46:09</PriceUpdateDate><ItemCode>7290000467412</ItemCode><ItemType>1</ItemType><ItemName>קפה נמס 200 ג' קצב ב</ItemName><ManufacturerName>דרום אמריקה</ManufacturerName><ManufactureCountry>ישראל</ManufactureCountry><ManufacturerItemDescription>קפה קצב ברזילאי 200 גר</ManufacturerItemDescription><SoldByWeight/><Quantity>200.00</Quantity><UnitOfMeasure>גרם     </UnitOfMeasure><QtyInPackage>לא ידוע</QtyInPackage><UnitOfMeasurePrice>0.1595</UnitOfMeasurePrice><AllowDiscount>1</AllowDiscount><ItemStatus>1</ItemStatus><ItemPrice>31.90</ItemPrice></item><item><PriceUpdateDate>2016-05-23 09:03:57</PriceUpdateDate><ItemCode>7290000467474</ItemCode><ItemType>1</ItemType><ItemName>דנונה אננס 3% 150 גר</ItemName><ManufacturerName>דנונה</ManufacturerName><ManufactureCountry>ישראל</ManufactureCountry><ManufacturerItemDescription>דנונה אננס 3% 150 גר</ManufacturerItemDescription><SoldByWeight/><Quantity>150.00</Quantity><UnitOfMeasure>גרם     </UnitOfMeasure><QtyInPackage>לא ידוע</QtyInPackage><UnitOfMeasurePrice>0.0260</UnitOfMeasurePrice><AllowDiscount>1</AllowDiscount><ItemStatus>1</ItemStatus><ItemPrice>3.90</ItemPrice></item><item><PriceUpdateDate>2016-02-22 09:25:38</PriceUpdateDate><ItemCode>7290000467665</ItemCode><ItemType>1</ItemType><ItemName>אצבעות שוקולד שמיניו</ItemName><ManufacturerName>לא ידוע</ManufacturerName><ManufactureCountry>ישראל</ManufactureCountry><ManufacturerItemDescription>אצבעות שוקולד 1/8 קרם חלב</ManufacturerItemDescription><SoldByWeight/><Quantity>96.00</Quantity><UnitOfMeasure>גרם     </UnitOfMeasure><QtyInPackage>לא ידוע</QtyInPackage><UnitOfMeasurePrice>0.0885</UnitOfMeasurePrice><AllowDiscount>0</AllowDiscount><ItemStatus>1</ItemStatus><ItemPrice>8.50</ItemPrice></item><item><PriceUpdateDate>2016-02-22 09:25:38</PriceUpdateDate><ItemCode>7290000467689</ItemCode><ItemType>1</ItemType><ItemName>אצבעות שוקולד שמיניו</ItemName><ManufacturerName>לא ידוע</ManufacturerName><ManufactureCountry>ישראל</ManufactureCountry><ManufacturerItemDescription>אצבעות שוקולד שמיניו</ManufacturerItemDescription><SoldByWeight/><Quantity>96.00</Quantity><UnitOfMeasure>גרם     </UnitOfMeasure><QtyInPackage>לא ידוע</QtyInPackage><UnitOfMeasurePrice>0.0885</UnitOfMeasurePrice><AllowDiscount>0</AllowDiscount><ItemStatus>1</ItemStatus><ItemPrice>8.50</ItemPrice></item><item><PriceUpdateDate>2016-05-01 21:46:35</PriceUpdateDate><ItemCode>7290000468006</ItemCode><ItemType>1</ItemType><ItemName>כרוב כבוש 600 גרם</ItemName><ManufacturerName>בית השיטה</ManufacturerName><ManufactureCountry>ישראל</ManufactureCountry><ManufacturerItemDescription>כרוב כבוש 600 גרם</ManufacturerItemDescription><SoldByWeight/><Quantity>130.00</Quantity><UnitOfMeasure>גרם     </UnitOfMeasure><QtyInPackage>לא ידוע</QtyInPackage><UnitOfMeasurePrice>0.0746</UnitOfMeasurePrice><AllowDiscount>1</AllowDiscount><ItemStatus>1</ItemStatus><ItemPrice>9.70</ItemPrice></item><item><PriceUpdateDate>2015-10-11 18:10:37</PriceUpdateDate><ItemCode>7290000468013</ItemCode><ItemType>1</ItemType><ItemName>מאגדת חטיפי אנרג'י מ</ItemName><ManufacturerName>אנרג'י</ManufacturerName><ManufactureCountry>ישראל</ManufactureCountry><ManufacturerItemDescription>חטיף דגנים אגוזים ושוקולד</ManufacturerItemDescription><SoldByWeight/><Quantity>156.00</Quantity><UnitOfMeasure>גרם     </UnitOfMeasure><QtyInPackage>לא ידוע</QtyInPackage><UnitOfMeasurePrice>0.1186</UnitOfMeasurePrice><AllowDiscount>1</AllowDiscount><ItemStatus>1</ItemStatus><ItemPrice>18.50</ItemPrice></item><item><PriceUpdateDate>2015-10-11 18:10:37</PriceUpdateDate><ItemCode>7290000468037</ItemCode><ItemType>1</ItemType><ItemName>מאגדת אנרג'י מיקס פי</ItemName><ManufacturerName>אנרג'י</ManufacturerName><ManufactureCountry>ישראל</ManufactureCountry><ManufacturerItemDescription>חטיף דגנים מיקס פירות ליי</ManufacturerItemDescription><SoldByWeight/><Quantity>120.00</Quantity><UnitOfMeasure>גרם     </UnitOfMeasure><QtyInPackage>לא ידוע</QtyInPackage><UnitOfMeasurePrice>0.1542</UnitOfMeasurePrice><AllowDiscount>1</AllowDiscount><ItemStatus>1</ItemStatus><ItemPrice>18.50</ItemPrice></item><item><PriceUpdateDate>2015-10-11 18:10:37</PriceUpdateDate><ItemCode>7290000468044</ItemCode><ItemType>1</ItemType><ItemName>מאגדת אנרג'י מיקס אג</ItemName><ManufacturerName>אנרג'י</ManufacturerName><ManufactureCountry>ישראל</ManufactureCountry><ManufacturerItemDescription>חטיף דגנים מיקס אגוזים לי</ManufacturerItemDescription><SoldByWeight/><Quantity>120.00</Quantity><UnitOfMeasure>גרם     </UnitOfMeasure><QtyInPackage>לא ידוע</QtyInPackage><UnitOfMeasurePrice>0.1542</UnitOfMeasurePrice><AllowDiscount>1</AllowDiscount><ItemStatus>1</ItemStatus><ItemPrice>18.50</ItemPrice></item><item><PriceUpdateDate>2015-10-20 16:39:48</PriceUpdateDate><ItemCode>7290000468112</ItemCode><ItemType>1</ItemType><ItemName>סלט כרוב אדום יום יו</ItemName><ManufacturerName>אחלה</ManufacturerName><ManufactureCountry>ישראל</ManufactureCountry><ManufacturerItemDescription>סלט כרוב 120 גרם</ManufacturerItemDescription><SoldByWeight/><Quantity>120.00</Quantity><UnitOfMeasure>גרם     </UnitOfMeasure><QtyInPackage>לא ידוע</QtyInPackage><UnitOfMeasurePrice>0.0508</UnitOfMeasurePrice><AllowDiscount>1</AllowDiscount><ItemStatus>1</ItemStatus><ItemPrice>6.10</ItemPrice></item><item><PriceUpdateDate>2016-04-24 08:40:09</PriceUpdateDate><ItemCode>7290000468167</ItemCode><ItemType>1</ItemType><ItemName>פלפל חריף 600 גרם</ItemName><ManufacturerName>לא ממותג</ManufacturerName><ManufactureCountry>ישראל</ManufactureCountry><ManufacturerItemDescription>פלפל חריף 600 גרם</ManufacturerItemDescription><SoldByWeight/><Quantity>425.00</Quantity><UnitOfMeasure>גרם     </UnitOfMeasure><QtyInPackage>לא ידוע</QtyInPackage><UnitOfMeasurePrice>0.0191</UnitOfMeasurePrice><AllowDiscount>1</AllowDiscount><ItemStatus>1</ItemStatus><ItemPrice>8.10</ItemPrice></item><item><PriceUpdateDate>2016-02-02 06:50:06</PriceUpdateDate><ItemCode>7290000468433</ItemCode><ItemType>1</ItemType><ItemName>עוגה בחושה בטעם שוקו</ItemName><ManufacturerName>עלית</ManufacturerName><ManufactureCountry>ישראל</ManufactureCountry><ManufacturerItemDescription>עוגת שוקולד 330 גרם</ManufacturerItemDescription><SoldByWeight/><Quantity>330.00</Quantity><UnitOfMeasure>גרם     </UnitOfMeasure><QtyInPackage>לא ידוע</QtyInPackage><UnitOfMeasurePrice>0.0361</UnitOfMeasurePrice><AllowDiscount>1</AllowDiscount><ItemStatus>1</ItemStatus><ItemPrice>11.90</ItemPrice></item><item><PriceUpdateDate>2016-05-23 06:41:32</PriceUpdateDate><ItemCode>7290000468549</ItemCode><ItemType>1</ItemType><ItemName>מארז תפוצ'יפס קידס 6</ItemName><ManufacturerName>תפוצ'יפס</ManufacturerName><ManufactureCountry>ישראל</ManufactureCountry><ManufacturerItemDescription>מארז תפוצ'יפס קידס 6</ManufacturerItemDescription><SoldByWeight/><Quantity>180.00</Quantity><UnitOfMeasure>גרם     </UnitOfMeasure><QtyInPackage>לא ידוע</QtyInPackage><UnitOfMeasurePrice>0.0717</UnitOfMeasurePrice><AllowDiscount>1</AllowDiscount><ItemStatus>1</ItemStatus><ItemPrice>12.90</ItemPrice></item><item><PriceUpdateDate>2015-10-26 09:14:01</PriceUpdateDate><ItemCode>7290000468624</ItemCode><ItemType>1</ItemType><ItemName>מקופלת XL חלב 33 גרם</ItemName><ManufacturerName>מקופלת</ManufacturerName><ManufactureCountry>ישראל</ManufactureCountry><ManufacturerItemDescription>חטיף מקופלת XL חלב 33 גרם</ManufacturerItemDescription><SoldByWeight/><Quantity>33.00</Quantity><UnitOfMeasure>גרם     </UnitOfMeasure><QtyInPackage>לא ידוע</QtyInPackage><UnitOfMeasurePrice>0.1515</UnitOfMeasurePrice><AllowDiscount>1</AllowDiscount><ItemStatus>1</ItemStatus><ItemPrice>5.00</ItemPrice></item><item><PriceUpdateDate>2015-10-20 16:43:50</PriceUpdateDate><ItemCode>7290000468686</ItemCode><ItemType>1</ItemType><ItemName>מארז מיני מילקי 8*70</ItemName><ManufacturerName>מילקי מהדרין</ManufacturerName><ManufactureCountry>ישראל</ManufactureCountry><ManufacturerItemDescription>מארז מיני מילקי 8*70</ManufacturerItemDescription><SoldByWeight/><Quantity>560.00</Quantity><UnitOfMeasure>גרם     </UnitOfMeasure><QtyInPackage>לא ידוע</QtyInPackage><UnitOfMeasurePrice>0.0225</UnitOfMeasurePrice><AllowDiscount>1</AllowDiscount><ItemStatus>1</ItemStatus><ItemPrice>12.60</ItemPrice></item><item><PriceUpdateDate>2016-01-14 09:15:36</PriceUpdateDate><ItemCode>7290000469058</ItemCode><ItemType>1</ItemType><ItemName>מסטיק מאסט בזוקה ענב</ItemName><ManufacturerName>בזוקה</ManufacturerName><ManufactureCountry>ישראל</ManufactureCountry><ManufacturerItemDescription>מסטיק מאסט בזוקה ענבים לל</ManufacturerItemDescription><SoldByWeight/><Quantity>28.00</Quantity><UnitOfMeasure>גרם     </UnitOfMeasure><QtyInPackage>לא ידוע</QtyInPackage><UnitOfMeasurePrice>0.1607</UnitOfMeasurePrice><AllowDiscount>1</AllowDiscount><ItemStatus>1</ItemStatus><ItemPrice>4.50</ItemPrice></item><item><PriceUpdateDate>2015-12-27 12:17:23</PriceUpdateDate><ItemCode>7290000469256</ItemCode><ItemType>1</ItemType><ItemName>רבע לשבע חלב קרם נוג</ItemName><ManufacturerName>עלית</ManufacturerName><ManufactureCountry>ישראל</ManufactureCountry><ManufacturerItemDescription>רבע לשבע אגוזים 120 גרם</ManufacturerItemDescription><SoldByWeight/><Quantity>120.00</Quantity><UnitOfMeasure>גרם     </UnitOfMeasure><QtyInPackage>לא ידוע</QtyInPackage><UnitOfMeasurePrice>0.1158</UnitOfMeasurePrice><AllowDiscount>1</AllowDiscount><ItemStatus>1</ItemStatus><ItemPrice>13.90</ItemPrice></item><item><PriceUpdateDate>2015-12-09 07:05:14</PriceUpdateDate><ItemCode>7290000469263</ItemCode><ItemType>1</ItemType><ItemName>סלט חומוס אחלה עם טח</ItemName><ManufacturerName>אחלה</ManufacturerName><ManufactureCountry>ישראל</ManufactureCountry><ManufacturerItemDescription>סלט חומוס וטחינה 400 גרם</ManufacturerItemDescription><SoldByWeight/><Quantity>400.00</Quantity><UnitOfMeasure>גרם     </UnitOfMeasure><QtyInPackage>לא ידוע</QtyInPackage><UnitOfMeasurePrice>0.0298</UnitOfMeasurePrice><AllowDiscount>0</AllowDiscount><ItemStatus>1</ItemStatus><ItemPrice>11.90</ItemPrice></item><item><PriceUpdateDate>2015-12-09 07:05:14</PriceUpdateDate><ItemCode>7290000469270</ItemCode><ItemType>1</ItemType><ItemName>סלט חומוס אחלה עם זע</ItemName><ManufacturerName>אחלה</ManufacturerName><ManufactureCountry>ישראל</ManufactureCountry><ManufacturerItemDescription>סלט חומוס אחלה עם זע</ManufacturerItemDescription><SoldByWeight/><Quantity>400.00</Quantity><UnitOfMeasure>גרם     </UnitOfMeasure><QtyInPackage>לא ידוע</QtyInPackage><UnitOfMeasurePrice>0.0298</UnitOfMeasurePrice><AllowDiscount>0</AllowDiscount><ItemStatus>1</ItemStatus><ItemPrice>11.90</ItemPrice></item><item><PriceUpdateDate>2015-12-09 07:05:14</PriceUpdateDate><ItemCode>7290000469287</ItemCode><ItemType>1</ItemType><ItemName>סלט חומוס אחלה עם צנ</ItemName><ManufacturerName>אחלה</ManufacturerName><ManufactureCountry>ישראל</ManufactureCountry><ManufacturerItemDescription>סלט חומוס וצנובר 400 גרם</ManufacturerItemDescription><SoldByWeight/><Quantity>400.00</Quantity><UnitOfMeasure>גרם     </UnitOfMeasure><QtyInPackage>לא ידוע</QtyInPackage><UnitOfMeasurePrice>0.0298</UnitOfMeasurePrice><AllowDiscount>0</AllowDiscount><ItemStatus>1</ItemStatus><ItemPrice>11.90</ItemPrice></item><item><PriceUpdateDate>2015-12-09 07:05:14</PriceUpdateDate><ItemCode>7290000469294</ItemCode><ItemType>1</ItemType><ItemName>סלט חומוס אחלה עם חר</ItemName><ManufacturerName>אחלה</ManufacturerName><ManufactureCountry>ישראל</ManufactureCountry><ManufacturerItemDescription>סלט חומוס וחריף 400 גרם</ManufacturerItemDescription><SoldByWeight/><Quantity>400.00</Quantity><UnitOfMeasure>גרם     </UnitOfMeasure><QtyInPackage>לא ידוע</QtyInPackage><UnitOfMeasurePrice>0.0298</UnitOfMeasurePrice><AllowDiscount>0</AllowDiscount><ItemStatus>1</ItemStatus><ItemPrice>11.90</ItemPrice></item><item><PriceUpdateDate>2016-05-23 09:03:57</PriceUpdateDate><ItemCode>7290000469379</ItemCode><ItemType>1</ItemType><ItemName>מארז שמינייה גמדים ת</ItemName><ManufacturerName>גמדים</ManufacturerName><ManufactureCountry>ישראל</ManufactureCountry><ManufacturerItemDescription>מארז שמינייה גמדים ת</ManufacturerItemDescription><SoldByWeight/><Quantity>800.00</Quantity><UnitOfMeasure>גרם     </UnitOfMeasure><QtyInPackage>לא ידוע</QtyInPackage><UnitOfMeasurePrice>0.0236</UnitOfMeasurePrice><AllowDiscount>1</AllowDiscount><ItemStatus>1</ItemStatus><ItemPrice>18.90</ItemPrice></item><item><PriceUpdateDate>2015-12-01 08:41:03</PriceUpdateDate><ItemCode>7290000469386</ItemCode><ItemType>1</ItemType><ItemName>סוכריות מאסט פטל לימ</ItemName><ManufacturerName>מאסט</ManufacturerName><ManufactureCountry>פולין</ManufactureCountry><ManufacturerItemDescription>לקקן יוגטה      'רי180ג</ManufacturerItemDescription><SoldByWeight/><Quantity>80.00</Quantity><UnitOfMeasure>גרם     </UnitOfMeasure><QtyInPackage>לא ידוע</QtyInPackage><UnitOfMeasurePrice>0.1113</UnitOfMeasurePrice><AllowDiscount>1</AllowDiscount><ItemStatus>1</ItemStatus><ItemPrice>8.90</ItemPrice></item><item><PriceUpdateDate>2015-10-11 18:10:37</PriceUpdateDate><ItemCode>7290000469553</ItemCode><ItemType>1</ItemType><ItemName>מאגדת אנרג'י מריר וא</ItemName><ManufacturerName>אנרג'י</ManufacturerName><ManufactureCountry>ישראל</ManufactureCountry><ManufacturerItemDescription>חטיף דגנים שוקולד מריר</ManufacturerItemDescription><SoldByWeight/><Quantity>156.00</Quantity><UnitOfMeasure>גרם     </UnitOfMeasure><QtyInPackage>לא ידוע</QtyInPackage><UnitOfMeasurePrice>0.1186</UnitOfMeasurePrice><AllowDiscount>1</AllowDiscount><ItemStatus>1</ItemStatus><ItemPrice>18.50</ItemPrice></item><item><PriceUpdateDate>2016-04-03 10:07:14</PriceUpdateDate><ItemCode>7290000469737</ItemCode><ItemType>1</ItemType><ItemName>עלי רוקט ירקות שטראו</ItemName><ManufacturerName>B.B.B</ManufacturerName><ManufactureCountry>ישראל</ManufactureCountry><ManufacturerItemDescription>עלי רוקט 150 גרם</ManufacturerItemDescription><SoldByWeight/><Quantity>150.00</Quantity><UnitOfMeasure>גרם     </UnitOfMeasure><QtyInPackage>לא ידוע</QtyInPackage><UnitOfMeasurePrice>0.0727</UnitOfMeasurePrice><AllowDiscount>1</AllowDiscount><ItemStatus>1</ItemStatus><ItemPrice>10.90</ItemPrice></item><item><PriceUpdateDate>2015-10-11 18:10:37</PriceUpdateDate><ItemCode>7290000469744</ItemCode><ItemType>1</ItemType><ItemName>מילקי טופ עדשים 134</ItemName><ManufacturerName>מילקי</ManufacturerName><ManufactureCountry>ישראל</ManufactureCountry><ManufacturerItemDescription>מילקי טופ עדשים 170 מל</ManufacturerItemDescription><SoldByWeight/><Quantity>134.00</Quantity><UnitOfMeasure>גרם     </UnitOfMeasure><QtyInPackage>לא ידוע</QtyInPackage><UnitOfMeasurePrice>0.0351</UnitOfMeasurePrice><AllowDiscount>1</AllowDiscount><ItemStatus>1</ItemStatus><ItemPrice>4.70</ItemPrice></item><item><PriceUpdateDate>2015-11-16 09:47:11</PriceUpdateDate><ItemCode>7290000469867</ItemCode><ItemType>1</ItemType><ItemName>טחינה אחלה 500 גרם</ItemName><ManufacturerName>אחלה</ManufacturerName><ManufactureCountry>ישראל</ManufactureCountry><ManufacturerItemDescription>טחינה משומשום מלא 500 גרם</ManufacturerItemDescription><SoldByWeight/><Quantity>500.00</Quantity><UnitOfMeasure>גרם     </UnitOfMeasure><QtyInPackage>לא ידוע</QtyInPackage><UnitOfMeasurePrice>0.0344</UnitOfMeasurePrice><AllowDiscount>1</AllowDiscount><ItemStatus>1</ItemStatus><ItemPrice>17.20</ItemPrice></item><item><PriceUpdateDate>2016-05-01 21:46:09</PriceUpdateDate><ItemCode>7290000469911</ItemCode><ItemType>1</ItemType><ItemName>שוקולד ספלנדיד מריר</ItemName><ManufacturerName>לא ידוע</ManufacturerName><ManufactureCountry>ישראל</ManufactureCountry><ManufacturerItemDescription>שוקולד ספלנדיד מריר</ManufacturerItemDescription><SoldByWeight/><Quantity>100.00</Quantity><UnitOfMeasure>גרם     </UnitOfMeasure><QtyInPackage>לא ידוע</QtyInPackage><UnitOfMeasurePrice>0.1190</UnitOfMeasurePrice><AllowDiscount>1</AllowDiscount><ItemStatus>1</ItemStatus><ItemPrice>11.90</ItemPrice></item><item><PriceUpdateDate>2016-01-14 09:15:36</PriceUpdateDate><ItemCode>7290000470085</ItemCode><ItemType>1</ItemType><ItemName>מסטיק מאסט מלון ואבט</ItemName><ManufacturerName>מאסט</ManufacturerName><ManufactureCountry>ישראל</ManufactureCountry><ManufacturerItemDescription>מסטיק מאסט מלון ואבטיח</ManufacturerItemDescription><SoldByWeight/><Quantity>28.00</Quantity><UnitOfMeasure>גרם     </UnitOfMeasure><QtyInPackage>לא ידוע</QtyInPackage><UnitOfMeasurePrice>0.1607</UnitOfMeasurePrice><AllowDiscount>1</AllowDiscount><ItemStatus>1</ItemStatus><ItemPrice>4.50</ItemPrice></item><item><PriceUpdateDate>2016-01-14 09:15:36</PriceUpdateDate><ItemCode>7290000470092</ItemCode><ItemType>1</ItemType><ItemName>מסטיק מאסט קולה 28 ג</ItemName><ManufacturerName>מאסט</ManufacturerName><ManufactureCountry>ישראל</ManufactureCountry><ManufacturerItemDescription>מסטיק מאסט בטעם קולה קרח</ManufacturerItemDescription><SoldByWeight/><Quantity>28.00</Quantity><UnitOfMeasure>גרם     </UnitOfMeasure><QtyInPackage>לא ידוע</QtyInPackage><UnitOfMeasurePrice>0.1607</UnitOfMeasurePrice><AllowDiscount>1</AllowDiscount><ItemStatus>1</ItemStatus><ItemPrice>4.50</ItemPrice></item><item><PriceUpdateDate>2015-10-20 16:50:26</PriceUpdateDate><ItemCode>7290000470115</ItemCode><ItemType>1</ItemType><ItemName>חטיף תפוציפס קידס 45</ItemName><ManufacturerName>תפוצ'יפס</ManufacturerName><ManufactureCountry>ישראל</ManufactureCountry><ManufacturerItemDescription>חטיף תפוציפס קידס 45</ManufacturerItemDescription><SoldByWeight/><Quantity>45.00</Quantity><UnitOfMeasure>גרם     </UnitOfMeasure><QtyInPackage>לא ידוע</QtyInPackage><UnitOfMeasurePrice>0.0733</UnitOfMeasurePrice><AllowDiscount>1</AllowDiscount><ItemStatus>1</ItemStatus><ItemPrice>3.30</ItemPrice></item><item><PriceUpdateDate>2016-04-03 10:07:14</PriceUpdateDate><ItemCode>7290000470474</ItemCode><ItemType>1</ItemType><ItemName>לקט מסולסלים ירקות ש</ItemName><ManufacturerName>שטראוס</ManufacturerName><ManufactureCountry>ישראל</ManufactureCountry><ManufacturerItemDescription>לקט מסולסלים 350 גרם</ManufacturerItemDescription><SoldByWeight/><Quantity>350.00</Quantity><UnitOfMeasure>גרם     </UnitOfMeasure><QtyInPackage>לא ידוע</QtyInPackage><UnitOfMeasurePrice>0.0426</UnitOfMeasurePrice><AllowDiscount>1</AllowDiscount><ItemStatus>1</ItemStatus><ItemPrice>14.90</ItemPrice></item><item><PriceUpdateDate>2016-06-01 06:54:03</PriceUpdateDate><ItemCode>7290000470511</ItemCode><ItemType>1</ItemType><ItemName>מב תפוצ'יפס שמנת בצל</ItemName><ManufacturerName>תפוצ'יפס</ManufacturerName><ManufactureCountry>ישראל</ManufactureCountry><ManufacturerItemDescription>תפוציפס שמנת בצל 200 גרם</ManufacturerItemDescription><SoldByWeight/><Quantity>200.00</Quantity><UnitOfMeasure>גרם     </UnitOfMeasure><QtyInPackage>לא ידוע</QtyInPackage><UnitOfMeasurePrice>0.0445</UnitOfMeasurePrice><AllowDiscount>1</AllowDiscount><ItemStatus>1</ItemStatus><ItemPrice>8.90</ItemPrice></item><item><PriceUpdateDate>2015-10-11 08:15:38</PriceUpdateDate><ItemCode>7290000471945</ItemCode><ItemType>1</ItemType><ItemName>ביצה פלוס אריזת שש ב</ItemName><ManufacturerName>רמות השבים</ManufacturerName><ManufactureCountry>ישראל</ManufactureCountry><ManufacturerItemDescription>ביצה פלוס אריזת שש ב</ManufacturerItemDescription><SoldByWeight/><Quantity>0.00</Quantity><UnitOfMeasure>בודד</UnitOfMeasure><QtyInPackage>לא ידוע</QtyInPackage><UnitOfMeasurePrice>0.0000</UnitOfMeasurePrice><AllowDiscount>1</AllowDiscount><ItemStatus>1</ItemStatus><ItemPrice>14.90</ItemPrice></item><item><PriceUpdateDate>2015-10-11 08:15:38</PriceUpdateDate><ItemCode>7290000471976</ItemCode><ItemType>1</ItemType><ItemName>ביצים 12 יחידות ביצי</ItemName><ManufacturerName>רמות השבים</ManufacturerName><ManufactureCountry>ישראל</ManufactureCountry><ManufacturerItemDescription>ביצים 12 יחידות ביצי</ManufacturerItemDescription><SoldByWeight/><Quantity>12.00</Quantity><UnitOfMeasure>בודד</UnitOfMeasure><QtyInPackage>לא ידוע</QtyInPackage><UnitOfMeasurePrice>2.3333</UnitOfMeasurePrice><AllowDiscount>1</AllowDiscount><ItemStatus>1</ItemStatus><ItemPrice>28.00</ItemPrice></item><item><PriceUpdateDate>2016-02-11 09:34:57</PriceUpdateDate><ItemCode>7290000472003</ItemCode><ItemType>1</ItemType><ItemName>ביצים 12 יחידות גודל</ItemName><ManufacturerName>רמות השבים</ManufacturerName><ManufactureCountry>ישראל</ManufactureCountry><ManufacturerItemDescription>ביצים 12 יחידות גודל</ManufacturerItemDescription><SoldByWeight/><Quantity>12.00</Quantity><UnitOfMeasure>בודד</UnitOfMeasure><QtyInPackage>לא ידוע</QtyInPackage><UnitOfMeasurePrice>1.0417</UnitOfMeasurePrice><AllowDiscount>1</AllowDiscount><ItemStatus>1</ItemStatus><ItemPrice>12.50</ItemPrice></item><item><PriceUpdateDate>2016-02-11 09:34:57</PriceUpdateDate><ItemCode>7290000472010</ItemCode><ItemType>1</ItemType><ItemName>ביצים 12 יחידות גודל</ItemName><ManufacturerName>רמות השבים</ManufacturerName><ManufactureCountry>ישראל</ManufactureCountry><ManufacturerItemDescription>ביצים 12 יחידות גודל</ManufacturerItemDescription><SoldByWeight/><Quantity>14.00</Quantity><UnitOfMeasure>בודד</UnitOfMeasure><QtyInPackage>לא ידוע</QtyInPackage><UnitOfMeasurePrice>0.8179</UnitOfMeasurePrice><AllowDiscount>1</AllowDiscount><ItemStatus>1</ItemStatus><ItemPrice>11.45</ItemPrice></item><item><PriceUpdateDate>2016-02-11 09:34:57</PriceUpdateDate><ItemCode>7290000472027</ItemCode><ItemType>1</ItemType><ItemName>ביצים 12 יחידות גודל</ItemName><ManufacturerName>רמות השבים</ManufacturerName><ManufactureCountry>ישראל</ManufactureCountry><ManufacturerItemDescription>ביצים 12 יחידות גודל</ManufacturerItemDescription><SoldByWeight/><Quantity>12.00</Quantity><UnitOfMeasure>בודד</UnitOfMeasure><QtyInPackage>לא ידוע</QtyInPackage><UnitOfMeasurePrice>0.8792</UnitOfMeasurePrice><AllowDiscount>1</AllowDiscount><ItemStatus>1</ItemStatus><ItemPrice>10.55</ItemPrice></item><item><PriceUpdateDate>2015-10-11 08:15:38</PriceUpdateDate><ItemCode>7290000472034</ItemCode><ItemType>1</ItemType><ItemName>ביצים 12 יחידות אורג</ItemName><ManufacturerName>רמות השבים</ManufacturerName><ManufactureCountry>ישראל</ManufactureCountry><ManufacturerItemDescription>ביצים 12 יחידות אורג</ManufacturerItemDescription><SoldByWeight/><Quantity>12.00</Quantity><UnitOfMeasure>יח'</UnitOfMeasure><QtyInPackage>לא ידוע</QtyInPackage><UnitOfMeasurePrice>2.4167</UnitOfMeasurePrice><AllowDiscount>1</AllowDiscount><ItemStatus>1</ItemStatus><ItemPrice>29.00</ItemPrice></item><item><PriceUpdateDate>2016-05-30 22:02:22</PriceUpdateDate><ItemCode>7290000472164</ItemCode><ItemType>1</ItemType><ItemName>מב פיטנס שוקולד 375</ItemName><ManufacturerName>פיטנס</ManufacturerName><ManufactureCountry>ישראל</ManufactureCountry><ManufacturerItemDescription>מב פיטנס שוקולד 375</ManufacturerItemDescription><SoldByWeight/><Quantity>375.00</Quantity><UnitOfMeasure>גרם     </UnitOfMeasure><QtyInPackage>לא ידוע</QtyInPackage><UnitOfMeasurePrice>0.0531</UnitOfMeasurePrice><AllowDiscount>1</AllowDiscount><ItemStatus>1</ItemStatus><ItemPrice>19.90</ItemPrice></item><item><PriceUpdateDate>2016-05-30 22:02:22</PriceUpdateDate><ItemCode>7290000472171</ItemCode><ItemType>1</ItemType><ItemName>מב דגני בוקר פיטנס ש</ItemName><ManufacturerName>לא ידוע</ManufacturerName><ManufactureCountry>ישראל</ManufactureCountry><ManufacturerItemDescription>מב דגני בוקר פיטנס ש</ManufacturerItemDescription><SoldByWeight/><Quantity>355.00</Quantity><UnitOfMeasure>גרם     </UnitOfMeasure><QtyInPackage>לא ידוע</QtyInPackage><UnitOfMeasurePrice>0.0561</UnitOfMeasurePrice><AllowDiscount>1</AllowDiscount><ItemStatus>1</ItemStatus><ItemPrice>19.90</ItemPrice></item><item><PriceUpdateDate>2016-05-30 22:02:22</PriceUpdateDate><ItemCode>7290000472324</ItemCode><ItemType>1</ItemType><ItemName>מב עוגיות עם גרנולה</ItemName><ManufacturerName>לא ידוע</ManufacturerName><ManufactureCountry>פולין</ManufactureCountry><ManufacturerItemDescription>נייצר וואלי שוקוד 210ג</ManufacturerItemDescription><SoldByWeight/><Quantity>168.00</Quantity><UnitOfMeasure>גרם     </UnitOfMeasure><QtyInPackage>לא ידוע</QtyInPackage><UnitOfMeasurePrice>0.0768</UnitOfMeasurePrice><AllowDiscount>1</AllowDiscount><ItemStatus>1</ItemStatus><ItemPrice>12.90</ItemPrice></item><item><PriceUpdateDate>2016-03-29 06:16:56</PriceUpdateDate><ItemCode>7290000472331</ItemCode><ItemType>1</ItemType><ItemName>שוקולד קוטדור 70% קק</ItemName><ManufacturerName>קוטדור</ManufacturerName><ManufactureCountry>בלגיה</ManufactureCountry><ManufacturerItemDescription>שוקולד קוטדור   קאו100גר</ManufacturerItemDescription><SoldByWeight/><Quantity>100.00</Quantity><UnitOfMeasure>גרם     </UnitOfMeasure><QtyInPackage>לא ידוע</QtyInPackage><UnitOfMeasurePrice>0.1490</UnitOfMeasurePrice><AllowDiscount>1</AllowDiscount><ItemStatus>1</ItemStatus><ItemPrice>14.90</ItemPrice></item><item><PriceUpdateDate>2016-03-29 06:16:56</PriceUpdateDate><ItemCode>7290000472348</ItemCode><ItemType>1</ItemType><ItemName>שוקולד קוטדור תפוז 1</ItemName><ManufacturerName>קוטדור</ManufacturerName><ManufactureCountry>ישראל</ManufactureCountry><ManufacturerItemDescription>שוקולד קוטדור   רנג100'ג</ManufacturerItemDescription><SoldByWeight/><Quantity>100.00</Quantity><UnitOfMeasure>גרם     </UnitOfMeasure><QtyInPackage>לא ידוע</QtyInPackage><UnitOfMeasurePrice>0.1490</UnitOfMeasurePrice><AllowDiscount>1</AllowDiscount><ItemStatus>1</ItemStatus><ItemPrice>14.90</ItemPrice></item><item><PriceUpdateDate>2016-03-29 06:16:56</PriceUpdateDate><ItemCode>7290000472355</ItemCode><ItemType>1</ItemType><ItemName>שוקולד קוטדור 86% קק</ItemName><ManufacturerName>קוטדור</ManufacturerName><ManufactureCountry>בלגיה</ManufactureCountry><ManufacturerItemDescription>שוקולד קוטדור   קאו100גר</ManufacturerItemDescription><SoldByWeight/><Quantity>100.00</Quantity><UnitOfMeasure>גרם     </UnitOfMeasure><QtyInPackage>לא ידוע</QtyInPackage><UnitOfMeasurePrice>0.1490</UnitOfMeasurePrice><AllowDiscount>1</AllowDiscount><ItemStatus>1</ItemStatus><ItemPrice>14.90</ItemPrice></item><item><PriceUpdateDate>2015-06-30 06:46:08</PriceUpdateDate><ItemCode>7290000472362</ItemCode><ItemType>1</ItemType><ItemName>קפה ג'יקובס אספרסו 5</ItemName><ManufacturerName>ג'יקובס</ManufacturerName><ManufactureCountry>ישראל</ManufactureCountry><ManufacturerItemDescription>קפה אספרסו ג'קובס 500גרם</ManufacturerItemDescription><SoldByWeight/><Quantity>500.00</Quantity><UnitOfMeasure>גרם     </UnitOfMeasure><QtyInPackage>לא ידוע</QtyInPackage><UnitOfMeasurePrice>0.0998</UnitOfMeasurePrice><AllowDiscount>1</AllowDiscount><ItemStatus>1</ItemStatus><ItemPrice>49.90</ItemPrice></item><item><PriceUpdateDate>2016-05-02 08:05:34</PriceUpdateDate><ItemCode>7290000472492</ItemCode><ItemType>1</ItemType><ItemName>מב דאו' AI קליר ג'ל</ItemName><ManufacturerName>APDO</ManufacturerName><ManufactureCountry>ישראל</ManufactureCountry><ManufacturerItemDescription>דאו.קליר ג'ל     70 מ"ל</ManufacturerItemDescription><SoldByWeight/><Quantity>70.00</Quantity><UnitOfMeasure>מ"ל</UnitOfMeasure><QtyInPackage>לא ידוע</QtyInPackage><UnitOfMeasurePrice>0.3414</UnitOfMeasurePrice><AllowDiscount>1</AllowDiscount><ItemStatus>1</ItemStatus><ItemPrice>23.90</ItemPrice></item><item><PriceUpdateDate>2016-05-30 22:02:22</PriceUpdateDate><ItemCode>7290000472751</ItemCode><ItemType>1</ItemType><ItemName>מב וופל לואקר קקאו 2</ItemName><ManufacturerName>לואקר</ManufacturerName><ManufactureCountry>אוסטריה</ManufactureCountry><ManufacturerItemDescription>וופל לואקר קקאו 200 גרם</ManufacturerItemDescription><SoldByWeight/><Quantity>200.00</Quantity><UnitOfMeasure>גרם     </UnitOfMeasure><QtyInPackage>לא ידוע</QtyInPackage><UnitOfMeasurePrice>0.0545</UnitOfMeasurePrice><AllowDiscount>1</AllowDiscount><ItemStatus>1</ItemStatus><ItemPrice>10.90</ItemPrice></item><item><PriceUpdateDate>2016-05-30 22:02:22</PriceUpdateDate><ItemCode>7290000472768</ItemCode><ItemType>1</ItemType><ItemName>מב וופל לואקר וניל 2</ItemName><ManufacturerName>לואקר</ManufacturerName><ManufactureCountry>אוסטריה</ManufactureCountry><ManufacturerItemDescription>וופל+קרם וניל לואקר 200 ג</ManufacturerItemDescription><SoldByWeight/><Quantity>200.00</Quantity><UnitOfMeasure>גרם     </UnitOfMeasure><QtyInPackage>לא ידוע</QtyInPackage><UnitOfMeasurePrice>0.0545</UnitOfMeasurePrice><AllowDiscount>1</AllowDiscount><ItemStatus>1</ItemStatus><ItemPrice>10.90</ItemPrice></item><item><PriceUpdateDate>2016-05-02 08:05:34</PriceUpdateDate><ItemCode>7290000472782</ItemCode><ItemType>1</ItemType><ItemName>וופל קואדרטיני טרמיס</ItemName><ManufacturerName>לואקר</ManufacturerName><ManufactureCountry>אוסטריה</ManufactureCountry><ManufacturerItemDescription>וופל קואדרטיני טירמיסו 22</ManufacturerItemDescription><SoldByWeight/><Quantity>250.00</Quantity><UnitOfMeasure>גרם     </UnitOfMeasure><QtyInPackage>לא ידוע</QtyInPackage><UnitOfMeasurePrice>0.0556</UnitOfMeasurePrice><AllowDiscount>1</AllowDiscount><ItemStatus>1</ItemStatus><ItemPrice>13.90</ItemPrice></item><item><PriceUpdateDate>2016-05-02 08:05:34</PriceUpdateDate><ItemCode>7290000472799</ItemCode><ItemType>1</ItemType><ItemName>וופל קואדרטיני אגוז</ItemName><ManufacturerName>לואקר</ManufacturerName><ManufactureCountry>אוסטריה</ManufactureCountry><ManufacturerItemDescription>ופל קואדרטיני   אגוז250ג</ManufacturerItemDescription><SoldByWeight/><Quantity>250.00</Quantity><UnitOfMeasure>גרם     </UnitOfMeasure><QtyInPackage>לא ידוע</QtyInPackage><UnitOfMeasurePrice>0.0556</UnitOfMeasurePrice><AllowDiscount>1</AllowDiscount><ItemStatus>1</ItemStatus><ItemPrice>13.90</ItemPrice></item><item><PriceUpdateDate>2016-05-02 08:05:34</PriceUpdateDate><ItemCode>7290000472805</ItemCode><ItemType>1</ItemType><ItemName>וופל קואדרטיני קקאו</ItemName><ManufacturerName>לואקר</ManufacturerName><ManufactureCountry>אוסטריה</ManufactureCountry><ManufacturerItemDescription>ופל קואדרטיני   קקאו250ג</ManufacturerItemDescription><SoldByWeight/><Quantity>250.00</Quantity><UnitOfMeasure>גרם     </UnitOfMeasure><QtyInPackage>לא ידוע</QtyInPackage><UnitOfMeasurePrice>0.0556</UnitOfMeasurePrice><AllowDiscount>1</AllowDiscount><ItemStatus>1</ItemStatus><ItemPrice>13.90</ItemPrice></item><item><PriceUpdateDate>2016-05-02 08:05:34</PriceUpdateDate><ItemCode>7290000472812</ItemCode><ItemType>1</ItemType><ItemName>מב וופל לואקר אגוז 1</ItemName><ManufacturerName>לואקר</ManufacturerName><ManufactureCountry>אוסטריה</ManufactureCountry><ManufacturerItemDescription>ופלים לואקר     וזים175ג</ManufacturerItemDescription><SoldByWeight/><Quantity>175.00</Quantity><UnitOfMeasure>גרם     </UnitOfMeasure><QtyInPackage>לא ידוע</QtyInPackage><UnitOfMeasurePrice>0.0571</UnitOfMeasurePrice><AllowDiscount>1</AllowDiscount><ItemStatus>1</ItemStatus><ItemPrice>10.00</ItemPrice></item><item><PriceUpdateDate>2016-02-16 12:04:18</PriceUpdateDate><ItemCode>7290000472829</ItemCode><ItemType>1</ItemType><ItemName>וופל גרדנה 200 גרם</ItemName><ManufacturerName>לואקר</ManufacturerName><ManufactureCountry>איטליה</ManufactureCountry><ManufacturerItemDescription>חטיפי ביס גו פיטננה132גר</ManufacturerItemDescription><SoldByWeight/><Quantity>200.00</Quantity><UnitOfMeasure>גרם     </UnitOfMeasure><QtyInPackage>לא ידוע</QtyInPackage><UnitOfMeasurePrice>0.0795</UnitOfMeasurePrice><AllowDiscount>1</AllowDiscount><ItemStatus>1</ItemStatus><ItemPrice>15.90</ItemPrice></item><item><PriceUpdateDate>2016-05-02 08:05:34</PriceUpdateDate><ItemCode>7290000472836</ItemCode><ItemType>1</ItemType><ItemName>מב וופל לואקר קקאו 1</ItemName><ManufacturerName>לואקר</ManufacturerName><ManufactureCountry>אוסטריה</ManufactureCountry><ManufacturerItemDescription>וופל לואקר קקאו 175 גר</ManufacturerItemDescription><SoldByWeight/><Quantity>175.00</Quantity><UnitOfMeasure>גרם     </UnitOfMeasure><QtyInPackage>לא ידוע</QtyInPackage><UnitOfMeasurePrice>0.0571</UnitOfMeasurePrice><AllowDiscount>1</AllowDiscount><ItemStatus>1</ItemStatus><ItemPrice>10.00</ItemPrice></item><item><PriceUpdateDate>2016-05-02 08:05:34</PriceUpdateDate><ItemCode>7290000472843</ItemCode><ItemType>1</ItemType><ItemName>מב וופל לואקר חלב 17</ItemName><ManufacturerName>לואקר</ManufacturerName><ManufactureCountry>ישראל</ManufactureCountry><ManufacturerItemDescription>מב וופל לואקר חלב 17</ManufacturerItemDescription><SoldByWeight/><Quantity>175.00</Quantity><UnitOfMeasure>גרם     </UnitOfMeasure><QtyInPackage>לא ידוע</QtyInPackage><UnitOfMeasurePrice>0.0571</UnitOfMeasurePrice><AllowDiscount>1</AllowDiscount><ItemStatus>1</ItemStatus><ItemPrice>10.00</ItemPrice></item><item><PriceUpdateDate>2016-05-30 22:02:22</PriceUpdateDate><ItemCode>7290000472850</ItemCode><ItemType>1</ItemType><ItemName>טורטינה שישייה חלב 1</ItemName><ManufacturerName>לואקר</ManufacturerName><ManufactureCountry>איטליה</ManufactureCountry><ManufacturerItemDescription>טורטינה אורגינל</ManufacturerItemDescription><SoldByWeight/><Quantity>125.00</Quantity><UnitOfMeasure>גרם     </UnitOfMeasure><QtyInPackage>לא ידוע</QtyInPackage><UnitOfMeasurePrice>0.1704</UnitOfMeasurePrice><AllowDiscount>1</AllowDiscount><ItemStatus>1</ItemStatus><ItemPrice>21.30</ItemPrice></item><item><PriceUpdateDate>2015-11-12 17:56:03</PriceUpdateDate><ItemCode>7290000472881</ItemCode><ItemType>1</ItemType><ItemName>קינדר הפי היפו חמישי</ItemName><ManufacturerName>לא ידוע</ManufacturerName><ManufactureCountry>איטליה</ManufactureCountry><ManufacturerItemDescription>חטיפי ביס גו פיט132 גרם</ManufacturerItemDescription><SoldByWeight/><Quantity>0.00</Quantity><UnitOfMeasure>יח'</UnitOfMeasure><QtyInPackage>לא ידוע</QtyInPackage><UnitOfMeasurePrice>0.0000</UnitOfMeasurePrice><AllowDiscount>1</AllowDiscount><ItemStatus>1</ItemStatus><ItemPrice>17.00</ItemPrice></item><item><PriceUpdateDate>2016-05-30 22:02:22</PriceUpdateDate><ItemCode>7290000472928</ItemCode><ItemType>1</ItemType><ItemName>מאגדת קינדר בואנו חל</ItemName><ManufacturerName>קינדר בואנו</ManufacturerName><ManufactureCountry>פולין</ManufactureCountry><ManufacturerItemDescription>דגנים גו פיט    וזי לוז</ManufacturerItemDescription><SoldByWeight/><Quantity>129.00</Quantity><UnitOfMeasure>גרם     </UnitOfMeasure><QtyInPackage>לא ידוע</QtyInPackage><UnitOfMeasurePrice>0.0969</UnitOfMeasurePrice><AllowDiscount>1</AllowDiscount><ItemStatus>1</ItemStatus><ItemPrice>12.50</ItemPrice></item><item><PriceUpdateDate>2016-02-16 13:35:37</PriceUpdateDate><ItemCode>7290000472959</ItemCode><ItemType>1</ItemType><ItemName>בונבוניירה פררו רושר</ItemName><ManufacturerName>פררו רושר</ManufacturerName><ManufactureCountry>איטליה</ManufactureCountry><ManufacturerItemDescription>דגנים גו פיט    ת 340גר</ManufacturerItemDescription><SoldByWeight/><Quantity>200.00</Quantity><UnitOfMeasure>גרם     </UnitOfMeasure><QtyInPackage>לא ידוע</QtyInPackage><UnitOfMeasurePrice>0.1445</UnitOfMeasurePrice><AllowDiscount>1</AllowDiscount><ItemStatus>1</ItemStatus><ItemPrice>28.90</ItemPrice></item><item><PriceUpdateDate>2016-05-01 21:46:09</PriceUpdateDate><ItemCode>7290000472973</ItemCode><ItemType>1</ItemType><ItemName>אצבעות שוקולד קינדר</ItemName><ManufacturerName>קינדר</ManufacturerName><ManufactureCountry>איטליה</ManufactureCountry><ManufacturerItemDescription>דגנים גו פיט    וקוס340ג</ManufacturerItemDescription><SoldByWeight/><Quantity>200.00</Quantity><UnitOfMeasure>גרם     </UnitOfMeasure><QtyInPackage>לא ידוע</QtyInPackage><UnitOfMeasurePrice>0.0810</UnitOfMeasurePrice><AllowDiscount>1</AllowDiscount><ItemStatus>1</ItemStatus><ItemPrice>16.20</ItemPrice></item><item><PriceUpdateDate>2016-05-30 22:02:22</PriceUpdateDate><ItemCode>7290000473000</ItemCode><ItemType>1</ItemType><ItemName>סבון מוצק דאב רביעיי</ItemName><ManufacturerName>דאב</ManufacturerName><ManufactureCountry>ישראל</ManufactureCountry><ManufacturerItemDescription>סבון מוצק דאב רביעיי</ManufacturerItemDescription><SoldByWeight/><Quantity>400.00</Quantity><UnitOfMeasure>גרם     </UnitOfMeasure><QtyInPackage>לא ידוע</QtyInPackage><UnitOfMeasurePrice>0.0398</UnitOfMeasurePrice><AllowDiscount>1</AllowDiscount><ItemStatus>1</ItemStatus><ItemPrice>15.90</ItemPrice></item><item><PriceUpdateDate>2016-05-01 21:46:09</PriceUpdateDate><ItemCode>7290000473017</ItemCode><ItemType>1</ItemType><ItemName>פיניש מפיץ ריח למדיח</ItemName><ManufacturerName>פיניש</ManufacturerName><ManufactureCountry>הונגריה</ManufactureCountry><ManufacturerItemDescription>פיניש מפיץ ריח למדיח</ManufacturerItemDescription><SoldByWeight/><Quantity>1.00</Quantity><UnitOfMeasure>יח'</UnitOfMeasure><QtyInPackage>לא ידוע</QtyInPackage><UnitOfMeasurePrice>17.9000</UnitOfMeasurePrice><AllowDiscount>1</AllowDiscount><ItemStatus>1</ItemStatus><ItemPrice>17.90</ItemPrice></item><item><PriceUpdateDate>2016-05-30 22:02:22</PriceUpdateDate><ItemCode>7290000473284</ItemCode><ItemType>1</ItemType><ItemName>מלח למדיח פיניש 2 ק'</ItemName><ManufacturerName>פיניש</ManufacturerName><ManufactureCountry>ישראל</ManufactureCountry><ManufacturerItemDescription>פיניש מלח למדיח 2 קג</ManufacturerItemDescription><SoldByWeight/><Quantity>2000.00</Quantity><UnitOfMeasure>מ"ל</UnitOfMeasure><QtyInPackage>לא ידוע</QtyInPackage><UnitOfMeasurePrice>0.0075</UnitOfMeasurePrice><AllowDiscount>1</AllowDiscount><ItemStatus>1</ItemStatus><ItemPrice>14.90</ItemPrice></item><item><PriceUpdateDate>2016-03-29 06:35:45</PriceUpdateDate><ItemCode>7290000473345</ItemCode><ItemType>1</ItemType><ItemName>שעווה חמה בתוספת שומ</ItemName><ManufacturerName>לא ידוע</ManufacturerName><ManufactureCountry>צרפת</ManufactureCountry><ManufacturerItemDescription>שעווה חמה בתוספת שומ</ManufacturerItemDescription><SoldByWeight/><Quantity>455.00</Quantity><UnitOfMeasure>גרם     </UnitOfMeasure><QtyInPackage>לא ידוע</QtyInPackage><UnitOfMeasurePrice>0.0877</UnitOfMeasurePrice><AllowDiscount>1</AllowDiscount><ItemStatus>1</ItemStatus><ItemPrice>39.90</ItemPrice></item><item><PriceUpdateDate>2016-05-30 22:02:23</PriceUpdateDate><ItemCode>7290000473390</ItemCode><ItemType>1</ItemType><ItemName>קפה ג'יקובס גולד 200</ItemName><ManufacturerName>ג'יקובס</ManufacturerName><ManufactureCountry>גרמניה</ManufactureCountry><ManufacturerItemDescription>משחת קולגייט    ף+הלבנ75</ManufacturerItemDescription><SoldByWeight/><Quantity>200.00</Quantity><UnitOfMeasure>גרם     </UnitOfMeasure><QtyInPackage>לא ידוע</QtyInPackage><UnitOfMeasurePrice>0.1495</UnitOfMeasurePrice><AllowDiscount>1</AllowDiscount><ItemStatus>1</ItemStatus><ItemPrice>29.90</ItemPrice></item><item><PriceUpdateDate>2016-05-30 22:02:23</PriceUpdateDate><ItemCode>7290000473420</ItemCode><ItemType>1</ItemType><ItemName>שמפו דאב לשיער צבוע</ItemName><ManufacturerName>דאב</ManufacturerName><ManufactureCountry>ישראל</ManufactureCountry><ManufacturerItemDescription>שמפו דאב לשיער צבוע</ManufacturerItemDescription><SoldByWeight/><Quantity>400.00</Quantity><UnitOfMeasure>מ"ל</UnitOfMeasure><QtyInPackage>לא ידוע</QtyInPackage><UnitOfMeasurePrice>0.0488</UnitOfMeasurePrice><AllowDiscount>1</AllowDiscount><ItemStatus>1</ItemStatus><ItemPrice>19.50</ItemPrice></item><item><PriceUpdateDate>2016-05-30 22:02:23</PriceUpdateDate><ItemCode>7290000473468</ItemCode><ItemType>1</ItemType><ItemName>מרכך דאב 400 מ''ל לש</ItemName><ManufacturerName>דאב</ManufacturerName><ManufactureCountry>ישראל</ManufactureCountry><ManufacturerItemDescription>מרכך דאב 400 מ''ל לש</ManufacturerItemDescription><SoldByWeight/><Quantity>400.00</Quantity><UnitOfMeasure>מ"ל</UnitOfMeasure><QtyInPackage>לא ידוע</QtyInPackage><UnitOfMeasurePrice>0.0488</UnitOfMeasurePrice><AllowDiscount>1</AllowDiscount><ItemStatus>1</ItemStatus><ItemPrice>19.50</ItemPrice></item><item><PriceUpdateDate>2016-05-30 22:02:23</PriceUpdateDate><ItemCode>7290000473482</ItemCode><ItemType>1</ItemType><ItemName>שמפו/מרכך דאב לשיער</ItemName><ManufacturerName>דאב</ManufacturerName><ManufactureCountry>ישראל</ManufactureCountry><ManufacturerItemDescription>שמפו/מרכך דאב לשיער</ManufacturerItemDescription><SoldByWeight/><Quantity>400.00</Quantity><UnitOfMeasure>מ"ל</UnitOfMeasure><QtyInPackage>לא ידוע</QtyInPackage><UnitOfMeasurePrice>0.0488</UnitOfMeasurePrice><AllowDiscount>1</AllowDiscount><ItemStatus>1</ItemStatus><ItemPrice>19.50</ItemPrice></item><item><PriceUpdateDate>2016-05-30 22:02:23</PriceUpdateDate><ItemCode>7290000473550</ItemCode><ItemType>1</ItemType><ItemName>מרכך דאבלשיער פגום 4</ItemName><ManufacturerName>דאב</ManufacturerName><ManufactureCountry>ישראל</ManufactureCountry><ManufacturerItemDescription>מרכך דאב        גום 400מ</ManufacturerItemDescription><SoldByWeight/><Quantity>400.00</Quantity><UnitOfMeasure>מ"ל</UnitOfMeasure><QtyInPackage>לא ידוע</QtyInPackage><UnitOfMeasurePrice>0.0488</UnitOfMeasurePrice><AllowDiscount>1</AllowDiscount><ItemStatus>1</ItemStatus><ItemPrice>19.50</ItemPrice></item><item><PriceUpdateDate>2015-11-12 14:23:22</PriceUpdateDate><ItemCode>7290000473611</ItemCode><ItemType>1</ItemType><ItemName>תה ליפטון ארל גריי 1</ItemName><ManufacturerName>ליפטון</ManufacturerName><ManufactureCountry>ישראל</ManufactureCountry><ManufacturerItemDescription>תה ליפטון ארל גריי 1</ManufacturerItemDescription><SoldByWeight/><Quantity>200.00</Quantity><UnitOfMeasure>גרם     </UnitOfMeasure><QtyInPackage>לא ידוע</QtyInPackage><UnitOfMeasurePrice>0.1525</UnitOfMeasurePrice><AllowDiscount>1</AllowDiscount><ItemStatus>1</ItemStatus><ItemPrice>30.50</ItemPrice></item><item><PriceUpdateDate>2016-05-30 22:02:23</PriceUpdateDate><ItemCode>7290000473802</ItemCode><ItemType>1</ItemType><ItemName>דאו' ספריי אקס שוק 1</ItemName><ManufacturerName>אקס</ManufacturerName><ManufactureCountry>גרמניה</ManufactureCountry><ManufacturerItemDescription>דאודורנט אקס    15 מ"ל</ManufacturerItemDescription><SoldByWeight/><Quantity>150.00</Quantity><UnitOfMeasure>מ"ל</UnitOfMeasure><QtyInPackage>לא ידוע</QtyInPackage><UnitOfMeasurePrice>0.1060</UnitOfMeasurePrice><AllowDiscount>1</AllowDiscount><ItemStatus>1</ItemStatus><ItemPrice>15.90</ItemPrice></item><item><PriceUpdateDate>2016-05-30 22:02:23</PriceUpdateDate><ItemCode>7290000473857</ItemCode><ItemType>1</ItemType><ItemName>מרכך כביסה בדין אקסט</ItemName><ManufacturerName>בדין</ManufacturerName><ManufactureCountry>ישראל</ManufactureCountry><ManufacturerItemDescription>מרכך בדין אקסטראת התפוז</ManufacturerItemDescription><SoldByWeight/><Quantity>960.00</Quantity><UnitOfMeasure>מ"ל</UnitOfMeasure><QtyInPackage>לא ידוע</QtyInPackage><UnitOfMeasurePrice>0.0176</UnitOfMeasurePrice><AllowDiscount>0</AllowDiscount><ItemStatus>1</ItemStatus><ItemPrice>16.90</ItemPrice></item><item><PriceUpdateDate>2015-10-06 15:00:46</PriceUpdateDate><ItemCode>7290000473888</ItemCode><ItemType>1</ItemType><ItemName>רכז רימון טהור 345 ג</ItemName><ManufacturerName>לא ידוע</ManufacturerName><ManufactureCountry>ישראל</ManufactureCountry><ManufacturerItemDescription>רוטב רימונים 345 גרם</ManufacturerItemDescription><SoldByWeight/><Quantity>346.00</Quantity><UnitOfMeasure>מ"ל</UnitOfMeasure><QtyInPackage>לא ידוע</QtyInPackage><UnitOfMeasurePrice>0.0546</UnitOfMeasurePrice><AllowDiscount>1</AllowDiscount><ItemStatus>1</ItemStatus><ItemPrice>18.90</ItemPrice></item><item><PriceUpdateDate>2016-03-29 13:00:19</PriceUpdateDate><ItemCode>7290000473949</ItemCode><ItemType>1</ItemType><ItemName>סוכריות מיני מנטוס מ</ItemName><ManufacturerName>מנטוס</ManufacturerName><ManufactureCountry>ישראל</ManufactureCountry><ManufacturerItemDescription>סוכריות מיני מנטוס מ</ManufacturerItemDescription><SoldByWeight/><Quantity>178.00</Quantity><UnitOfMeasure>גרם     </UnitOfMeasure><QtyInPackage>לא ידוע</QtyInPackage><UnitOfMeasurePrice>0.0938</UnitOfMeasurePrice><AllowDiscount>1</AllowDiscount><ItemStatus>1</ItemStatus><ItemPrice>16.70</ItemPrice></item><item><PriceUpdateDate>2016-02-11 09:34:58</PriceUpdateDate><ItemCode>7290000474021</ItemCode><ItemType>1</ItemType><ItemName>חלב טרה 3% בשקית 1 ל</ItemName><ManufacturerName>טרה</ManufacturerName><ManufactureCountry>ישראל</ManufactureCountry><ManufacturerItemDescription>חלב1 3% ל.שקית מהדרין פיק</ManufacturerItemDescription><SoldByWeight/><Quantity>1000.00</Quantity><UnitOfMeasure>מ"ל</UnitOfMeasure><QtyInPackage>לא ידוע</QtyInPackage><UnitOfMeasurePrice>0.0050</UnitOfMeasurePrice><AllowDiscount>1</AllowDiscount><ItemStatus>1</ItemStatus><ItemPrice>5.00</ItemPrice></item><item><PriceUpdateDate>2016-02-12 09:30:20</PriceUpdateDate><ItemCode>7290000474076</ItemCode><ItemType>1</ItemType><ItemName>חלב טרה 3% בקרטון 1</ItemName><ManufacturerName>טרה</ManufacturerName><ManufactureCountry>ישראל</ManufactureCountry><ManufacturerItemDescription>חלב1 3% ל.קרטון מהדרין פי</ManufacturerItemDescription><SoldByWeight/><Quantity>1000.00</Quantity><UnitOfMeasure>מ"ל</UnitOfMeasure><QtyInPackage>לא ידוע</QtyInPackage><UnitOfMeasurePrice>0.0058</UnitOfMeasurePrice><AllowDiscount>1</AllowDiscount><ItemStatus>1</ItemStatus><ItemPrice>5.75</ItemPrice></item><item><PriceUpdateDate>2016-02-11 09:34:58</PriceUpdateDate><ItemCode>7290000474090</ItemCode><ItemType>1</ItemType><ItemName>חלב טרה 1% בקרטון 1</ItemName><ManufacturerName>טרה</ManufacturerName><ManufactureCountry>ישראל</ManufactureCountry><ManufacturerItemDescription>חלב1 1% ל.קרטון פיקוח</ManufacturerItemDescription><SoldByWeight/><Quantity>1000.00</Quantity><UnitOfMeasure>מ"ל</UnitOfMeasure><QtyInPackage>לא ידוע</QtyInPackage><UnitOfMeasurePrice>0.0054</UnitOfMeasurePrice><AllowDiscount>1</AllowDiscount><ItemStatus>1</ItemStatus><ItemPrice>5.40</ItemPrice></item><item><PriceUpdateDate>2014-11-03 06:37:00</PriceUpdateDate><ItemCode>7290000474229</ItemCode><ItemType>1</ItemType><ItemName>נס קפה טייסטר צויס 3</ItemName><ManufacturerName>טסטרס צויס</ManufacturerName><ManufactureCountry>ישראל</ManufactureCountry><ManufacturerItemDescription>קפה טסטרס צ'וייסT 36 גרם</ManufacturerItemDescription><SoldByWeight/><Quantity>360.00</Quantity><UnitOfMeasure>גרם     </UnitOfMeasure><QtyInPackage>לא ידוע</QtyInPackage><UnitOfMeasurePrice>0.0350</UnitOfMeasurePrice><AllowDiscount>1</AllowDiscount><ItemStatus>1</ItemStatus><ItemPrice>12.60</ItemPrice></item><item><PriceUpdateDate>2014-12-28 11:21:39</PriceUpdateDate><ItemCode>7290000474311</ItemCode><ItemType>1</ItemType><ItemName>תחליב גוף ואזלין אלו</ItemName><ManufacturerName>וזלין</ManufacturerName><ManufactureCountry>ישראל</ManufactureCountry><ManufacturerItemDescription>תחליב גוף ואזלין אלו</ManufacturerItemDescription><SoldByWeight/><Quantity>725.00</Quantity><UnitOfMeasure>מ"ל</UnitOfMeasure><QtyInPackage>לא ידוע</QtyInPackage><UnitOfMeasurePrice>0.0531</UnitOfMeasurePrice><AllowDiscount>1</AllowDiscount><ItemStatus>1</ItemStatus><ItemPrice>38.50</ItemPrice></item><item><PriceUpdateDate>2016-02-11 09:34:58</PriceUpdateDate><ItemCode>7290000474410</ItemCode><ItemType>1</ItemType><ItemName>חמאה 100 גרם טרה</ItemName><ManufacturerName>טרה</ManufacturerName><ManufactureCountry>ישראל</ManufactureCountry><ManufacturerItemDescription>חמאה 100 גרם טרה</ManufacturerItemDescription><SoldByWeight/><Quantity>100.00</Quantity><UnitOfMeasure>גרם     </UnitOfMeasure><QtyInPackage>לא ידוע</QtyInPackage><UnitOfMeasurePrice>0.0380</UnitOfMeasurePrice><AllowDiscount>1</AllowDiscount><ItemStatus>1</ItemStatus><ItemPrice>3.80</ItemPrice></item><item><PriceUpdateDate>2016-02-11 09:34:58</PriceUpdateDate><ItemCode>7290000474502</ItemCode><ItemType>1</ItemType><ItemName>גבינה לבנה 5% טרה מה</ItemName><ManufacturerName>טרה</ManufacturerName><ManufactureCountry>ישראל</ManufactureCountry><ManufacturerItemDescription>גבינה לבנה250 5% גר  פיקו</ManufacturerItemDescription><SoldByWeight/><Quantity>250.00</Quantity><UnitOfMeasure>גרם     </UnitOfMeasure><QtyInPackage>לא ידוע</QtyInPackage><UnitOfMeasurePrice>0.0184</UnitOfMeasurePrice><AllowDiscount>1</AllowDiscount><ItemStatus>1</ItemStatus><ItemPrice>4.60</ItemPrice></item><item><PriceUpdateDate>2015-10-11 18:10:44</PriceUpdateDate><ItemCode>7290000474540</ItemCode><ItemType>1</ItemType><ItemName>גבינה טוב טעם 3% 250</ItemName><ManufacturerName>טוב טעם -גבינה</ManufacturerName><ManufactureCountry>ישראל</ManufactureCountry><ManufacturerItemDescription>גבינה טוב טעם250 3% גר</ManufacturerItemDescription><SoldByWeight/><Quantity>250.00</Quantity><UnitOfMeasure>גרם     </UnitOfMeasure><QtyInPackage>לא ידוע</QtyInPackage><UnitOfMeasurePrice>0.0468</UnitOfMeasurePrice><AllowDiscount>1</AllowDiscount><ItemStatus>1</ItemStatus><ItemPrice>11.70</ItemPrice></item><item><PriceUpdateDate>2015-11-12 17:54:55</PriceUpdateDate><ItemCode>7290000474663</ItemCode><ItemType>1</ItemType><ItemName>אבקת כביסה תינוקלין</ItemName><ManufacturerName>תינוקלין</ManufacturerName><ManufactureCountry>ישראל</ManufactureCountry><ManufacturerItemDescription>אבקת כביסה תינוקלין</ManufacturerItemDescription><SoldByWeight/><Quantity>1250.00</Quantity><UnitOfMeasure>גרם     </UnitOfMeasure><QtyInPackage>לא ידוע</QtyInPackage><UnitOfMeasurePrice>0.0222</UnitOfMeasurePrice><AllowDiscount>1</AllowDiscount><ItemStatus>1</ItemStatus><ItemPrice>27.70</ItemPrice></item><item><PriceUpdateDate>2016-02-11 09:32:36</PriceUpdateDate><ItemCode>7290000474755</ItemCode><ItemType>1</ItemType><ItemName>חלב 3% בדץ בשקית 1 ל</ItemName><ManufacturerName>חלב תנובה</ManufacturerName><ManufactureCountry>ישראל</ManufactureCountry><ManufacturerItemDescription>חלב1 3% ל.שקית בדץ פיקוח</ManufacturerItemDescription><SoldByWeight/><Quantity>1000.00</Quantity><UnitOfMeasure>מ"ל</UnitOfMeasure><QtyInPackage>לא ידוע</QtyInPackage><UnitOfMeasurePrice>0.0050</UnitOfMeasurePrice><AllowDiscount>1</AllowDiscount><ItemStatus>1</ItemStatus><ItemPrice>5.00</ItemPrice></item><item><PriceUpdateDate>2016-05-30 22:02:23</PriceUpdateDate><ItemCode>7290000474779</ItemCode><ItemType>1</ItemType><ItemName>פתיתים אפויים 500 גר</ItemName><ManufacturerName>פסטה אסם</ManufacturerName><ManufactureCountry>ישראל</ManufactureCountry><ManufacturerItemDescription>פתיתים אפויים אורז500 גר</ManufacturerItemDescription><SoldByWeight/><Quantity>500.00</Quantity><UnitOfMeasure>גרם     </UnitOfMeasure><QtyInPackage>לא ידוע</QtyInPackage><UnitOfMeasurePrice>0.0118</UnitOfMeasurePrice><AllowDiscount>1</AllowDiscount><ItemStatus>1</ItemStatus><ItemPrice>5.90</ItemPrice></item><item><PriceUpdateDate>2016-05-30 22:02:23</PriceUpdateDate><ItemCode>7290000474793</ItemCode><ItemType>1</ItemType><ItemName>אטריות מובחר בינוני</ItemName><ManufacturerName>אסם</ManufacturerName><ManufactureCountry>ישראל</ManufactureCountry><ManufacturerItemDescription>אטריות מובחר בינוניות 400</ManufacturerItemDescription><SoldByWeight/><Quantity>400.00</Quantity><UnitOfMeasure>גרם     </UnitOfMeasure><QtyInPackage>לא ידוע</QtyInPackage><UnitOfMeasurePrice>0.0148</UnitOfMeasurePrice><AllowDiscount>1</AllowDiscount><ItemStatus>1</ItemStatus><ItemPrice>5.90</ItemPrice></item><item><PriceUpdateDate>2016-03-16 15:40:33</PriceUpdateDate><ItemCode>7290000474823</ItemCode><ItemType>1</ItemType><ItemName>חטיף ביסלי בצל 190 ג</ItemName><ManufacturerName>ביסלי</ManufacturerName><ManufactureCountry>ישראל</ManufactureCountry><ManufacturerItemDescription>ביסלי בצל 190 גר</ManufacturerItemDescription><SoldByWeight/><Quantity>190.00</Quantity><UnitOfMeasure>גרם     </UnitOfMeasure><QtyInPackage>לא ידוע</QtyInPackage><UnitOfMeasurePrice>0.0416</UnitOfMeasurePrice><AllowDiscount>1</AllowDiscount><ItemStatus>1</ItemStatus><ItemPrice>7.90</ItemPrice></item><item><PriceUpdateDate>2016-05-30 22:02:23</PriceUpdateDate><ItemCode>7290000474861</ItemCode><ItemType>1</ItemType><ItemName>סיף פנטסטיק לניקוי כ</ItemName><ManufacturerName>סיף</ManufacturerName><ManufactureCountry>ישראל</ManufactureCountry><ManufacturerItemDescription>סיף פנטסטיק לניקוי כ</ManufacturerItemDescription><SoldByWeight/><Quantity>4000.00</Quantity><UnitOfMeasure>מ"ל</UnitOfMeasure><QtyInPackage>לא ידוע</QtyInPackage><UnitOfMeasurePrice>0.0055</UnitOfMeasurePrice><AllowDiscount>1</AllowDiscount><ItemStatus>1</ItemStatus><ItemPrice>21.90</ItemPrice></item><item><PriceUpdateDate>2016-05-30 22:02:24</PriceUpdateDate><ItemCode>7290000475011</ItemCode><ItemType>1</ItemType><ItemName>מרק דגש בשקית 1 ק"ג</ItemName><ManufacturerName>תלמה</ManufacturerName><ManufactureCountry>ישראל</ManufactureCountry><ManufacturerItemDescription>מרק דגש בשקית 1 ק"ג</ManufacturerItemDescription><SoldByWeight/><Quantity>1000.00</Quantity><UnitOfMeasure>גרם     </UnitOfMeasure><QtyInPackage>לא ידוע</QtyInPackage><UnitOfMeasurePrice>0.0149</UnitOfMeasurePrice><AllowDiscount>1</AllowDiscount><ItemStatus>1</ItemStatus><ItemPrice>14.90</ItemPrice></item><item><PriceUpdateDate>2016-05-30 22:02:24</PriceUpdateDate><ItemCode>7290000475042</ItemCode><ItemType>1</ItemType><ItemName>מב רוטב קנור צ'לי מת</ItemName><ManufacturerName>קנור</ManufacturerName><ManufactureCountry>ישראל</ManufactureCountry><ManufacturerItemDescription>מב רוטב קנור צ'לי מת</ManufacturerItemDescription><SoldByWeight/><Quantity>300.00</Quantity><UnitOfMeasure>גרם     </UnitOfMeasure><QtyInPackage>לא ידוע</QtyInPackage><UnitOfMeasurePrice>0.0333</UnitOfMeasurePrice><AllowDiscount>1</AllowDiscount><ItemStatus>1</ItemStatus><ItemPrice>10.00</ItemPrice></item><item><PriceUpdateDate>2016-05-30 22:02:24</PriceUpdateDate><ItemCode>7290000475059</ItemCode><ItemType>1</ItemType><ItemName>מב רוטב סויה קנור 30</ItemName><ManufacturerName>קנור</ManufacturerName><ManufactureCountry>ישראל</ManufactureCountry><ManufacturerItemDescription>מב רוטב סויה קנור 30</ManufacturerItemDescription><SoldByWeight/><Quantity>300.00</Quantity><UnitOfMeasure>גרם     </UnitOfMeasure><QtyInPackage>לא ידוע</QtyInPackage><UnitOfMeasurePrice>0.0333</UnitOfMeasurePrice><AllowDiscount>1</AllowDiscount><ItemStatus>1</ItemStatus><ItemPrice>10.00</ItemPrice></item><item><PriceUpdateDate>2016-03-29 13:00:19</PriceUpdateDate><ItemCode>7290000475097</ItemCode><ItemType>1</ItemType><ItemName>חטיף דגנים שוגי קורנ</ItemName><ManufacturerName>שוגי</ManufacturerName><ManufactureCountry>ישראל</ManufactureCountry><ManufacturerItemDescription>חטיף דגנים שוגי 208 1/8 ג</ManufacturerItemDescription><SoldByWeight/><Quantity>208.00</Quantity><UnitOfMeasure>גרם     </UnitOfMeasure><QtyInPackage>לא ידוע</QtyInPackage><UnitOfMeasurePrice>0.1077</UnitOfMeasurePrice><AllowDiscount>1</AllowDiscount><ItemStatus>1</ItemStatus><ItemPrice>22.40</ItemPrice></item><item><PriceUpdateDate>2015-11-03 08:37:45</PriceUpdateDate><ItemCode>7290000475110</ItemCode><ItemType>1</ItemType><ItemName>שוקולד קליק חלב עוגי</ItemName><ManufacturerName>קליק ורד הגליל</ManufacturerName><ManufactureCountry>ישראל</ManufactureCountry><ManufacturerItemDescription>שוקולד קליק חלב עוגי</ManufacturerItemDescription><SoldByWeight/><Quantity>100.00</Quantity><UnitOfMeasure>גרם     </UnitOfMeasure><QtyInPackage>לא ידוע</QtyInPackage><UnitOfMeasurePrice>0.0710</UnitOfMeasurePrice><AllowDiscount>1</AllowDiscount><ItemStatus>1</ItemStatus><ItemPrice>7.10</ItemPrice></item><item><PriceUpdateDate>2016-02-08 09:01:59</PriceUpdateDate><ItemCode>7290000475127</ItemCode><ItemType>1</ItemType><ItemName>מיונז הלמנס 394 גרם</ItemName><ManufacturerName>הלמנס</ManufacturerName><ManufactureCountry>ארצות הברית</ManufactureCountry><ManufacturerItemDescription>שוקולד מריר 60% קטה3*100</ManufacturerItemDescription><SoldByWeight/><Quantity>394.00</Quantity><UnitOfMeasure>גרם     </UnitOfMeasure><QtyInPackage>לא ידוע</QtyInPackage><UnitOfMeasurePrice>0.0378</UnitOfMeasurePrice><AllowDiscount>1</AllowDiscount><ItemStatus>1</ItemStatus><ItemPrice>14.90</ItemPrice></item><item><PriceUpdateDate>2016-03-01 06:42:29</PriceUpdateDate><ItemCode>7290000475134</ItemCode><ItemType>1</ItemType><ItemName>גבינת טעם טוב 100 גר</ItemName><ManufacturerName>מון בלאן</ManufacturerName><ManufactureCountry>ישראל</ManufactureCountry><ManufacturerItemDescription>גבינה טעם טוב 100 גר</ManufacturerItemDescription><SoldByWeight/><Quantity>100.00</Quantity><UnitOfMeasure>גרם     </UnitOfMeasure><QtyInPackage>לא ידוע</QtyInPackage><UnitOfMeasurePrice>0.1010</UnitOfMeasurePrice><AllowDiscount>1</AllowDiscount><ItemStatus>1</ItemStatus><ItemPrice>10.10</ItemPrice></item><item><PriceUpdateDate>2016-06-01 09:41:31</PriceUpdateDate><ItemCode>7290000475141</ItemCode><ItemType>1</ItemType><ItemName>מב מון בלאן טעם שויצ</ItemName><ManufacturerName>מון בלאן</ManufacturerName><ManufactureCountry>ישראל</ManufactureCountry><ManufacturerItemDescription>גבינה מותכת7%שומן-שוויצרי</ManufacturerItemDescription><SoldByWeight/><Quantity>120.00</Quantity><UnitOfMeasure>גרם     </UnitOfMeasure><QtyInPackage>לא ידוע</QtyInPackage><UnitOfMeasurePrice>0.0908</UnitOfMeasurePrice><AllowDiscount>1</AllowDiscount><ItemStatus>1</ItemStatus><ItemPrice>10.90</ItemPrice></item><item><PriceUpdateDate>2016-06-01 09:41:31</PriceUpdateDate><ItemCode>7290000475158</ItemCode><ItemType>1</ItemType><ItemName>מב גבינה מון בלאן עם</ItemName><ManufacturerName>מון בלאן</ManufacturerName><ManufactureCountry>ישראל</ManufactureCountry><ManufacturerItemDescription>גבינה מותכת7%שומן עם זית</ManufacturerItemDescription><SoldByWeight/><Quantity>120.00</Quantity><UnitOfMeasure>גרם     </UnitOfMeasure><QtyInPackage>לא ידוע</QtyInPackage><UnitOfMeasurePrice>0.0908</UnitOfMeasurePrice><AllowDiscount>1</AllowDiscount><ItemStatus>1</ItemStatus><ItemPrice>10.90</ItemPrice></item><item><PriceUpdateDate>2016-06-06 11:50:47</PriceUpdateDate><ItemCode>7290000475202</ItemCode><ItemType>1</ItemType><ItemName>מב קונפיטורה 778 אוכ</ItemName><ManufacturerName>778</ManufacturerName><ManufactureCountry>ישראל</ManufactureCountry><ManufacturerItemDescription>מב קונפיטורה 778 אוכ</ManufacturerItemDescription><SoldByWeight/><Quantity>285.00</Quantity><UnitOfMeasure>גרם     </UnitOfMeasure><QtyInPackage>לא ידוע</QtyInPackage><UnitOfMeasurePrice>0.0418</UnitOfMeasurePrice><AllowDiscount>1</AllowDiscount><ItemStatus>1</ItemStatus><ItemPrice>11.90</ItemPrice></item><item><PriceUpdateDate>2016-05-30 22:02:24</PriceUpdateDate><ItemCode>7290000475226</ItemCode><ItemType>1</ItemType><ItemName>פתית בצל 250 גרם</ItemName><ManufacturerName>פתית</ManufacturerName><ManufactureCountry>ישראל</ManufactureCountry><ManufacturerItemDescription>פתית בצל 250 גרם</ManufacturerItemDescription><SoldByWeight/><Quantity>250.00</Quantity><UnitOfMeasure>גרם     </UnitOfMeasure><QtyInPackage>לא ידוע</QtyInPackage><UnitOfMeasurePrice>0.0708</UnitOfMeasurePrice><AllowDiscount>1</AllowDiscount><ItemStatus>1</ItemStatus><ItemPrice>17.70</ItemPrice></item><item><PriceUpdateDate>2015-10-21 13:53:00</PriceUpdateDate><ItemCode>7290000475233</ItemCode><ItemType>1</ItemType><ItemName>סירופ אפיכל שוקולד 6</ItemName><ManufacturerName>אפיכל</ManufacturerName><ManufactureCountry>ישראל</ManufactureCountry><ManufacturerItemDescription>סירופ אפיכל שוקולד 6</ManufacturerItemDescription><SoldByWeight/><Quantity>600.00</Quantity><UnitOfMeasure>מ"ל</UnitOfMeasure><QtyInPackage>לא ידוע</QtyInPackage><UnitOfMeasurePrice>0.0320</UnitOfMeasurePrice><AllowDiscount>1</AllowDiscount><ItemStatus>1</ItemStatus><ItemPrice>19.20</ItemPrice></item><item><PriceUpdateDate>2015-10-21 13:53:00</PriceUpdateDate><ItemCode>7290000475240</ItemCode><ItemType>1</ItemType><ItemName>סירופ אפיכל מייפל 60</ItemName><ManufacturerName>אפיכל</ManufacturerName><ManufactureCountry>ישראל</ManufactureCountry><ManufacturerItemDescription>סירופ אפיכל מייפל 60</ManufacturerItemDescription><SoldByWeight/><Quantity>600.00</Quantity><UnitOfMeasure>מ"ל</UnitOfMeasure><QtyInPackage>לא ידוע</QtyInPackage><UnitOfMeasurePrice>0.0320</UnitOfMeasurePrice><AllowDiscount>1</AllowDiscount><ItemStatus>1</ItemStatus><ItemPrice>19.20</ItemPrice></item><item><PriceUpdateDate>2016-05-30 22:02:24</PriceUpdateDate><ItemCode>7290000475271</ItemCode><ItemType>1</ItemType><ItemName>מב רוטב קנור מקסיקני</ItemName><ManufacturerName>קנור</ManufacturerName><ManufactureCountry>ישראל</ManufactureCountry><ManufacturerItemDescription>מב רוטב קנור מקסיקני</ManufacturerItemDescription><SoldByWeight/><Quantity>300.00</Quantity><UnitOfMeasure>גרם     </UnitOfMeasure><QtyInPackage>לא ידוע</QtyInPackage><UnitOfMeasurePrice>0.0333</UnitOfMeasurePrice><AllowDiscount>1</AllowDiscount><ItemStatus>1</ItemStatus><ItemPrice>10.00</ItemPrice></item><item><PriceUpdateDate>2016-01-05 08:48:26</PriceUpdateDate><ItemCode>7290000475349</ItemCode><ItemType>1</ItemType><ItemName>מאגדת שלישיה חלב ורד</ItemName><ManufacturerName>ורד הגליל</ManufacturerName><ManufactureCountry>ישראל</ManufactureCountry><ManufacturerItemDescription>מאגדת שלישיה חלב ורד</ManufacturerItemDescription><SoldByWeight/><Quantity>300.00</Quantity><UnitOfMeasure>גרם     </UnitOfMeasure><QtyInPackage>לא ידוע</QtyInPackage><UnitOfMeasurePrice>0.0577</UnitOfMeasurePrice><AllowDiscount>1</AllowDiscount><ItemStatus>1</ItemStatus><ItemPrice>17.30</ItemPrice></item><item><PriceUpdateDate>2016-06-06 11:50:47</PriceUpdateDate><ItemCode>7290000475363</ItemCode><ItemType>1</ItemType><ItemName>מב קונפיטור 778 דובד</ItemName><ManufacturerName>778</ManufacturerName><ManufactureCountry>ישראל</ManufactureCountry><ManufacturerItemDescription>מב קונפיטור 778 דובד</ManufacturerItemDescription><SoldByWeight/><Quantity>330.00</Quantity><UnitOfMeasure>גרם     </UnitOfMeasure><QtyInPackage>לא ידוע</QtyInPackage><UnitOfMeasurePrice>0.0361</UnitOfMeasurePrice><AllowDiscount>1</AllowDiscount><ItemStatus>1</ItemStatus><ItemPrice>11.90</ItemPrice></item><item><PriceUpdateDate>2016-03-16 15:40:33</PriceUpdateDate><ItemCode>7290000475387</ItemCode><ItemType>1</ItemType><ItemName>מרכך הוואי לילדים 70</ItemName><ManufacturerName>הוואי</ManufacturerName><ManufactureCountry>ישראל</ManufactureCountry><ManufacturerItemDescription>מרכך הוואי לילדים 70</ManufacturerItemDescription><SoldByWeight/><Quantity>700.00</Quantity><UnitOfMeasure>מ"ל</UnitOfMeasure><QtyInPackage>לא ידוע</QtyInPackage><UnitOfMeasurePrice>0.0141</UnitOfMeasurePrice><AllowDiscount>0</AllowDiscount><ItemStatus>1</ItemStatus><ItemPrice>9.90</ItemPrice></item><item><PriceUpdateDate>2015-10-20 17:06:00</PriceUpdateDate><ItemCode>7290000475431</ItemCode><ItemType>1</ItemType><ItemName>סבון מוצק הוואי ורוד</ItemName><ManufacturerName>הוואי</ManufacturerName><ManufactureCountry>ישראל</ManufactureCountry><ManufacturerItemDescription>סבון הוואי מוצק ורוד</ManufacturerItemDescription><SoldByWeight/><Quantity>400.00</Quantity><UnitOfMeasure>גרם     </UnitOfMeasure><QtyInPackage>לא ידוע</QtyInPackage><UnitOfMeasurePrice>0.0380</UnitOfMeasurePrice><AllowDiscount>1</AllowDiscount><ItemStatus>1</ItemStatus><ItemPrice>15.20</ItemPrice></item><item><PriceUpdateDate>2015-10-21 13:55:22</PriceUpdateDate><ItemCode>7290000475462</ItemCode><ItemType>1</ItemType><ItemName>גת פיסטוק קלוי 200 ג</ItemName><ManufacturerName>ליימן חטיבת המותגים</ManufacturerName><ManufactureCountry>ישראל</ManufactureCountry><ManufacturerItemDescription>פיסטוק קלוי 200 גרם</ManufacturerItemDescription><SoldByWeight/><Quantity>200.00</Quantity><UnitOfMeasure>גרם     </UnitOfMeasure><QtyInPackage>לא ידוע</QtyInPackage><UnitOfMeasurePrice>0.1275</UnitOfMeasurePrice><AllowDiscount>1</AllowDiscount><ItemStatus>1</ItemStatus><ItemPrice>25.50</ItemPrice></item><item><PriceUpdateDate>2016-05-01 21:46:10</PriceUpdateDate><ItemCode>7290000475479</ItemCode><ItemType>1</ItemType><ItemName>נייר טואלט לילי טריו</ItemName><ManufacturerName>לילי</ManufacturerName><ManufactureCountry>ישראל</ManufactureCountry><ManufacturerItemDescription>לילי טריו 32 יחידות</ManufacturerItemDescription><SoldByWeight/><Quantity>535.00</Quantity><UnitOfMeasure>מטר</UnitOfMeasure><QtyInPackage>לא ידוע</QtyInPackage><UnitOfMeasurePrice>0.0923</UnitOfMeasurePrice><AllowDiscount>1</AllowDiscount><ItemStatus>1</ItemStatus><ItemPrice>49.40</ItemPrice></item><item><PriceUpdateDate>2015-11-13 10:30:11</PriceUpdateDate><ItemCode>7290000475486</ItemCode><ItemType>1</ItemType><ItemName>מגבת נייר ויוה</ItemName><ManufacturerName>ויוה</ManufacturerName><ManufactureCountry>ישראל</ManufactureCountry><ManufacturerItemDescription>מגבת נייר ויוה 64 דף בגלי</ManufacturerItemDescription><SoldByWeight/><Quantity>1.00</Quantity><UnitOfMeasure>יח'</UnitOfMeasure><QtyInPackage>לא ידוע</QtyInPackage><UnitOfMeasurePrice>20.7000</UnitOfMeasurePrice><AllowDiscount>1</AllowDiscount><ItemStatus>1</ItemStatus><ItemPrice>20.70</ItemPrice></item><item><PriceUpdateDate>2016-01-05 08:48:26</PriceUpdateDate><ItemCode>7290000475493</ItemCode><ItemType>1</ItemType><ItemName>מב מגבת נייר ניקול ש</ItemName><ManufacturerName>ניקול</ManufacturerName><ManufactureCountry>ישראל</ManufactureCountry><ManufacturerItemDescription>מגבת נייר ניקול</ManufacturerItemDescription><SoldByWeight/><Quantity>6.00</Quantity><UnitOfMeasure>מטר</UnitOfMeasure><QtyInPackage>לא ידוע</QtyInPackage><UnitOfMeasurePrice>1.6500</UnitOfMeasurePrice><AllowDiscount>1</AllowDiscount><ItemStatus>1</ItemStatus><ItemPrice>9.90</ItemPrice></item><item><PriceUpdateDate>2016-05-02 08:05:34</PriceUpdateDate><ItemCode>7290000475516</ItemCode><ItemType>1</ItemType><ItemName>מב מארז שלישייה מגבו</ItemName><ManufacturerName>לילי</ManufacturerName><ManufactureCountry>ישראל</ManufactureCountry><ManufacturerItemDescription>מגבוני לילי צבעוני בניילו</ManufacturerItemDescription><SoldByWeight/><Quantity>0.00</Quantity><UnitOfMeasure>יח'</UnitOfMeasure><QtyInPackage>לא ידוע</QtyInPackage><UnitOfMeasurePrice>0.0000</UnitOfMeasurePrice><AllowDiscount>1</AllowDiscount><ItemStatus>1</ItemStatus><ItemPrice>8.90</ItemPrice></item><item><PriceUpdateDate>2015-10-20 17:05:47</PriceUpdateDate><ItemCode>7290000475530</ItemCode><ItemType>1</ItemType><ItemName>תחבושות נובה לי 28 י</ItemName><ManufacturerName>לא ידוע</ManufacturerName><ManufactureCountry>ישראל</ManufactureCountry><ManufacturerItemDescription>תחבושות נובה לי בודד 28 י</ManufacturerItemDescription><SoldByWeight/><Quantity>28.00</Quantity><UnitOfMeasure>בודד</UnitOfMeasure><QtyInPackage>לא ידוע</QtyInPackage><UnitOfMeasurePrice>0.4714</UnitOfMeasurePrice><AllowDiscount>1</AllowDiscount><ItemStatus>1</ItemStatus><ItemPrice>13.20</ItemPrice></item><item><PriceUpdateDate>2014-11-03 06:36:51</PriceUpdateDate><ItemCode>7290000475547</ItemCode><ItemType>1</ItemType><ItemName>תחבושת לילי אינטימיי</ItemName><ManufacturerName>לילי</ManufacturerName><ManufactureCountry>ישראל</ManufactureCountry><ManufacturerItemDescription>תחבושת לילי אינטימיי</ManufacturerItemDescription><SoldByWeight/><Quantity>18.00</Quantity><UnitOfMeasure>בודד</UnitOfMeasure><QtyInPackage>לא ידוע</QtyInPackage><UnitOfMeasurePrice>0.5667</UnitOfMeasurePrice><AllowDiscount>1</AllowDiscount><ItemStatus>1</ItemStatus><ItemPrice>10.20</ItemPrice></item><item><PriceUpdateDate>2015-11-16 11:40:27</PriceUpdateDate><ItemCode>7290000475622</ItemCode><ItemType>1</ItemType><ItemName>שקיות ריצ רץ ניקול</ItemName><ManufacturerName>ניקול</ManufacturerName><ManufactureCountry>ישראל</ManufactureCountry><ManufacturerItemDescription>שקית ריצרץX18 בקופסא 15 י</ManufacturerItemDescription><SoldByWeight/><Quantity>1.00</Quantity><UnitOfMeasure>יח'</UnitOfMeasure><QtyInPackage>לא ידוע</QtyInPackage><UnitOfMeasurePrice>16.7000</UnitOfMeasurePrice><AllowDiscount>1</AllowDiscount><ItemStatus>1</ItemStatus><ItemPrice>16.70</ItemPrice></item><item><PriceUpdateDate>2015-11-16 11:40:27</PriceUpdateDate><ItemCode>7290000475639</ItemCode><ItemType>1</ItemType><ItemName>שקיות ענק עם רוכסן נ</ItemName><ManufacturerName>ניקול</ManufacturerName><ManufactureCountry>ישראל</ManufactureCountry><ManufacturerItemDescription>שקית ריצרץX28 בקופסא12 יח</ManufacturerItemDescription><SoldByWeight/><Quantity>1.00</Quantity><UnitOfMeasure>יח'</UnitOfMeasure><QtyInPackage>לא ידוע</QtyInPackage><UnitOfMeasurePrice>15.6000</UnitOfMeasurePrice><AllowDiscount>1</AllowDiscount><ItemStatus>1</ItemStatus><ItemPrice>15.60</ItemPrice></item><item><PriceUpdateDate>2016-05-01 21:46:10</PriceUpdateDate><ItemCode>7290000475653</ItemCode><ItemType>1</ItemType><ItemName>זוג רדיד אלומיניום ק</ItemName><ManufacturerName>ניקול</ManufacturerName><ManufactureCountry>ישראל</ManufactureCountry><ManufacturerItemDescription>רדיד אלומיניום 7.5*30 זוג</ManufacturerItemDescription><SoldByWeight/><Quantity>2.00</Quantity><UnitOfMeasure>יח'</UnitOfMeasure><QtyInPackage>לא ידוע</QtyInPackage><UnitOfMeasurePrice>5.4500</UnitOfMeasurePrice><AllowDiscount>1</AllowDiscount><ItemStatus>1</ItemStatus><ItemPrice>10.90</ItemPrice></item><item><PriceUpdateDate>2016-03-16 15:40:33</PriceUpdateDate><ItemCode>7290000475677</ItemCode><ItemType>1</ItemType><ItemName>סנדויצון ניקול זוגות</ItemName><ManufacturerName>ניקול</ManufacturerName><ManufactureCountry>ישראל</ManufactureCountry><ManufacturerItemDescription>שקיות סנדביצון 150 יח זוג</ManufacturerItemDescription><SoldByWeight/><Quantity>300.00</Quantity><UnitOfMeasure>בודד</UnitOfMeasure><QtyInPackage>לא ידוע</QtyInPackage><UnitOfMeasurePrice>0.0463</UnitOfMeasurePrice><AllowDiscount>1</AllowDiscount><ItemStatus>1</ItemStatus><ItemPrice>13.90</ItemPrice></item><item><PriceUpdateDate>2016-05-30 22:02:24</PriceUpdateDate><ItemCode>7290000475721</ItemCode><ItemType>1</ItemType><ItemName>כרית קירצוף ניקול של</ItemName><ManufacturerName>ניקול</ManufacturerName><ManufactureCountry>ישראל</ManufactureCountry><ManufacturerItemDescription>כרית קירצוף ניקול</ManufacturerItemDescription><SoldByWeight/><Quantity>0.00</Quantity><UnitOfMeasure>יח'</UnitOfMeasure><QtyInPackage>לא ידוע</QtyInPackage><UnitOfMeasurePrice>0.0000</UnitOfMeasurePrice><AllowDiscount>1</AllowDiscount><ItemStatus>1</ItemStatus><ItemPrice>12.90</ItemPrice></item><item><PriceUpdateDate>2015-11-16 11:40:27</PriceUpdateDate><ItemCode>7290000475738</ItemCode><ItemType>1</ItemType><ItemName>כריות יפניות 2 ב-1 נ</ItemName><ManufacturerName>ניקול</ManufacturerName><ManufactureCountry>ישראל</ManufactureCountry><ManufacturerItemDescription>כרית יפנית עבה ניקול</ManufacturerItemDescription><SoldByWeight/><Quantity>0.00</Quantity><UnitOfMeasure>יח'</UnitOfMeasure><QtyInPackage>לא ידוע</QtyInPackage><UnitOfMeasurePrice>0.0000</UnitOfMeasurePrice><AllowDiscount>1</AllowDiscount><ItemStatus>1</ItemStatus><ItemPrice>16.40</ItemPrice></item><item><PriceUpdateDate>2016-05-02 08:05:34</PriceUpdateDate><ItemCode>7290000475745</ItemCode><ItemType>1</ItemType><ItemName>כרית יפנית שישייה ני</ItemName><ManufacturerName>ניקול</ManufacturerName><ManufactureCountry>ישראל</ManufactureCountry><ManufacturerItemDescription>כרית יפנית 2+4 ניקול</ManufacturerItemDescription><SoldByWeight/><Quantity>0.00</Quantity><UnitOfMeasure>יח'</UnitOfMeasure><QtyInPackage>לא ידוע</QtyInPackage><UnitOfMeasurePrice>0.0000</UnitOfMeasurePrice><AllowDiscount>1</AllowDiscount><ItemStatus>1</ItemStatus><ItemPrice>10.90</ItemPrice></item><item><PriceUpdateDate>2016-05-30 22:02:24</PriceUpdateDate><ItemCode>7290000475769</ItemCode><ItemType>1</ItemType><ItemName>בצק עלים מרודד 1 ק'ג</ItemName><ManufacturerName>מעדנות</ManufacturerName><ManufactureCountry>ישראל</ManufactureCountry><ManufacturerItemDescription>בצק עלים 1 קג</ManufacturerItemDescription><SoldByWeight/><Quantity>1000.00</Quantity><UnitOfMeasure>גרם     </UnitOfMeasure><QtyInPackage>לא ידוע</QtyInPackage><UnitOfMeasurePrice>0.0199</UnitOfMeasurePrice><AllowDiscount>1</AllowDiscount><ItemStatus>1</ItemStatus><ItemPrice>19.90</ItemPrice></item><item><PriceUpdateDate>2016-05-30 22:02:24</PriceUpdateDate><ItemCode>7290000475776</ItemCode><ItemType>1</ItemType><ItemName>בורקס גבינה 800 גרם</ItemName><ManufacturerName>מעדנות</ManufacturerName><ManufactureCountry>ישראל</ManufactureCountry><ManufacturerItemDescription>בורקס גבינה 800 גרם</ManufacturerItemDescription><SoldByWeight/><Quantity>800.00</Quantity><UnitOfMeasure>גרם     </UnitOfMeasure><QtyInPackage>לא ידוע</QtyInPackage><UnitOfMeasurePrice>0.0249</UnitOfMeasurePrice><AllowDiscount>1</AllowDiscount><ItemStatus>1</ItemStatus><ItemPrice>19.90</ItemPrice></item><item><PriceUpdateDate>2015-10-20 16:50:26</PriceUpdateDate><ItemCode>7290000475868</ItemCode><ItemType>1</ItemType><ItemName>צ'יטוס גבינה 100 גרם</ItemName><ManufacturerName>צ'יטוס</ManufacturerName><ManufactureCountry>ישראל</ManufactureCountry><ManufacturerItemDescription>צ'יטוס גבינה 100 גרם</ManufacturerItemDescription><SoldByWeight/><Quantity>100.00</Quantity><UnitOfMeasure>גרם     </UnitOfMeasure><QtyInPackage>לא ידוע</QtyInPackage><UnitOfMeasurePrice>0.0710</UnitOfMeasurePrice><AllowDiscount>1</AllowDiscount><ItemStatus>1</ItemStatus><ItemPrice>7.10</ItemPrice></item><item><PriceUpdateDate>2014-11-03 06:37:55</PriceUpdateDate><ItemCode>7290000475998</ItemCode><ItemType>1</ItemType><ItemName>טונה מעושנת פסטרמה 1</ItemName><ManufacturerName>יונה</ManufacturerName><ManufactureCountry>ישראל</ManufactureCountry><ManufacturerItemDescription>טונה מעושנת פסטרמה 1</ManufacturerItemDescription><SoldByWeight/><Quantity>110.00</Quantity><UnitOfMeasure>גרם     </UnitOfMeasure><QtyInPackage>לא ידוע</QtyInPackage><UnitOfMeasurePrice>0.1545</UnitOfMeasurePrice><AllowDiscount>1</AllowDiscount><ItemStatus>1</ItemStatus><ItemPrice>17.00</ItemPrice></item><item><PriceUpdateDate>2016-02-11 09:34:57</PriceUpdateDate><ItemCode>7290000476018</ItemCode><ItemType>1</ItemType><ItemName>חלב טרה 1% בקרטון 1</ItemName><ManufacturerName>טרה</ManufacturerName><ManufactureCountry>ישראל</ManufactureCountry><ManufacturerItemDescription>חלב1 1% ל.קרטון פיקוח</ManufacturerItemDescription><SoldByWeight/><Quantity>1000.00</Quantity><UnitOfMeasure>מ"ל</UnitOfMeasure><QtyInPackage>לא ידוע</QtyInPackage><UnitOfMeasurePrice>0.0054</UnitOfMeasurePrice><AllowDiscount>1</AllowDiscount><ItemStatus>1</ItemStatus><ItemPrice>5.40</ItemPrice></item><item><PriceUpdateDate>2015-10-11 18:10:37</PriceUpdateDate><ItemCode>7290000476148</ItemCode><ItemType>1</ItemType><ItemName>שום כתוש ביטון 250 ג</ItemName><ManufacturerName>תבליני ביטון יוחאי</ManufacturerName><ManufactureCountry>ישראל</ManufactureCountry><ManufacturerItemDescription>שום כתוש ביטון 250 ג</ManufacturerItemDescription><SoldByWeight/><Quantity>250.00</Quantity><UnitOfMeasure>גרם     </UnitOfMeasure><QtyInPackage>לא ידוע</QtyInPackage><UnitOfMeasurePrice>0.0648</UnitOfMeasurePrice><AllowDiscount>1</AllowDiscount><ItemStatus>1</ItemStatus><ItemPrice>16.20</ItemPrice></item><item><PriceUpdateDate>2016-03-01 06:48:42</PriceUpdateDate><ItemCode>7290000476599</ItemCode><ItemType>1</ItemType><ItemName>מב קבב יווני 400 גרם</ItemName><ManufacturerName>טיבון ויל</ManufacturerName><ManufactureCountry>ישראל</ManufactureCountry><ManufacturerItemDescription>קבב יווני 400 גרם</ManufacturerItemDescription><SoldByWeight/><Quantity>400.00</Quantity><UnitOfMeasure>גרם     </UnitOfMeasure><QtyInPackage>לא ידוע</QtyInPackage><UnitOfMeasurePrice>0.0472</UnitOfMeasurePrice><AllowDiscount>1</AllowDiscount><ItemStatus>1</ItemStatus><ItemPrice>18.90</ItemPrice></item><item><PriceUpdateDate>2016-05-30 22:02:24</PriceUpdateDate><ItemCode>7290000476872</ItemCode><ItemType>1</ItemType><ItemName>מב קבב מזרחי טירת צב</ItemName><ManufacturerName>טירת צבי</ManufacturerName><ManufactureCountry>ישראל</ManufactureCountry><ManufacturerItemDescription>מב קבב מזרחי טירת צב</ManufacturerItemDescription><SoldByWeight/><Quantity>450.00</Quantity><UnitOfMeasure>גרם     </UnitOfMeasure><QtyInPackage>לא ידוע</QtyInPackage><UnitOfMeasurePrice>0.0420</UnitOfMeasurePrice><AllowDiscount>1</AllowDiscount><ItemStatus>1</ItemStatus><ItemPrice>18.90</ItemPrice></item><item><PriceUpdateDate>2015-11-12 16:43:45</PriceUpdateDate><ItemCode>7290000476926</ItemCode><ItemType>1</ItemType><ItemName>בוטן אמריקאי גת שקית</ItemName><ManufacturerName>ליימן חטיבת המותגים</ManufacturerName><ManufactureCountry>ישראל</ManufactureCountry><ManufacturerItemDescription>בוטן אמריקאי מצופה 200 גר</ManufacturerItemDescription><SoldByWeight/><Quantity>200.00</Quantity><UnitOfMeasure>גרם     </UnitOfMeasure><QtyInPackage>לא ידוע</QtyInPackage><UnitOfMeasurePrice>0.0380</UnitOfMeasurePrice><AllowDiscount>0</AllowDiscount><ItemStatus>1</ItemStatus><ItemPrice>7.60</ItemPrice></item><item><PriceUpdateDate>2015-12-02 07:07:32</PriceUpdateDate><ItemCode>7290000476957</ItemCode><ItemType>1</ItemType><ItemName>מיץ פריגת סחוט תפוזי</ItemName><ManufacturerName>פריגת</ManufacturerName><ManufactureCountry>ישראל</ManufactureCountry><ManufacturerItemDescription>מיץ סחוט תפוזים 1 ל</ManufacturerItemDescription><SoldByWeight/><Quantity>1000.00</Quantity><UnitOfMeasure>מ"ל</UnitOfMeasure><QtyInPackage>לא ידוע</QtyInPackage><UnitOfMeasurePrice>0.0172</UnitOfMeasurePrice><AllowDiscount>0</AllowDiscount><ItemStatus>1</ItemStatus><ItemPrice>17.20</ItemPrice></item><item><PriceUpdateDate>2015-11-16 09:47:11</PriceUpdateDate><ItemCode>7290000476971</ItemCode><ItemType>1</ItemType><ItemName>שוקו יטבתה בקרטון 50</ItemName><ManufacturerName>יטבתה</ManufacturerName><ManufactureCountry>ישראל</ManufactureCountry><ManufacturerItemDescription>שוקו יוטבתה בקרטון+פקק500</ManufacturerItemDescription><SoldByWeight/><Quantity>500.00</Quantity><UnitOfMeasure>מ"ל</UnitOfMeasure><QtyInPackage>לא ידוע</QtyInPackage><UnitOfMeasurePrice>0.0142</UnitOfMeasurePrice><AllowDiscount>1</AllowDiscount><ItemStatus>1</ItemStatus><ItemPrice>7.10</ItemPrice></item><item><PriceUpdateDate>2016-03-16 15:40:33</PriceUpdateDate><ItemCode>7290000476995</ItemCode><ItemType>1</ItemType><ItemName>משקה בננה יטבתה 1 לי</ItemName><ManufacturerName>יטבתה</ManufacturerName><ManufactureCountry>ישראל</ManufactureCountry><ManufacturerItemDescription>משקה חלב בננה 1  ליטר בקב</ManufacturerItemDescription><SoldByWeight/><Quantity>1000.00</Quantity><UnitOfMeasure>מ"ל</UnitOfMeasure><QtyInPackage>לא ידוע</QtyInPackage><UnitOfMeasurePrice>0.0119</UnitOfMeasurePrice><AllowDiscount>1</AllowDiscount><ItemStatus>1</ItemStatus><ItemPrice>11.90</ItemPrice></item><item><PriceUpdateDate>2016-03-16 15:40:33</PriceUpdateDate><ItemCode>7290000477008</ItemCode><ItemType>1</ItemType><ItemName>אייס קפה יטבתה 1 ליט</ItemName><ManufacturerName>יטבתה</ManufacturerName><ManufactureCountry>ישראל</ManufactureCountry><ManufacturerItemDescription>קפה יטבתה 1 ליטר</ManufacturerItemDescription><SoldByWeight/><Quantity>1000.00</Quantity><UnitOfMeasure>מ"ל</UnitOfMeasure><QtyInPackage>לא ידוע</QtyInPackage><UnitOfMeasurePrice>0.0119</UnitOfMeasurePrice><AllowDiscount>1</AllowDiscount><ItemStatus>1</ItemStatus><ItemPrice>11.90</ItemPrice></item><item><PriceUpdateDate>2016-06-01 06:32:22</PriceUpdateDate><ItemCode>7290000477046</ItemCode><ItemType>1</ItemType><ItemName>מב תה ליפטון 1.5 גרם</ItemName><ManufacturerName>ליפטון</ManufacturerName><ManufactureCountry>הודו</ManufactureCountry><ManufacturerItemDescription>מוצץ בבליסטר     3 יח'</ManufacturerItemDescription><SoldByWeight/><Quantity>200.00</Quantity><UnitOfMeasure>גרם     </UnitOfMeasure><QtyInPackage>לא ידוע</QtyInPackage><UnitOfMeasurePrice>0.0845</UnitOfMeasurePrice><AllowDiscount>1</AllowDiscount><ItemStatus>1</ItemStatus><ItemPrice>16.90</ItemPrice></item><item><PriceUpdateDate>2014-11-03 06:38:02</PriceUpdateDate><ItemCode>7290000477053</ItemCode><ItemType>1</ItemType><ItemName>לחם שיפון פומפרניקל</ItemName><ManufacturerName>מסטמכר</ManufacturerName><ManufactureCountry>גרמניה</ManufactureCountry><ManufacturerItemDescription>מסטמכר לחם שיפון פומפרניק</ManufacturerItemDescription><SoldByWeight/><Quantity>500.00</Quantity><UnitOfMeasure>גרם     </UnitOfMeasure><QtyInPackage>לא ידוע</QtyInPackage><UnitOfMeasurePrice>0.0348</UnitOfMeasurePrice><AllowDiscount>1</AllowDiscount><ItemStatus>1</ItemStatus><ItemPrice>17.40</ItemPrice></item><item><PriceUpdateDate>2016-05-30 22:02:24</PriceUpdateDate><ItemCode>7290000477145</ItemCode><ItemType>1</ItemType><ItemName>גבינה צפתית מעודנת 5</ItemName><ManufacturerName>פיראוס</ManufacturerName><ManufactureCountry>ישראל</ManufactureCountry><ManufacturerItemDescription>פיראוס צפתית מעודנת 200 5</ManufacturerItemDescription><SoldByWeight/><Quantity>200.00</Quantity><UnitOfMeasure>גרם     </UnitOfMeasure><QtyInPackage>לא ידוע</QtyInPackage><UnitOfMeasurePrice>0.0815</UnitOfMeasurePrice><AllowDiscount>1</AllowDiscount><ItemStatus>1</ItemStatus><ItemPrice>16.30</ItemPrice></item><item><PriceUpdateDate>2015-10-11 12:50:01</PriceUpdateDate><ItemCode>7290000477176</ItemCode><ItemType>1</ItemType><ItemName>יופלה עם דגנים מצופי</ItemName><ManufacturerName>יופלה</ManufacturerName><ManufactureCountry>ישראל</ManufactureCountry><ManufacturerItemDescription>יופלה דגנים מצופים מכסה מ</ManufacturerItemDescription><SoldByWeight/><Quantity>167.00</Quantity><UnitOfMeasure>גרם     </UnitOfMeasure><QtyInPackage>לא ידוע</QtyInPackage><UnitOfMeasurePrice>0.0341</UnitOfMeasurePrice><AllowDiscount>1</AllowDiscount><ItemStatus>1</ItemStatus><ItemPrice>5.70</ItemPrice></item><item><PriceUpdateDate>2015-10-20 16:43:01</PriceUpdateDate><ItemCode>7290000477190</ItemCode><ItemType>1</ItemType><ItemName>אצבעות מוצרלה 172 גר</ItemName><ManufacturerName>עמק</ManufacturerName><ManufactureCountry>ישראל</ManufactureCountry><ManufacturerItemDescription>אצבעות עמק 172 גרם</ManufacturerItemDescription><SoldByWeight/><Quantity>172.00</Quantity><UnitOfMeasure>גרם     </UnitOfMeasure><QtyInPackage>לא ידוע</QtyInPackage><UnitOfMeasurePrice>0.0959</UnitOfMeasurePrice><AllowDiscount>1</AllowDiscount><ItemStatus>1</ItemStatus><ItemPrice>16.50</ItemPrice></item><item><PriceUpdateDate>2015-10-20 16:11:23</PriceUpdateDate><ItemCode>7290000477251</ItemCode><ItemType>1</ItemType><ItemName>קצפת צמחית השף הלבן</ItemName><ManufacturerName>שף לבן</ManufacturerName><ManufactureCountry>ישראל</ManufactureCountry><ManufacturerItemDescription>קצפת צמחית השף הלבן 250 מ</ManufacturerItemDescription><SoldByWeight/><Quantity>250.00</Quantity><UnitOfMeasure>מ"ל</UnitOfMeasure><QtyInPackage>לא ידוע</QtyInPackage><UnitOfMeasurePrice>0.0396</UnitOfMeasurePrice><AllowDiscount>1</AllowDiscount><ItemStatus>1</ItemStatus><ItemPrice>9.90</ItemPrice></item><item><PriceUpdateDate>2016-05-30 22:02:25</PriceUpdateDate><ItemCode>7290000477275</ItemCode><ItemType>1</ItemType><ItemName>שוקו בננה תנובה 250</ItemName><ManufacturerName>שוק</ManufacturerName><ManufactureCountry>ישראל</ManufactureCountry><ManufacturerItemDescription>שוקו בננה תנובה 250</ManufacturerItemDescription><SoldByWeight/><Quantity>250.00</Quantity><UnitOfMeasure>מ"ל</UnitOfMeasure><QtyInPackage>לא ידוע</QtyInPackage><UnitOfMeasurePrice>0.0228</UnitOfMeasurePrice><AllowDiscount>1</AllowDiscount><ItemStatus>1</ItemStatus><ItemPrice>5.70</ItemPrice></item><item><PriceUpdateDate>2016-06-13 13:03:30</PriceUpdateDate><ItemCode>7290000477299</ItemCode><ItemType>1</ItemType><ItemName>יופלה מוקה 3% 150 גר</ItemName><ManufacturerName>יופלה</ManufacturerName><ManufactureCountry>ישראל</ManufactureCountry><ManufacturerItemDescription>יופלה מוקה 3% 150 גר</ManufacturerItemDescription><SoldByWeight/><Quantity>150.00</Quantity><UnitOfMeasure>גרם     </UnitOfMeasure><QtyInPackage>לא ידוע</QtyInPackage><UnitOfMeasurePrice>0.0327</UnitOfMeasurePrice><AllowDiscount>1</AllowDiscount><ItemStatus>1</ItemStatus><ItemPrice>4.90</ItemPrice></item><item><PriceUpdateDate>2015-10-11 12:50:01</PriceUpdateDate><ItemCode>7290000477305</ItemCode><ItemType>1</ItemType><ItemName>פרוסות עמק 5% פתיחה</ItemName><ManufacturerName>עמק</ManufacturerName><ManufactureCountry>ישראל</ManufactureCountry><ManufacturerItemDescription>גבינה עמק 5% פרוס פ.חוזרת</ManufacturerItemDescription><SoldByWeight/><Quantity>200.00</Quantity><UnitOfMeasure>גרם     </UnitOfMeasure><QtyInPackage>לא ידוע</QtyInPackage><UnitOfMeasurePrice>0.0890</UnitOfMeasurePrice><AllowDiscount>1</AllowDiscount><ItemStatus>1</ItemStatus><ItemPrice>17.80</ItemPrice></item><item><PriceUpdateDate>2015-10-11 12:50:01</PriceUpdateDate><ItemCode>7290000477312</ItemCode><ItemType>1</ItemType><ItemName>מעדן תנובה דיאט וניל</ItemName><ManufacturerName>מעדן תנובה</ManufacturerName><ManufactureCountry>ישראל</ManufactureCountry><ManufacturerItemDescription>מעדן דיאט וניל 150 גרם</ManufacturerItemDescription><SoldByWeight/><Quantity>150.00</Quantity><UnitOfMeasure>גרם     </UnitOfMeasure><QtyInPackage>לא ידוע</QtyInPackage><UnitOfMeasurePrice>0.0267</UnitOfMeasurePrice><AllowDiscount>1</AllowDiscount><ItemStatus>1</ItemStatus><ItemPrice>4.00</ItemPrice></item><item><PriceUpdateDate>2016-03-29 06:16:57</PriceUpdateDate><ItemCode>7290000477398</ItemCode><ItemType>1</ItemType><ItemName>גבינה בולגרית מעודנת</ItemName><ManufacturerName>פיראוס</ManufacturerName><ManufactureCountry>ישראל</ManufactureCountry><ManufacturerItemDescription>גבינה בולגרית מעודנת 5% פ</ManufacturerItemDescription><SoldByWeight/><Quantity>250.00</Quantity><UnitOfMeasure>גרם     </UnitOfMeasure><QtyInPackage>לא ידוע</QtyInPackage><UnitOfMeasurePrice>0.0836</UnitOfMeasurePrice><AllowDiscount>1</AllowDiscount><ItemStatus>1</ItemStatus><ItemPrice>20.90</ItemPrice></item><item><PriceUpdateDate>2016-03-29 06:16:57</PriceUpdateDate><ItemCode>7290000477404</ItemCode><ItemType>1</ItemType><ItemName>גבינה בולגית מעודנת</ItemName><ManufacturerName>פיראוס</ManufacturerName><ManufactureCountry>ישראל</ManufactureCountry><ManufacturerItemDescription>גבינה בולגרית מעודנת 3% פ</ManufacturerItemDescription><SoldByWeight/><Quantity>250.00</Quantity><UnitOfMeasure>גרם     </UnitOfMeasure><QtyInPackage>לא ידוע</QtyInPackage><UnitOfMeasurePrice>0.0956</UnitOfMeasurePrice><AllowDiscount>1</AllowDiscount><ItemStatus>1</ItemStatus><ItemPrice>23.90</ItemPrice></item><item><PriceUpdateDate>2015-11-16 09:47:11</PriceUpdateDate><ItemCode>7290000477558</ItemCode><ItemType>1</ItemType><ItemName>סלט חציל קלוי במיונז</ItemName><ManufacturerName>אחלה</ManufacturerName><ManufactureCountry>ישראל</ManufactureCountry><ManufacturerItemDescription>סלט 500חציל קלוי במיונז א</ManufacturerItemDescription><SoldByWeight/><Quantity>500.00</Quantity><UnitOfMeasure>גרם     </UnitOfMeasure><QtyInPackage>לא ידוע</QtyInPackage><UnitOfMeasurePrice>0.0354</UnitOfMeasurePrice><AllowDiscount>1</AllowDiscount><ItemStatus>1</ItemStatus><ItemPrice>17.70</ItemPrice></item><item><PriceUpdateDate>2016-01-14 09:15:36</PriceUpdateDate><ItemCode>7290000477565</ItemCode><ItemType>1</ItemType><ItemName>מסטיק מאסט פטל לימון</ItemName><ManufacturerName>מאסט</ManufacturerName><ManufactureCountry>ישראל</ManufactureCountry><ManufacturerItemDescription>מסטיק מאסט פטל לימון</ManufacturerItemDescription><SoldByWeight/><Quantity>0.00</Quantity><UnitOfMeasure>יח'</UnitOfMeasure><QtyInPackage>לא ידוע</QtyInPackage><UnitOfMeasurePrice>0.0000</UnitOfMeasurePrice><AllowDiscount>1</AllowDiscount><ItemStatus>1</ItemStatus><ItemPrice>4.50</ItemPrice></item><item><PriceUpdateDate>2015-10-20 16:50:26</PriceUpdateDate><ItemCode>7290000477572</ItemCode><ItemType>1</ItemType><ItemName>צ'יטוס בוטנים 100 גר</ItemName><ManufacturerName>צ'יטוס</ManufacturerName><ManufactureCountry>ישראל</ManufactureCountry><ManufacturerItemDescription>צ'יטוס בוטנים 100 גר</ManufacturerItemDescription><SoldByWeight/><Quantity>100.00</Quantity><UnitOfMeasure>גרם     </UnitOfMeasure><QtyInPackage>לא ידוע</QtyInPackage><UnitOfMeasurePrice>0.0710</UnitOfMeasurePrice><AllowDiscount>1</AllowDiscount><ItemStatus>1</ItemStatus><ItemPrice>7.10</ItemPrice></item><item><PriceUpdateDate>2015-11-12 14:55:26</PriceUpdateDate><ItemCode>7290000477657</ItemCode><ItemType>1</ItemType><ItemName>מים סן בנדטו מוגז 1.</ItemName><ManufacturerName>סאן בנדטו</ManufacturerName><ManufactureCountry>ישראל</ManufactureCountry><ManufacturerItemDescription>סן בנדטו מוגז מים מינרלים</ManufacturerItemDescription><SoldByWeight/><Quantity>1500.00</Quantity><UnitOfMeasure>מ"ל</UnitOfMeasure><QtyInPackage>לא ידוע</QtyInPackage><UnitOfMeasurePrice>0.0031</UnitOfMeasurePrice><AllowDiscount>1</AllowDiscount><ItemStatus>1</ItemStatus><ItemPrice>4.70</ItemPrice></item><item><PriceUpdateDate>2015-11-12 14:55:26</PriceUpdateDate><ItemCode>7290000477664</ItemCode><ItemType>1</ItemType><ItemName>מים סן בנדטו בודד 1.</ItemName><ManufacturerName>סאן בנדטו</ManufacturerName><ManufactureCountry>ישראל</ManufactureCountry><ManufacturerItemDescription>סן בנדטו מים מינרלים 1.5</ManufacturerItemDescription><SoldByWeight/><Quantity>1500.00</Quantity><UnitOfMeasure>מ"ל</UnitOfMeasure><QtyInPackage>לא ידוע</QtyInPackage><UnitOfMeasurePrice>0.0028</UnitOfMeasurePrice><AllowDiscount>1</AllowDiscount><ItemStatus>1</ItemStatus><ItemPrice>4.20</ItemPrice></item><item><PriceUpdateDate>2015-10-11 18:10:37</PriceUpdateDate><ItemCode>7290000477671</ItemCode><ItemType>1</ItemType><ItemName>מים סאן בנדטו שישייה</ItemName><ManufacturerName>סאן בנדטו</ManufacturerName><ManufactureCountry>ישראל</ManufactureCountry><ManufacturerItemDescription>סן בנדטו1.5 ל 1/6מים מינר</ManufacturerItemDescription><SoldByWeight/><Quantity>9000.00</Quantity><UnitOfMeasure>מ"ל</UnitOfMeasure><QtyInPackage>לא ידוע</QtyInPackage><UnitOfMeasurePrice>0.0022</UnitOfMeasurePrice><AllowDiscount>1</AllowDiscount><ItemStatus>1</ItemStatus><ItemPrice>20.20</ItemPrice></item><item><PriceUpdateDate>2015-10-11 18:10:38</PriceUpdateDate><ItemCode>7290000477688</ItemCode><ItemType>1</ItemType><ItemName>מים סאן בנדטו מוגז ש</ItemName><ManufacturerName>סאן בנדטו</ManufacturerName><ManufactureCountry>איטליה</ManufactureCountry><ManufacturerItemDescription>מי פה ליסטרין טוטל קר750</ManufacturerItemDescription><SoldByWeight/><Quantity>9000.00</Quantity><UnitOfMeasure>מ"ל</UnitOfMeasure><QtyInPackage>לא ידוע</QtyInPackage><UnitOfMeasurePrice>0.0023</UnitOfMeasurePrice><AllowDiscount>1</AllowDiscount><ItemStatus>1</ItemStatus><ItemPrice>20.60</ItemPrice></item><item><PriceUpdateDate>2016-05-30 22:02:25</PriceUpdateDate><ItemCode>7290000478050</ItemCode><ItemType>1</ItemType><ItemName>מב שקד טבעי שקית 200</ItemName><ManufacturerName>ליימן חטיבת המותגים</ManufacturerName><ManufactureCountry>ישראל</ManufactureCountry><ManufacturerItemDescription>שקד טבעי 200 גרם</ManufacturerItemDescription><SoldByWeight/><Quantity>200.00</Quantity><UnitOfMeasure>גרם     </UnitOfMeasure><QtyInPackage>לא ידוע</QtyInPackage><UnitOfMeasurePrice>0.0845</UnitOfMeasurePrice><AllowDiscount>1</AllowDiscount><ItemStatus>1</ItemStatus><ItemPrice>16.90</ItemPrice></item><item><PriceUpdateDate>2015-10-20 16:55:39</PriceUpdateDate><ItemCode>7290000478074</ItemCode><ItemType>1</ItemType><ItemName>פריגת קפוא תפוזים 34</ItemName><ManufacturerName>פריגת קפוא</ManufacturerName><ManufactureCountry>ישראל</ManufactureCountry><ManufacturerItemDescription>פריגת תפוזים קפוא 340 מל</ManufacturerItemDescription><SoldByWeight/><Quantity>340.00</Quantity><UnitOfMeasure>מ"ל</UnitOfMeasure><QtyInPackage>לא ידוע</QtyInPackage><UnitOfMeasurePrice>0.0379</UnitOfMeasurePrice><AllowDiscount>1</AllowDiscount><ItemStatus>1</ItemStatus><ItemPrice>12.90</ItemPrice></item><item><PriceUpdateDate>2015-10-20 16:55:39</PriceUpdateDate><ItemCode>7290000478081</ItemCode><ItemType>1</ItemType><ItemName>פריגת קפוא לימון נענ</ItemName><ManufacturerName>פריגת קפוא</ManufacturerName><ManufactureCountry>ישראל</ManufactureCountry><ManufacturerItemDescription>פריגת קפוא לימון נענ</ManufacturerItemDescription><SoldByWeight/><Quantity>340.00</Quantity><UnitOfMeasure>מ"ל</UnitOfMeasure><QtyInPackage>לא ידוע</QtyInPackage><UnitOfMeasurePrice>0.0379</UnitOfMeasurePrice><AllowDiscount>1</AllowDiscount><ItemStatus>1</ItemStatus><ItemPrice>12.90</ItemPrice></item><item><PriceUpdateDate>2016-05-30 22:02:25</PriceUpdateDate><ItemCode>7290000478180</ItemCode><ItemType>1</ItemType><ItemName>עוגת הבית שוקוצ'יפס</ItemName><ManufacturerName>עוגות הבית</ManufacturerName><ManufactureCountry>ישראל</ManufactureCountry><ManufacturerItemDescription>עוגת הבית שוקוציפס 400 גר</ManufacturerItemDescription><SoldByWeight/><Quantity>400.00</Quantity><UnitOfMeasure>גרם     </UnitOfMeasure><QtyInPackage>לא ידוע</QtyInPackage><UnitOfMeasurePrice>0.0273</UnitOfMeasurePrice><AllowDiscount>0</AllowDiscount><ItemStatus>1</ItemStatus><ItemPrice>10.90</ItemPrice></item><item><PriceUpdateDate>2016-04-03 10:07:14</PriceUpdateDate><ItemCode>7290000478227</ItemCode><ItemType>1</ItemType><ItemName>חסה ערבית אייסברג יר</ItemName><ManufacturerName>שטראוס</ManufacturerName><ManufactureCountry>ישראל</ManufactureCountry><ManufacturerItemDescription>סלט חסה</ManufacturerItemDescription><SoldByWeight/><Quantity>300.00</Quantity><UnitOfMeasure>גרם     </UnitOfMeasure><QtyInPackage>לא ידוע</QtyInPackage><UnitOfMeasurePrice>0.0463</UnitOfMeasurePrice><AllowDiscount>1</AllowDiscount><ItemStatus>1</ItemStatus><ItemPrice>13.90</ItemPrice></item><item><PriceUpdateDate>2016-03-01 06:48:42</PriceUpdateDate><ItemCode>7290000478340</ItemCode><ItemType>1</ItemType><ItemName>מב מארז שישיית מכבי</ItemName><ManufacturerName>מכבי שנדי</ManufacturerName><ManufactureCountry>ישראל</ManufactureCountry><ManufacturerItemDescription>שישיית מכבי שנדי אפרסק</ManufacturerItemDescription><SoldByWeight/><Quantity>1980.00</Quantity><UnitOfMeasure>מ"ל</UnitOfMeasure><QtyInPackage>לא ידוע</QtyInPackage><UnitOfMeasurePrice>0.0151</UnitOfMeasurePrice><AllowDiscount>1</AllowDiscount><ItemStatus>1</ItemStatus><ItemPrice>29.90</ItemPrice></item><item><PriceUpdateDate>2015-11-12 17:29:26</PriceUpdateDate><ItemCode>7290000478722</ItemCode><ItemType>1</ItemType><ItemName>סופר קט עוף כבד 3 ק"</ItemName><ManufacturerName>סופר קאט</ManufacturerName><ManufactureCountry>ישראל</ManufactureCountry><ManufacturerItemDescription>סופר קט עוף כבד 3 ק"</ManufacturerItemDescription><SoldByWeight/><Quantity>3000.00</Quantity><UnitOfMeasure>גרם     </UnitOfMeasure><QtyInPackage>לא ידוע</QtyInPackage><UnitOfMeasurePrice>0.0167</UnitOfMeasurePrice><AllowDiscount>1</AllowDiscount><ItemStatus>1</ItemStatus><ItemPrice>50.10</ItemPrice></item><item><PriceUpdateDate>2016-05-30 22:02:25</PriceUpdateDate><ItemCode>7290000478739</ItemCode><ItemType>1</ItemType><ItemName>מב טחינה הנסיך 500 ג</ItemName><ManufacturerName>הנסיך</ManufacturerName><ManufactureCountry>ישראל</ManufactureCountry><ManufacturerItemDescription>טחינה הנסיך 100% טהור 500</ManufacturerItemDescription><SoldByWeight/><Quantity>500.00</Quantity><UnitOfMeasure>גרם     </UnitOfMeasure><QtyInPackage>לא ידוע</QtyInPackage><UnitOfMeasurePrice>0.0258</UnitOfMeasurePrice><AllowDiscount>1</AllowDiscount><ItemStatus>1</ItemStatus><ItemPrice>12.90</ItemPrice></item><item><PriceUpdateDate>2016-05-30 22:02:25</PriceUpdateDate><ItemCode>7290000478746</ItemCode><ItemType>1</ItemType><ItemName>מב טחינה הנסיך שומשו</ItemName><ManufacturerName>הנסיך</ManufacturerName><ManufactureCountry>ישראל</ManufactureCountry><ManufacturerItemDescription>טחינה הנסיך שומשום מלא 50</ManufacturerItemDescription><SoldByWeight/><Quantity>500.00</Quantity><UnitOfMeasure>גרם     </UnitOfMeasure><QtyInPackage>לא ידוע</QtyInPackage><UnitOfMeasurePrice>0.0258</UnitOfMeasurePrice><AllowDiscount>1</AllowDiscount><ItemStatus>1</ItemStatus><ItemPrice>12.90</ItemPrice></item><item><PriceUpdateDate>2016-05-30 22:02:25</PriceUpdateDate><ItemCode>7290000478807</ItemCode><ItemType>1</ItemType><ItemName>מיונז הלמנס אמיתי 78</ItemName><ManufacturerName>הלמנס</ManufacturerName><ManufactureCountry>ארצות הברית</ManufactureCountry><ManufacturerItemDescription>דאו.ספיד סטיק   סטיק 50</ManufacturerItemDescription><SoldByWeight/><Quantity>789.00</Quantity><UnitOfMeasure>גרם     </UnitOfMeasure><QtyInPackage>לא ידוע</QtyInPackage><UnitOfMeasurePrice>0.0341</UnitOfMeasurePrice><AllowDiscount>1</AllowDiscount><ItemStatus>1</ItemStatus><ItemPrice>26.90</ItemPrice></item><item><PriceUpdateDate>2015-10-11 18:10:38</PriceUpdateDate><ItemCode>7290000479019</ItemCode><ItemType>1</ItemType><ItemName>חטיף דוריטוס נאצ'ו מ</ItemName><ManufacturerName>דוריטוס</ManufacturerName><ManufactureCountry>ישראל</ManufactureCountry><ManufacturerItemDescription>חטיף דוריטוס נאצ'ו מ</ManufacturerItemDescription><SoldByWeight/><Quantity>14.00</Quantity><UnitOfMeasure>גרם     </UnitOfMeasure><QtyInPackage>לא ידוע</QtyInPackage><UnitOfMeasurePrice>0.3214</UnitOfMeasurePrice><AllowDiscount>1</AllowDiscount><ItemStatus>1</ItemStatus><ItemPrice>4.50</ItemPrice></item><item><PriceUpdateDate>2015-10-11 18:10:38</PriceUpdateDate><ItemCode>7290000479026</ItemCode><ItemType>1</ItemType><ItemName>חטיף דוריטוס חמוץ חר</ItemName><ManufacturerName>דוריטוס</ManufacturerName><ManufactureCountry>ישראל</ManufactureCountry><ManufacturerItemDescription>דוריטוס חמוץ חריף 70 גר</ManufacturerItemDescription><SoldByWeight/><Quantity>14.00</Quantity><UnitOfMeasure>גרם     </UnitOfMeasure><QtyInPackage>לא ידוע</QtyInPackage><UnitOfMeasurePrice>0.3214</UnitOfMeasurePrice><AllowDiscount>1</AllowDiscount><ItemStatus>1</ItemStatus><ItemPrice>4.50</ItemPrice></item><item><PriceUpdateDate>2015-10-11 18:10:38</PriceUpdateDate><ItemCode>7290000479033</ItemCode><ItemType>1</ItemType><ItemName>דוריטוס טבעי 70 גרם</ItemName><ManufacturerName>דוריטוס</ManufacturerName><ManufactureCountry>ישראל</ManufactureCountry><ManufacturerItemDescription>דוריטוס דיפ בטעם טבעי 70</ManufacturerItemDescription><SoldByWeight/><Quantity>70.00</Quantity><UnitOfMeasure>גרם     </UnitOfMeasure><QtyInPackage>לא ידוע</QtyInPackage><UnitOfMeasurePrice>0.0643</UnitOfMeasurePrice><AllowDiscount>1</AllowDiscount><ItemStatus>1</ItemStatus><ItemPrice>4.50</ItemPrice></item><item><PriceUpdateDate>2014-11-03 06:36:38</PriceUpdateDate><ItemCode>7290000479118</ItemCode><ItemType>1</ItemType><ItemName>ממרח שוקולד מופחת סו</ItemName><ManufacturerName>פרה</ManufacturerName><ManufactureCountry>ישראל</ManufactureCountry><ManufacturerItemDescription>ממרח שוקולד מופחת סו</ManufacturerItemDescription><SoldByWeight/><Quantity>300.00</Quantity><UnitOfMeasure>גרם     </UnitOfMeasure><QtyInPackage>לא ידוע</QtyInPackage><UnitOfMeasurePrice>0.0560</UnitOfMeasurePrice><AllowDiscount>1</AllowDiscount><ItemStatus>1</ItemStatus><ItemPrice>16.80</ItemPrice></item><item><PriceUpdateDate>2016-05-30 22:02:25</PriceUpdateDate><ItemCode>7290000479194</ItemCode><ItemType>1</ItemType><ItemName>קקאו עלית 150 גרם</ItemName><ManufacturerName>עלית</ManufacturerName><ManufactureCountry>ישראל</ManufactureCountry><ManufacturerItemDescription>אבקת קקאו עלית 150 גרם</ManufacturerItemDescription><SoldByWeight/><Quantity>150.00</Quantity><UnitOfMeasure>גרם     </UnitOfMeasure><QtyInPackage>לא ידוע</QtyInPackage><UnitOfMeasurePrice>0.0647</UnitOfMeasurePrice><AllowDiscount>1</AllowDiscount><ItemStatus>1</ItemStatus><ItemPrice>9.70</ItemPrice></item><item><PriceUpdateDate>2016-05-02 08:05:35</PriceUpdateDate><ItemCode>7290000479385</ItemCode><ItemType>1</ItemType><ItemName>מב סיליט באנג ספריי</ItemName><ManufacturerName>סיליט באנג</ManufacturerName><ManufactureCountry>פולין</ManufactureCountry><ManufacturerItemDescription>מב סיליט באנג ספריי</ManufacturerItemDescription><SoldByWeight/><Quantity>750.00</Quantity><UnitOfMeasure>מ"ל</UnitOfMeasure><QtyInPackage>לא ידוע</QtyInPackage><UnitOfMeasurePrice>0.0132</UnitOfMeasurePrice><AllowDiscount>1</AllowDiscount><ItemStatus>1</ItemStatus><ItemPrice>9.90</ItemPrice></item><item><PriceUpdateDate>2015-10-11 18:10:38</PriceUpdateDate><ItemCode>7290000479682</ItemCode><ItemType>1</ItemType><ItemName>יוגורט פרופ פירות יע</ItemName><ManufacturerName>מולר</ManufacturerName><ManufactureCountry>ישראל</ManufactureCountry><ManufacturerItemDescription>פרופ פירות יער מולר 150</ManufacturerItemDescription><SoldByWeight/><Quantity>150.00</Quantity><UnitOfMeasure>מ"ל</UnitOfMeasure><QtyInPackage>לא ידוע</QtyInPackage><UnitOfMeasurePrice>0.0367</UnitOfMeasurePrice><AllowDiscount>1</AllowDiscount><ItemStatus>1</ItemStatus><ItemPrice>5.50</ItemPrice></item><item><PriceUpdateDate>2015-10-11 18:10:38</PriceUpdateDate><ItemCode>7290000479729</ItemCode><ItemType>1</ItemType><ItemName>תבור גבינה לאפיה 5%</ItemName><ManufacturerName>משק צוריאל</ManufacturerName><ManufactureCountry>ישראל</ManufactureCountry><ManufacturerItemDescription>תבור גבינה לאפיה 5%</ManufacturerItemDescription><SoldByWeight/><Quantity>500.00</Quantity><UnitOfMeasure>גרם     </UnitOfMeasure><QtyInPackage>לא ידוע</QtyInPackage><UnitOfMeasurePrice>0.0508</UnitOfMeasurePrice><AllowDiscount>1</AllowDiscount><ItemStatus>1</ItemStatus><ItemPrice>25.40</ItemPrice></item><item><PriceUpdateDate>2016-04-03 10:07:14</PriceUpdateDate><ItemCode>7290000479927</ItemCode><ItemType>1</ItemType><ItemName>גזר בדצ' שטראוס 400</ItemName><ManufacturerName>שטראוס</ManufacturerName><ManufactureCountry>ישראל</ManufactureCountry><ManufacturerItemDescription>גזר בדצ' שטראוס 400</ManufacturerItemDescription><SoldByWeight/><Quantity>400.00</Quantity><UnitOfMeasure>גרם     </UnitOfMeasure><QtyInPackage>לא ידוע</QtyInPackage><UnitOfMeasurePrice>0.0248</UnitOfMeasurePrice><AllowDiscount>1</AllowDiscount><ItemStatus>1</ItemStatus><ItemPrice>9.90</ItemPrice></item><item><PriceUpdateDate>2016-04-03 10:07:14</PriceUpdateDate><ItemCode>7290000479941</ItemCode><ItemType>1</ItemType><ItemName>סלט קולסלאו בדצ' שטר</ItemName><ManufacturerName>שטראוס</ManufacturerName><ManufactureCountry>ישראל</ManufactureCountry><ManufacturerItemDescription>לקט לסלט קולסלאו 400 גר ב</ManufacturerItemDescription><SoldByWeight/><Quantity>400.00</Quantity><UnitOfMeasure>גרם     </UnitOfMeasure><QtyInPackage>לא ידוע</QtyInPackage><UnitOfMeasurePrice>0.0248</UnitOfMeasurePrice><AllowDiscount>1</AllowDiscount><ItemStatus>1</ItemStatus><ItemPrice>9.90</ItemPrice></item><item><PriceUpdateDate>2016-05-30 22:03:33</PriceUpdateDate><ItemCode>7290000480107</ItemCode><ItemType>1</ItemType><ItemName>קוואקר בפחית 500 גרם</ItemName><ManufacturerName>קוואקר אואטס</ManufacturerName><ManufactureCountry>ישראל</ManufactureCountry><ManufacturerItemDescription>קואקר שיבולת    500גרם</ManufacturerItemDescription><SoldByWeight/><Quantity>500.00</Quantity><UnitOfMeasure>גרם     </UnitOfMeasure><QtyInPackage>לא ידוע</QtyInPackage><UnitOfMeasurePrice>0.0278</UnitOfMeasurePrice><AllowDiscount>1</AllowDiscount><ItemStatus>1</ItemStatus><ItemPrice>13.90</ItemPrice></item><item><PriceUpdateDate>2016-03-29 13:00:19</PriceUpdateDate><ItemCode>7290000480206</ItemCode><ItemType>1</ItemType><ItemName>מארז חטיף צ'יטוס דול</ItemName><ManufacturerName>צ'יטוס</ManufacturerName><ManufactureCountry>ישראל</ManufactureCountry><ManufacturerItemDescription>מארז חטיף צ'יטוס דול</ManufacturerItemDescription><SoldByWeight/><Quantity>150.00</Quantity><UnitOfMeasure>גרם     </UnitOfMeasure><QtyInPackage>לא ידוע</QtyInPackage><UnitOfMeasurePrice>0.0867</UnitOfMeasurePrice><AllowDiscount>1</AllowDiscount><ItemStatus>1</ItemStatus><ItemPrice>13.00</ItemPrice></item><item><PriceUpdateDate>2015-10-11 18:10:38</PriceUpdateDate><ItemCode>7290000480244</ItemCode><ItemType>1</ItemType><ItemName>מולר מיקס פצפוצי שוק</ItemName><ManufacturerName>מולר</ManufacturerName><ManufactureCountry>ישראל</ManufactureCountry><ManufacturerItemDescription>יוגורט מולר מיקס פצפוצי ש</ManufacturerItemDescription><SoldByWeight/><Quantity>150.00</Quantity><UnitOfMeasure>גרם     </UnitOfMeasure><QtyInPackage>לא ידוע</QtyInPackage><UnitOfMeasurePrice>0.0420</UnitOfMeasurePrice><AllowDiscount>0</AllowDiscount><ItemStatus>1</ItemStatus><ItemPrice>6.30</ItemPrice></item><item><PriceUpdateDate>2014-11-03 06:36:43</PriceUpdateDate><ItemCode>7290000480329</ItemCode><ItemType>1</ItemType><ItemName>הרמזית 750 טבליות</ItemName><ManufacturerName>הרמזית</ManufacturerName><ManufactureCountry>ישראל</ManufactureCountry><ManufacturerItemDescription>ממתיק הרמזית    ת</ManufacturerItemDescription><SoldByWeight/><Quantity>750.00</Quantity><UnitOfMeasure>יח'</UnitOfMeasure><QtyInPackage>לא ידוע</QtyInPackage><UnitOfMeasurePrice>0.0377</UnitOfMeasurePrice><AllowDiscount>1</AllowDiscount><ItemStatus>1</ItemStatus><ItemPrice>28.30</ItemPrice></item><item><PriceUpdateDate>2016-06-07 12:25:47</PriceUpdateDate><ItemCode>7290000480442</ItemCode><ItemType>1</ItemType><ItemName>קוואקר בשקית 500 גרם</ItemName><ManufacturerName>קוואקר אואטס</ManufacturerName><ManufactureCountry>ישראל</ManufactureCountry><ManufacturerItemDescription>קואקר           מינ500גר</ManufacturerItemDescription><SoldByWeight/><Quantity>500.00</Quantity><UnitOfMeasure>גרם     </UnitOfMeasure><QtyInPackage>לא ידוע</QtyInPackage><UnitOfMeasurePrice>0.0278</UnitOfMeasurePrice><AllowDiscount>1</AllowDiscount><ItemStatus>1</ItemStatus><ItemPrice>13.90</ItemPrice></item><item><PriceUpdateDate>2016-05-30 22:02:25</PriceUpdateDate><ItemCode>7290000480473</ItemCode><ItemType>1</ItemType><ItemName>חומץ בלסמי ג'קובצי 5</ItemName><ManufacturerName>ג'קובזי</ManufacturerName><ManufactureCountry>איטליה</ManufactureCountry><ManufacturerItemDescription>ג'לי דובונים    ם 250</ManufacturerItemDescription><SoldByWeight/><Quantity>500.00</Quantity><UnitOfMeasure>מ"ל</UnitOfMeasure><QtyInPackage>לא ידוע</QtyInPackage><UnitOfMeasurePrice>0.0520</UnitOfMeasurePrice><AllowDiscount>1</AllowDiscount><ItemStatus>1</ItemStatus><ItemPrice>26.00</ItemPrice></item><item><PriceUpdateDate>2015-11-12 15:12:03</PriceUpdateDate><ItemCode>7290000480589</ItemCode><ItemType>1</ItemType><ItemName>קוואקר 500 גרם</ItemName><ManufacturerName>תלמה</ManufacturerName><ManufactureCountry>ישראל</ManufactureCountry><ManufacturerItemDescription>קוואקר 500 גרם</ManufacturerItemDescription><SoldByWeight/><Quantity>500.00</Quantity><UnitOfMeasure>גרם     </UnitOfMeasure><QtyInPackage>לא ידוע</QtyInPackage><UnitOfMeasurePrice>0.0334</UnitOfMeasurePrice><AllowDiscount>1</AllowDiscount><ItemStatus>1</ItemStatus><ItemPrice>16.70</ItemPrice></item><item><PriceUpdateDate>2015-10-20 17:06:00</PriceUpdateDate><ItemCode>7290000480619</ItemCode><ItemType>1</ItemType><ItemName>סבון מוצק הוואי שחור</ItemName><ManufacturerName>הוואי</ManufacturerName><ManufactureCountry>ישראל</ManufactureCountry><ManufacturerItemDescription>סבון הוואי מוצק שחור100</ManufacturerItemDescription><SoldByWeight/><Quantity>400.00</Quantity><UnitOfMeasure>גרם     </UnitOfMeasure><QtyInPackage>לא ידוע</QtyInPackage><UnitOfMeasurePrice>0.0380</UnitOfMeasurePrice><AllowDiscount>1</AllowDiscount><ItemStatus>1</ItemStatus><ItemPrice>15.20</ItemPrice></item><item><PriceUpdateDate>2015-10-20 16:11:23</PriceUpdateDate><ItemCode>7290000480633</ItemCode><ItemType>1</ItemType><ItemName>טבלת פסק זמן טראפלס</ItemName><ManufacturerName>פסק זמן</ManufacturerName><ManufactureCountry>ישראל</ManufactureCountry><ManufacturerItemDescription>טבלת פסק זמן טראפלס 110 ג</ManufacturerItemDescription><SoldByWeight/><Quantity>110.00</Quantity><UnitOfMeasure>גרם     </UnitOfMeasure><QtyInPackage>לא ידוע</QtyInPackage><UnitOfMeasurePrice>0.0864</UnitOfMeasurePrice><AllowDiscount>1</AllowDiscount><ItemStatus>1</ItemStatus><ItemPrice>9.50</ItemPrice></item><item><PriceUpdateDate>2016-05-30 22:02:25</PriceUpdateDate><ItemCode>7290000480756</ItemCode><ItemType>1</ItemType><ItemName>סבון מוצק דאב רביעיי</ItemName><ManufacturerName>דאב</ManufacturerName><ManufactureCountry>ישראל</ManufactureCountry><ManufacturerItemDescription>סבון מוצק דאב רביעיי</ManufacturerItemDescription><SoldByWeight/><Quantity>400.00</Quantity><UnitOfMeasure>גרם     </UnitOfMeasure><QtyInPackage>לא ידוע</QtyInPackage><UnitOfMeasurePrice>0.0398</UnitOfMeasurePrice><AllowDiscount>1</AllowDiscount><ItemStatus>1</ItemStatus><ItemPrice>15.90</ItemPrice></item><item><PriceUpdateDate>2016-05-30 22:02:25</PriceUpdateDate><ItemCode>7290000480978</ItemCode><ItemType>1</ItemType><ItemName>סבון מוצק דאב רביעיי</ItemName><ManufacturerName>דאב</ManufacturerName><ManufactureCountry>ישראל</ManufactureCountry><ManufacturerItemDescription>סבון מוצק דאב רביעיי</ManufacturerItemDescription><SoldByWeight/><Quantity>400.00</Quantity><UnitOfMeasure>גרם     </UnitOfMeasure><QtyInPackage>לא ידוע</QtyInPackage><UnitOfMeasurePrice>0.0398</UnitOfMeasurePrice><AllowDiscount>1</AllowDiscount><ItemStatus>1</ItemStatus><ItemPrice>15.90</ItemPrice></item><item><PriceUpdateDate>2015-10-21 14:06:43</PriceUpdateDate><ItemCode>7290000481241</ItemCode><ItemType>1</ItemType><ItemName>גבינת טופו בטעמים 22</ItemName><ManufacturerName>טופוטי</ManufacturerName><ManufactureCountry>ישראל</ManufactureCountry><ManufacturerItemDescription>גבינת טופו בטעמים 22</ManufacturerItemDescription><SoldByWeight/><Quantity>225.00</Quantity><UnitOfMeasure>גרם     </UnitOfMeasure><QtyInPackage>לא ידוע</QtyInPackage><UnitOfMeasurePrice>0.1000</UnitOfMeasurePrice><AllowDiscount>1</AllowDiscount><ItemStatus>1</ItemStatus><ItemPrice>22.50</ItemPrice></item><item><PriceUpdateDate>2015-10-21 14:06:43</PriceUpdateDate><ItemCode>7290000481265</ItemCode><ItemType>1</ItemType><ItemName>שמנת טופו בטעמים 340</ItemName><ManufacturerName>טופוטי</ManufacturerName><ManufactureCountry>ארצות הברית</ManufactureCountry><ManufacturerItemDescription>משחת קולגייט     מולטי75</ManufacturerItemDescription><SoldByWeight/><Quantity>340.00</Quantity><UnitOfMeasure>גרם     </UnitOfMeasure><QtyInPackage>לא ידוע</QtyInPackage><UnitOfMeasurePrice>0.0662</UnitOfMeasurePrice><AllowDiscount>1</AllowDiscount><ItemStatus>1</ItemStatus><ItemPrice>22.50</ItemPrice></item><item><PriceUpdateDate>2015-10-06 15:00:48</PriceUpdateDate><ItemCode>7290000481425</ItemCode><ItemType>1</ItemType><ItemName>מגן תחתון פויז 26 יח</ItemName><ManufacturerName>פויז</ManufacturerName><ManufactureCountry>ישראל</ManufactureCountry><ManufacturerItemDescription>מגן תחתון פויז 26 יח</ManufacturerItemDescription><SoldByWeight/><Quantity>26.00</Quantity><UnitOfMeasure>בודד</UnitOfMeasure><QtyInPackage>לא ידוע</QtyInPackage><UnitOfMeasurePrice>1.0154</UnitOfMeasurePrice><AllowDiscount>1</AllowDiscount><ItemStatus>1</ItemStatus><ItemPrice>26.40</ItemPrice></item><item><PriceUpdateDate>2016-01-20 07:31:38</PriceUpdateDate><ItemCode>7290000481883</ItemCode><ItemType>1</ItemType><ItemName>לחמניות אצבע 10 בשקי</ItemName><ManufacturerName>דגנית עין בר</ManufacturerName><ManufactureCountry>לא ידוע</ManufactureCountry><ManufacturerItemDescription>לחמניות אצבע 10 בשקי</ManufacturerItemDescription><SoldByWeight/><Quantity>750.00</Quantity><UnitOfMeasure>גרם     </UnitOfMeasure><QtyInPackage>לא ידוע</QtyInPackage><UnitOfMeasurePrice>0.0225</UnitOfMeasurePrice><AllowDiscount>1</AllowDiscount><ItemStatus>1</ItemStatus><ItemPrice>16.90</ItemPrice></item><item><PriceUpdateDate>2016-05-02 08:05:35</PriceUpdateDate><ItemCode>7290000481999</ItemCode><ItemType>1</ItemType><ItemName>מב בייגלה טבעות מלח</ItemName><ManufacturerName>בייגלה אסם</ManufacturerName><ManufactureCountry>ישראל</ManufactureCountry><ManufacturerItemDescription>מב בייגלה טבעות מלח</ManufacturerItemDescription><SoldByWeight/><Quantity>300.00</Quantity><UnitOfMeasure>גרם     </UnitOfMeasure><QtyInPackage>לא ידוע</QtyInPackage><UnitOfMeasurePrice>0.0363</UnitOfMeasurePrice><AllowDiscount>1</AllowDiscount><ItemStatus>1</ItemStatus><ItemPrice>10.90</ItemPrice></item><item><PriceUpdateDate>2015-11-11 08:01:04</PriceUpdateDate><ItemCode>7290000482033</ItemCode><ItemType>1</ItemType><ItemName>שקיות קוקי 5  יח ענק</ItemName><ManufacturerName>קוקי</ManufacturerName><ManufactureCountry>ישראל</ManufactureCountry><ManufacturerItemDescription>שקיות קוקי 5  יח ענק</ManufacturerItemDescription><SoldByWeight/><Quantity>0.00</Quantity><UnitOfMeasure>יח'</UnitOfMeasure><QtyInPackage>לא ידוע</QtyInPackage><UnitOfMeasurePrice>0.0000</UnitOfMeasurePrice><AllowDiscount>1</AllowDiscount><ItemStatus>1</ItemStatus><ItemPrice>14.20</ItemPrice></item><item><PriceUpdateDate>2016-05-30 22:02:26</PriceUpdateDate><ItemCode>7290000482156</ItemCode><ItemType>1</ItemType><ItemName>מאגדת קינדר בואנו לב</ItemName><ManufacturerName>קינדר</ManufacturerName><ManufactureCountry>פולין</ManufactureCountry><ManufacturerItemDescription>דגנים גו פיט     מריר340</ManufacturerItemDescription><SoldByWeight/><Quantity>129.00</Quantity><UnitOfMeasure>גרם     </UnitOfMeasure><QtyInPackage>לא ידוע</QtyInPackage><UnitOfMeasurePrice>0.0969</UnitOfMeasurePrice><AllowDiscount>0</AllowDiscount><ItemStatus>1</ItemStatus><ItemPrice>12.50</ItemPrice></item><item><PriceUpdateDate>2016-05-30 22:02:26</PriceUpdateDate><ItemCode>7290000482163</ItemCode><ItemType>1</ItemType><ItemName>חטיף אפרופו איטליאנו</ItemName><ManufacturerName>אפרופו</ManufacturerName><ManufactureCountry>ישראל</ManufactureCountry><ManufacturerItemDescription>אפרופו איטליאנו 50 גרם</ManufacturerItemDescription><SoldByWeight/><Quantity>50.00</Quantity><UnitOfMeasure>גרם     </UnitOfMeasure><QtyInPackage>לא ידוע</QtyInPackage><UnitOfMeasurePrice>0.0860</UnitOfMeasurePrice><AllowDiscount>1</AllowDiscount><ItemStatus>1</ItemStatus><ItemPrice>4.30</ItemPrice></item><item><PriceUpdateDate>2016-05-30 22:02:26</PriceUpdateDate><ItemCode>7290000482194</ItemCode><ItemType>1</ItemType><ItemName>דליפקאן בד"צ 400 גרם</ItemName><ManufacturerName>תלמה</ManufacturerName><ManufactureCountry>ישראל</ManufactureCountry><ManufacturerItemDescription>דליפקאן 400 גר בדץ</ManufacturerItemDescription><SoldByWeight/><Quantity>400.00</Quantity><UnitOfMeasure>גרם     </UnitOfMeasure><QtyInPackage>לא ידוע</QtyInPackage><UnitOfMeasurePrice>0.0497</UnitOfMeasurePrice><AllowDiscount>1</AllowDiscount><ItemStatus>1</ItemStatus><ItemPrice>19.90</ItemPrice></item><item><PriceUpdateDate>2015-11-12 14:58:32</PriceUpdateDate><ItemCode>7290000482330</ItemCode><ItemType>1</ItemType><ItemName>עוגת שוקולד עם קרם</ItemName><ManufacturerName>עלית</ManufacturerName><ManufactureCountry>ישראל</ManufactureCountry><ManufacturerItemDescription>עוגת שוקולד עם קרם</ManufacturerItemDescription><SoldByWeight/><Quantity>330.00</Quantity><UnitOfMeasure>גרם     </UnitOfMeasure><QtyInPackage>לא ידוע</QtyInPackage><UnitOfMeasurePrice>0.0558</UnitOfMeasurePrice><AllowDiscount>1</AllowDiscount><ItemStatus>1</ItemStatus><ItemPrice>18.40</ItemPrice></item><item><PriceUpdateDate>2015-10-21 16:20:54</PriceUpdateDate><ItemCode>7290000482477</ItemCode><ItemType>1</ItemType><ItemName>סוכריות טופי וורטר א</ItemName><ManufacturerName>וורטרס אורגינל-שטורק</ManufacturerName><ManufactureCountry>ישראל</ManufactureCountry><ManufacturerItemDescription>סוכריות טופי וורטר א</ManufacturerItemDescription><SoldByWeight/><Quantity>135.00</Quantity><UnitOfMeasure>גרם     </UnitOfMeasure><QtyInPackage>לא ידוע</QtyInPackage><UnitOfMeasurePrice>0.0904</UnitOfMeasurePrice><AllowDiscount>1</AllowDiscount><ItemStatus>1</ItemStatus><ItemPrice>12.20</ItemPrice></item><item><PriceUpdateDate>2016-05-01 21:46:11</PriceUpdateDate><ItemCode>7290000482606</ItemCode><ItemType>1</ItemType><ItemName>בייגלה דקים דקים מלח</ItemName><ManufacturerName>בייגל בייגל</ManufacturerName><ManufactureCountry>ישראל</ManufactureCountry><ManufacturerItemDescription>בייגלה דקים דקים מלח ים 3</ManufacturerItemDescription><SoldByWeight/><Quantity>300.00</Quantity><UnitOfMeasure>גרם     </UnitOfMeasure><QtyInPackage>לא ידוע</QtyInPackage><UnitOfMeasurePrice>0.0440</UnitOfMeasurePrice><AllowDiscount>1</AllowDiscount><ItemStatus>1</ItemStatus><ItemPrice>13.20</ItemPrice></item><item><PriceUpdateDate>2016-05-30 22:02:26</PriceUpdateDate><ItemCode>7290000482675</ItemCode><ItemType>1</ItemType><ItemName>מארז חטיף דובונים 5*</ItemName><ManufacturerName>אסם</ManufacturerName><ManufactureCountry>ישראל</ManufactureCountry><ManufacturerItemDescription>מארז חטיף דובונים 5*</ManufacturerItemDescription><SoldByWeight/><Quantity>100.00</Quantity><UnitOfMeasure>גרם     </UnitOfMeasure><QtyInPackage>לא ידוע</QtyInPackage><UnitOfMeasurePrice>0.1520</UnitOfMeasurePrice><AllowDiscount>1</AllowDiscount><ItemStatus>1</ItemStatus><ItemPrice>15.20</ItemPrice></item><item><PriceUpdateDate>2016-02-08 08:07:15</PriceUpdateDate><ItemCode>7290000482682</ItemCode><ItemType>1</ItemType><ItemName>רסק עגבניות 28% A2 6</ItemName><ManufacturerName>פרי ניר</ManufacturerName><ManufactureCountry>ישראל</ManufactureCountry><ManufacturerItemDescription>רסק עגבניות 28% A2 6</ManufacturerItemDescription><SoldByWeight/><Quantity>600.00</Quantity><UnitOfMeasure>גרם     </UnitOfMeasure><QtyInPackage>לא ידוע</QtyInPackage><UnitOfMeasurePrice>0.0123</UnitOfMeasurePrice><AllowDiscount>1</AllowDiscount><ItemStatus>1</ItemStatus><ItemPrice>7.40</ItemPrice></item><item><PriceUpdateDate>2016-05-01 21:46:11</PriceUpdateDate><ItemCode>7290000482712</ItemCode><ItemType>1</ItemType><ItemName>בייגלה דקים דקים שמנ</ItemName><ManufacturerName>בייגל בייגל</ManufacturerName><ManufactureCountry>ישראל</ManufactureCountry><ManufacturerItemDescription>בייגלה דקים דקים שמנת בצל</ManufacturerItemDescription><SoldByWeight/><Quantity>300.00</Quantity><UnitOfMeasure>גרם     </UnitOfMeasure><QtyInPackage>לא ידוע</QtyInPackage><UnitOfMeasurePrice>0.0440</UnitOfMeasurePrice><AllowDiscount>1</AllowDiscount><ItemStatus>1</ItemStatus><ItemPrice>13.20</ItemPrice></item><item><PriceUpdateDate>2016-06-07 12:25:55</PriceUpdateDate><ItemCode>7290000482873</ItemCode><ItemType>1</ItemType><ItemName>מב ג'נסן וופל טוסט 2</ItemName><ManufacturerName>ק.א.שוקולד</ManufacturerName><ManufactureCountry>הולנד</ManufactureCountry><ManufacturerItemDescription>וופל בלגי 12 יח250-גר</ManufacturerItemDescription><SoldByWeight/><Quantity>250.00</Quantity><UnitOfMeasure>גרם     </UnitOfMeasure><QtyInPackage>לא ידוע</QtyInPackage><UnitOfMeasurePrice>0.0396</UnitOfMeasurePrice><AllowDiscount>1</AllowDiscount><ItemStatus>1</ItemStatus><ItemPrice>9.90</ItemPrice></item><item><PriceUpdateDate>2015-11-12 18:18:34</PriceUpdateDate><ItemCode>7290000482897</ItemCode><ItemType>1</ItemType><ItemName>במבה קלאסי 200 גרם</ItemName><ManufacturerName>במבה</ManufacturerName><ManufactureCountry>ישראל</ManufactureCountry><ManufacturerItemDescription>במבה קלאסי 200 גרם</ManufacturerItemDescription><SoldByWeight/><Quantity>200.00</Quantity><UnitOfMeasure>גרם     </UnitOfMeasure><QtyInPackage>לא ידוע</QtyInPackage><UnitOfMeasurePrice>0.0565</UnitOfMeasurePrice><AllowDiscount>1</AllowDiscount><ItemStatus>1</ItemStatus><ItemPrice>11.30</ItemPrice></item><item><PriceUpdateDate>2015-10-21 16:20:54</PriceUpdateDate><ItemCode>7290000482910</ItemCode><ItemType>1</ItemType><ItemName>סוכריות וורטר'ס אורי</ItemName><ManufacturerName>וורטרס אורגינל-שטורק</ManufacturerName><ManufactureCountry>גרמניה</ManufactureCountry><ManufacturerItemDescription>גליליות וופל    ז/קקא150</ManufacturerItemDescription><SoldByWeight/><Quantity>80.00</Quantity><UnitOfMeasure>גרם     </UnitOfMeasure><QtyInPackage>לא ידוע</QtyInPackage><UnitOfMeasurePrice>0.1525</UnitOfMeasurePrice><AllowDiscount>1</AllowDiscount><ItemStatus>1</ItemStatus><ItemPrice>12.20</ItemPrice></item><item><PriceUpdateDate>2016-05-30 22:02:26</PriceUpdateDate><ItemCode>7290000483115</ItemCode><ItemType>1</ItemType><ItemName>מב אלפרו מעדן סויה ש</ItemName><ManufacturerName>אלפרו</ManufacturerName><ManufactureCountry>בלגיה</ManufactureCountry><ManufacturerItemDescription>מעדן סויה 4יח'  ולד125X4</ManufacturerItemDescription><SoldByWeight/><Quantity>500.00</Quantity><UnitOfMeasure>מ"ל</UnitOfMeasure><QtyInPackage>לא ידוע</QtyInPackage><UnitOfMeasurePrice>0.0298</UnitOfMeasurePrice><AllowDiscount>1</AllowDiscount><ItemStatus>1</ItemStatus><ItemPrice>14.90</ItemPrice></item><item><PriceUpdateDate>2015-10-11 08:41:33</PriceUpdateDate><ItemCode>7290000483238</ItemCode><ItemType>1</ItemType><ItemName>חמצוצים יוגטה בצורת</ItemName><ManufacturerName>יוגטה</ManufacturerName><ManufactureCountry>ישראל</ManufactureCountry><ManufacturerItemDescription>יוגטה ממתק חמוץ  קולה50ג</ManufacturerItemDescription><SoldByWeight/><Quantity>50.00</Quantity><UnitOfMeasure>גרם     </UnitOfMeasure><QtyInPackage>לא ידוע</QtyInPackage><UnitOfMeasurePrice>0.1160</UnitOfMeasurePrice><AllowDiscount>1</AllowDiscount><ItemStatus>1</ItemStatus><ItemPrice>5.80</ItemPrice></item><item><PriceUpdateDate>2015-02-24 06:39:43</PriceUpdateDate><ItemCode>7290000483306</ItemCode><ItemType>1</ItemType><ItemName>קורנפלקס ללא גלוטן 5</ItemName><ManufacturerName>לא ידוע</ManufacturerName><ManufactureCountry>איטליה</ManufactureCountry><ManufacturerItemDescription>דאו. ספיד סטיק  ספריי150</ManufacturerItemDescription><SoldByWeight/><Quantity>500.00</Quantity><UnitOfMeasure>גרם     </UnitOfMeasure><QtyInPackage>לא ידוע</QtyInPackage><UnitOfMeasurePrice>0.0398</UnitOfMeasurePrice><AllowDiscount>1</AllowDiscount><ItemStatus>1</ItemStatus><ItemPrice>19.90</ItemPrice></item><item><PriceUpdateDate>2016-05-30 22:02:26</PriceUpdateDate><ItemCode>7290000483344</ItemCode><ItemType>1</ItemType><ItemName>שוופס פרוט תפוחים 1.</ItemName><ManufacturerName>שוופס</ManufacturerName><ManufactureCountry>ישראל</ManufactureCountry><ManufacturerItemDescription>שוופס פירות תפוחים 1.5 לי</ManufacturerItemDescription><SoldByWeight/><Quantity>1500.00</Quantity><UnitOfMeasure>מ"ל</UnitOfMeasure><QtyInPackage>לא ידוע</QtyInPackage><UnitOfMeasurePrice>0.0053</UnitOfMeasurePrice><AllowDiscount>1</AllowDiscount><ItemStatus>1</ItemStatus><ItemPrice>7.90</ItemPrice></item><item><PriceUpdateDate>2016-05-30 22:02:26</PriceUpdateDate><ItemCode>7290000483436</ItemCode><ItemType>1</ItemType><ItemName>קמח שמרים אסם 1 ק"ג</ItemName><ManufacturerName>לא ממותג</ManufacturerName><ManufactureCountry>ישראל</ManufactureCountry><ManufacturerItemDescription>קמח שמרים אסם 1 ק"ג</ManufacturerItemDescription><SoldByWeight/><Quantity>1000.00</Quantity><UnitOfMeasure>גרם     </UnitOfMeasure><QtyInPackage>לא ידוע</QtyInPackage><UnitOfMeasurePrice>0.0098</UnitOfMeasurePrice><AllowDiscount>1</AllowDiscount><ItemStatus>1</ItemStatus><ItemPrice>9.80</ItemPrice></item><item><PriceUpdateDate>2015-10-22 16:10:09</PriceUpdateDate><ItemCode>7290000483443</ItemCode><ItemType>1</ItemType><ItemName>לחמית אגוזים 160 גרם</ItemName><ManufacturerName>לחמית</ManufacturerName><ManufactureCountry>ישראל</ManufactureCountry><ManufacturerItemDescription>לחמית אגוזים 160 גרם</ManufacturerItemDescription><SoldByWeight/><Quantity>160.00</Quantity><UnitOfMeasure>גרם     </UnitOfMeasure><QtyInPackage>לא ידוע</QtyInPackage><UnitOfMeasurePrice>0.0762</UnitOfMeasurePrice><AllowDiscount>1</AllowDiscount><ItemStatus>1</ItemStatus><ItemPrice>12.20</ItemPrice></item><item><PriceUpdateDate>2015-10-20 16:50:26</PriceUpdateDate><ItemCode>7290000483474</ItemCode><ItemType>1</ItemType><ItemName>פופקורן בטעם טבעי 80</ItemName><ManufacturerName>עלית</ManufacturerName><ManufactureCountry>ישראל</ManufactureCountry><ManufacturerItemDescription>פופקורן בטעם טבעי 80 גרם</ManufacturerItemDescription><SoldByWeight/><Quantity>80.00</Quantity><UnitOfMeasure>גרם     </UnitOfMeasure><QtyInPackage>לא ידוע</QtyInPackage><UnitOfMeasurePrice>0.0738</UnitOfMeasurePrice><AllowDiscount>1</AllowDiscount><ItemStatus>1</ItemStatus><ItemPrice>5.90</ItemPrice></item><item><PriceUpdateDate>2016-05-30 22:02:26</PriceUpdateDate><ItemCode>7290000483573</ItemCode><ItemType>1</ItemType><ItemName>מב בייגלה טבעות שומש</ItemName><ManufacturerName>מאיר את בייגל</ManufacturerName><ManufactureCountry>ישראל</ManufactureCountry><ManufacturerItemDescription>מב בייגלה טבעות שומש</ManufacturerItemDescription><SoldByWeight/><Quantity>330.00</Quantity><UnitOfMeasure>גרם     </UnitOfMeasure><QtyInPackage>לא ידוע</QtyInPackage><UnitOfMeasurePrice>0.0239</UnitOfMeasurePrice><AllowDiscount>0</AllowDiscount><ItemStatus>1</ItemStatus><ItemPrice>7.90</ItemPrice></item><item><PriceUpdateDate>2016-05-30 22:02:26</PriceUpdateDate><ItemCode>7290000483634</ItemCode><ItemType>1</ItemType><ItemName>מב עוגיות מיני מרוקא</ItemName><ManufacturerName>אחווה</ManufacturerName><ManufactureCountry>ישראל</ManufactureCountry><ManufacturerItemDescription>מב עוגיות מיני מרוקא</ManufacturerItemDescription><SoldByWeight/><Quantity>500.00</Quantity><UnitOfMeasure>גרם     </UnitOfMeasure><QtyInPackage>לא ידוע</QtyInPackage><UnitOfMeasurePrice>0.0258</UnitOfMeasurePrice><AllowDiscount>1</AllowDiscount><ItemStatus>1</ItemStatus><ItemPrice>12.90</ItemPrice></item><item><PriceUpdateDate>2015-06-30 06:47:19</PriceUpdateDate><ItemCode>7290000483658</ItemCode><ItemType>1</ItemType><ItemName>מב קטשופ טל וטרי 750</ItemName><ManufacturerName>ויטה</ManufacturerName><ManufactureCountry>ישראל</ManufactureCountry><ManufacturerItemDescription>מב קטשופ טל וטרי 750</ManufacturerItemDescription><SoldByWeight/><Quantity>750.00</Quantity><UnitOfMeasure>גרם     </UnitOfMeasure><QtyInPackage>לא ידוע</QtyInPackage><UnitOfMeasurePrice>0.0119</UnitOfMeasurePrice><AllowDiscount>1</AllowDiscount><ItemStatus>1</ItemStatus><ItemPrice>8.90</ItemPrice></item><item><PriceUpdateDate>2014-11-03 06:36:38</PriceUpdateDate><ItemCode>7290000483719</ItemCode><ItemType>1</ItemType><ItemName>קפה קולומביאני 100 ג</ItemName><ManufacturerName>לא ממותג</ManufacturerName><ManufactureCountry>ישראל</ManufactureCountry><ManufacturerItemDescription>קפה קולומביאני 100 ג</ManufacturerItemDescription><SoldByWeight/><Quantity>100.00</Quantity><UnitOfMeasure>גרם     </UnitOfMeasure><QtyInPackage>לא ידוע</QtyInPackage><UnitOfMeasurePrice>0.1230</UnitOfMeasurePrice><AllowDiscount>1</AllowDiscount><ItemStatus>1</ItemStatus><ItemPrice>12.30</ItemPrice></item><item><PriceUpdateDate>2016-05-01 21:46:11</PriceUpdateDate><ItemCode>7290000483863</ItemCode><ItemType>1</ItemType><ItemName>נשנושים תירס 325 גרם</ItemName><ManufacturerName>נישנושים</ManufacturerName><ManufactureCountry>ישראל</ManufactureCountry><ManufacturerItemDescription>נשנושים תירס 325 גרם</ManufacturerItemDescription><SoldByWeight/><Quantity>325.00</Quantity><UnitOfMeasure>גרם     </UnitOfMeasure><QtyInPackage>לא ידוע</QtyInPackage><UnitOfMeasurePrice>0.0480</UnitOfMeasurePrice><AllowDiscount>1</AllowDiscount><ItemStatus>1</ItemStatus><ItemPrice>15.60</ItemPrice></item><item><PriceUpdateDate>2015-11-12 16:43:45</PriceUpdateDate><ItemCode>7290000483917</ItemCode><ItemType>1</ItemType><ItemName>סוכריות וורטר לל"ס ב</ItemName><ManufacturerName>וורטרס אורגינל-שטורק</ManufacturerName><ManufactureCountry>ישראל</ManufactureCountry><ManufacturerItemDescription>סוכריות וורטר לל"ס ב</ManufacturerItemDescription><SoldByWeight/><Quantity>42.00</Quantity><UnitOfMeasure>גרם     </UnitOfMeasure><QtyInPackage>לא ידוע</QtyInPackage><UnitOfMeasurePrice>0.1833</UnitOfMeasurePrice><AllowDiscount>1</AllowDiscount><ItemStatus>1</ItemStatus><ItemPrice>7.70</ItemPrice></item><item><PriceUpdateDate>2015-11-12 18:18:34</PriceUpdateDate><ItemCode>7290000483924</ItemCode><ItemType>1</ItemType><ItemName>רוטב סויה טבעי 290 מ</ItemName><ManufacturerName>לא ממותג</ManufacturerName><ManufactureCountry>ישראל</ManufactureCountry><ManufacturerItemDescription>רוטב סויה טבעי 290 מ</ManufacturerItemDescription><SoldByWeight/><Quantity>290.00</Quantity><UnitOfMeasure>מ"ל</UnitOfMeasure><QtyInPackage>לא ידוע</QtyInPackage><UnitOfMeasurePrice>0.0676</UnitOfMeasurePrice><AllowDiscount>1</AllowDiscount><ItemStatus>1</ItemStatus><ItemPrice>19.60</ItemPrice></item><item><PriceUpdateDate>2015-11-12 18:18:34</PriceUpdateDate><ItemCode>7290000483955</ItemCode><ItemType>1</ItemType><ItemName>אבקת מרק בצל רכיבים</ItemName><ManufacturerName>לא ממותג</ManufacturerName><ManufactureCountry>ישראל</ManufactureCountry><ManufacturerItemDescription>אבקת מרק בצל</ManufacturerItemDescription><SoldByWeight/><Quantity>220.00</Quantity><UnitOfMeasure>גרם     </UnitOfMeasure><QtyInPackage>לא ידוע</QtyInPackage><UnitOfMeasurePrice>0.0836</UnitOfMeasurePrice><AllowDiscount>1</AllowDiscount><ItemStatus>1</ItemStatus><ItemPrice>18.40</ItemPrice></item><item><PriceUpdateDate>2015-11-12 13:33:34</PriceUpdateDate><ItemCode>7290000484013</ItemCode><ItemType>1</ItemType><ItemName>קמח תופח מלא 1 ק"ג</ItemName><ManufacturerName>סוגת</ManufacturerName><ManufactureCountry>ישראל</ManufactureCountry><ManufacturerItemDescription>קמח תופח מלא 1 ק"ג</ManufacturerItemDescription><SoldByWeight/><Quantity>1000.00</Quantity><UnitOfMeasure>גרם     </UnitOfMeasure><QtyInPackage>לא ידוע</QtyInPackage><UnitOfMeasurePrice>0.0089</UnitOfMeasurePrice><AllowDiscount>1</AllowDiscount><ItemStatus>1</ItemStatus><ItemPrice>8.90</ItemPrice></item><item><PriceUpdateDate>2016-05-30 22:02:26</PriceUpdateDate><ItemCode>7290000484044</ItemCode><ItemType>1</ItemType><ItemName>מב עוגיות אוראו ממול</ItemName><ManufacturerName>אוראו</ManufacturerName><ManufactureCountry>ספרד</ManufactureCountry><ManufacturerItemDescription>בדין דפי מרכך    כחול</ManufacturerItemDescription><SoldByWeight/><Quantity>246.00</Quantity><UnitOfMeasure>גרם     </UnitOfMeasure><QtyInPackage>לא ידוע</QtyInPackage><UnitOfMeasurePrice>0.0606</UnitOfMeasurePrice><AllowDiscount>1</AllowDiscount><ItemStatus>1</ItemStatus><ItemPrice>14.90</ItemPrice></item><item><PriceUpdateDate>2015-11-12 16:55:25</PriceUpdateDate><ItemCode>7290000484075</ItemCode><ItemType>1</ItemType><ItemName>בונבוניירה מיני שוקו</ItemName><ManufacturerName>עלית</ManufacturerName><ManufactureCountry>ישראל</ManufactureCountry><ManufacturerItemDescription>מארז מיני שוקולדים</ManufacturerItemDescription><SoldByWeight/><Quantity>200.00</Quantity><UnitOfMeasure>גרם     </UnitOfMeasure><QtyInPackage>לא ידוע</QtyInPackage><UnitOfMeasurePrice>0.1035</UnitOfMeasurePrice><AllowDiscount>1</AllowDiscount><ItemStatus>1</ItemStatus><ItemPrice>20.70</ItemPrice></item><item><PriceUpdateDate>2015-12-15 10:09:41</PriceUpdateDate><ItemCode>7290000484143</ItemCode><ItemType>1</ItemType><ItemName>בונבוניירה ספלנדיד מ</ItemName><ManufacturerName>עלית</ManufacturerName><ManufactureCountry>ישראל</ManufactureCountry><ManufacturerItemDescription>בונ ספלנדיד מיקס משפחתי 2</ManufacturerItemDescription><SoldByWeight/><Quantity>216.00</Quantity><UnitOfMeasure>גרם     </UnitOfMeasure><QtyInPackage>לא ידוע</QtyInPackage><UnitOfMeasurePrice>0.1338</UnitOfMeasurePrice><AllowDiscount>1</AllowDiscount><ItemStatus>1</ItemStatus><ItemPrice>28.90</ItemPrice></item><item><PriceUpdateDate>2014-11-03 06:37:00</PriceUpdateDate><ItemCode>7290000484273</ItemCode><ItemType>1</ItemType><ItemName>קוסקוס עם חיטה מלאה</ItemName><ManufacturerName>אסם</ManufacturerName><ManufactureCountry>ישראל</ManufactureCountry><ManufacturerItemDescription>קוסקוס עם חיטה מלאה</ManufacturerItemDescription><SoldByWeight/><Quantity>350.00</Quantity><UnitOfMeasure>גרם     </UnitOfMeasure><QtyInPackage>לא ידוע</QtyInPackage><UnitOfMeasurePrice>0.0266</UnitOfMeasurePrice><AllowDiscount>1</AllowDiscount><ItemStatus>1</ItemStatus><ItemPrice>9.30</ItemPrice></item><item><PriceUpdateDate>2015-10-22 16:27:24</PriceUpdateDate><ItemCode>7290000484310</ItemCode><ItemType>1</ItemType><ItemName>עוגיות היט מיני שוקו</ItemName><ManufacturerName>היט מיניס</ManufacturerName><ManufactureCountry>פולין</ManufactureCountry><ManufacturerItemDescription>היט מיני קקאו 130 גרם</ManufacturerItemDescription><SoldByWeight/><Quantity>130.00</Quantity><UnitOfMeasure>גרם     </UnitOfMeasure><QtyInPackage>לא ידוע</QtyInPackage><UnitOfMeasurePrice>0.0592</UnitOfMeasurePrice><AllowDiscount>1</AllowDiscount><ItemStatus>1</ItemStatus><ItemPrice>7.70</ItemPrice></item><item><PriceUpdateDate>2015-12-27 12:17:23</PriceUpdateDate><ItemCode>7290000484433</ItemCode><ItemType>1</ItemType><ItemName>רבע לשבע קרם אגוזים</ItemName><ManufacturerName>עלית</ManufacturerName><ManufactureCountry>ישראל</ManufactureCountry><ManufacturerItemDescription>רבע לשבע בדצ 160 גרם</ManufacturerItemDescription><SoldByWeight/><Quantity>160.00</Quantity><UnitOfMeasure>גרם     </UnitOfMeasure><QtyInPackage>לא ידוע</QtyInPackage><UnitOfMeasurePrice>0.0869</UnitOfMeasurePrice><AllowDiscount>1</AllowDiscount><ItemStatus>1</ItemStatus><ItemPrice>13.90</ItemPrice></item><item><PriceUpdateDate>2016-05-02 08:05:46</PriceUpdateDate><ItemCode>7290000484525</ItemCode><ItemType>1</ItemType><ItemName>עלית הארק לוקס 750 מ</ItemName><ManufacturerName>לא ממותג</ManufacturerName><ManufactureCountry>ישראל</ManufactureCountry><ManufacturerItemDescription>עלית הארק 750 40% מל</ManufacturerItemDescription><SoldByWeight/><Quantity>750.00</Quantity><UnitOfMeasure>מ"ל</UnitOfMeasure><QtyInPackage>לא ידוע</QtyInPackage><UnitOfMeasurePrice>0.0799</UnitOfMeasurePrice><AllowDiscount>1</AllowDiscount><ItemStatus>1</ItemStatus><ItemPrice>59.90</ItemPrice></item><item><PriceUpdateDate>2015-10-11 10:48:27</PriceUpdateDate><ItemCode>7290000484808</ItemCode><ItemType>1</ItemType><ItemName>מנה פריכיות אורז עם</ItemName><ManufacturerName>מנה</ManufacturerName><ManufactureCountry>ישראל</ManufactureCountry><ManufacturerItemDescription>פריכונים אורז עם מלח100 ג</ManufacturerItemDescription><SoldByWeight/><Quantity>100.00</Quantity><UnitOfMeasure>גרם     </UnitOfMeasure><QtyInPackage>לא ידוע</QtyInPackage><UnitOfMeasurePrice>0.0720</UnitOfMeasurePrice><AllowDiscount>1</AllowDiscount><ItemStatus>1</ItemStatus><ItemPrice>7.20</ItemPrice></item><item><PriceUpdateDate>2015-11-12 17:55:31</PriceUpdateDate><ItemCode>7290000484846</ItemCode><ItemType>1</ItemType><ItemName>פריכיות דקות אורז מל</ItemName><ManufacturerName>פרח תעשיות מזון</ManufacturerName><ManufactureCountry>ישראל</ManufactureCountry><ManufacturerItemDescription>פריכיות אורז דקות ללא מלח</ManufacturerItemDescription><SoldByWeight/><Quantity>100.00</Quantity><UnitOfMeasure>גרם     </UnitOfMeasure><QtyInPackage>לא ידוע</QtyInPackage><UnitOfMeasurePrice>0.0930</UnitOfMeasurePrice><AllowDiscount>1</AllowDiscount><ItemStatus>1</ItemStatus><ItemPrice>9.30</ItemPrice></item><item><PriceUpdateDate>2016-03-14 06:44:35</PriceUpdateDate><ItemCode>7290000484938</ItemCode><ItemType>1</ItemType><ItemName>כיף כף מקלות קלאסי 4</ItemName><ManufacturerName>עלית</ManufacturerName><ManufactureCountry>ישראל</ManufactureCountry><ManufacturerItemDescription>מקלות כיף כף קלאסי 40 גרם</ManufacturerItemDescription><SoldByWeight/><Quantity>40.00</Quantity><UnitOfMeasure>גרם     </UnitOfMeasure><QtyInPackage>לא ידוע</QtyInPackage><UnitOfMeasurePrice>0.1375</UnitOfMeasurePrice><AllowDiscount>1</AllowDiscount><ItemStatus>1</ItemStatus><ItemPrice>5.50</ItemPrice></item><item><PriceUpdateDate>2015-10-11 08:15:18</PriceUpdateDate><ItemCode>7290000485089</ItemCode><ItemType>1</ItemType><ItemName>מנת השף עם נודלס בטע</ItemName><ManufacturerName>מנת השף</ManufacturerName><ManufactureCountry>ישראל</ManufactureCountry><ManufacturerItemDescription>נודלס בטעם עוף 70 גרם</ManufacturerItemDescription><SoldByWeight/><Quantity>70.00</Quantity><UnitOfMeasure>גרם     </UnitOfMeasure><QtyInPackage>לא ידוע</QtyInPackage><UnitOfMeasurePrice>0.0943</UnitOfMeasurePrice><AllowDiscount>1</AllowDiscount><ItemStatus>1</ItemStatus><ItemPrice>6.60</ItemPrice></item><item><PriceUpdateDate>2016-05-30 22:02:27</PriceUpdateDate><ItemCode>7290000485355</ItemCode><ItemType>1</ItemType><ItemName>מב גריסים 500 גרם</ItemName><ManufacturerName>סוגת</ManufacturerName><ManufactureCountry>ישראל</ManufactureCountry><ManufacturerItemDescription>מב גריסים 500 גרם</ManufacturerItemDescription><SoldByWeight/><Quantity>500.00</Quantity><UnitOfMeasure>גרם     </UnitOfMeasure><QtyInPackage>לא ידוע</QtyInPackage><UnitOfMeasurePrice>0.0100</UnitOfMeasurePrice><AllowDiscount>1</AllowDiscount><ItemStatus>1</ItemStatus><ItemPrice>5.00</ItemPrice></item><item><PriceUpdateDate>2016-06-06 11:51:08</PriceUpdateDate><ItemCode>7290000485423</ItemCode><ItemType>1</ItemType><ItemName>חמוציות אושן ספריי 1</ItemName><ManufacturerName>לא ממותג</ManufacturerName><ManufactureCountry>ישראל</ManufactureCountry><ManufacturerItemDescription>חמוציות אושן ספריי 1</ManufacturerItemDescription><SoldByWeight/><Quantity>142.00</Quantity><UnitOfMeasure>גרם     </UnitOfMeasure><QtyInPackage>לא ידוע</QtyInPackage><UnitOfMeasurePrice>0.0979</UnitOfMeasurePrice><AllowDiscount>1</AllowDiscount><ItemStatus>1</ItemStatus><ItemPrice>13.90</ItemPrice></item><item><PriceUpdateDate>2016-06-08 11:06:16</PriceUpdateDate><ItemCode>7290000485478</ItemCode><ItemType>1</ItemType><ItemName>קלוגס קורנפלקס 750 ג</ItemName><ManufacturerName>קלוגס קורנפלקס</ManufacturerName><ManufactureCountry>גרמניה</ManufactureCountry><ManufacturerItemDescription>קורנפלקס קלוגס 750 גר</ManufacturerItemDescription><SoldByWeight/><Quantity>750.00</Quantity><UnitOfMeasure>גרם     </UnitOfMeasure><QtyInPackage>לא ידוע</QtyInPackage><UnitOfMeasurePrice>0.0319</UnitOfMeasurePrice><AllowDiscount>1</AllowDiscount><ItemStatus>1</ItemStatus><ItemPrice>23.90</ItemPrice></item><item><PriceUpdateDate>2016-05-30 22:02:27</PriceUpdateDate><ItemCode>7290000485522</ItemCode><ItemType>1</ItemType><ItemName>לבבות דקל שלם ויליפו</ItemName><ManufacturerName>.N.Y.C</ManufacturerName><ManufactureCountry>ישראל</ManufactureCountry><ManufacturerItemDescription>דקל לבבות שלמים400 גרם</ManufacturerItemDescription><SoldByWeight/><Quantity>400.00</Quantity><UnitOfMeasure>גרם     </UnitOfMeasure><QtyInPackage>לא ידוע</QtyInPackage><UnitOfMeasurePrice>0.0380</UnitOfMeasurePrice><AllowDiscount>1</AllowDiscount><ItemStatus>1</ItemStatus><ItemPrice>15.20</ItemPrice></item><item><PriceUpdateDate>2015-10-20 16:52:41</PriceUpdateDate><ItemCode>7290000485546</ItemCode><ItemType>1</ItemType><ItemName>סוכריות סקיטלס פירות</ItemName><ManufacturerName>לא ממותג</ManufacturerName><ManufactureCountry>ישראל</ManufactureCountry><ManufacturerItemDescription>סוכריות סקיטלס  ירות38ג</ManufacturerItemDescription><SoldByWeight/><Quantity>38.00</Quantity><UnitOfMeasure>גרם     </UnitOfMeasure><QtyInPackage>לא ידוע</QtyInPackage><UnitOfMeasurePrice>0.0868</UnitOfMeasurePrice><AllowDiscount>1</AllowDiscount><ItemStatus>1</ItemStatus><ItemPrice>3.30</ItemPrice></item><item><PriceUpdateDate>2016-05-02 08:05:35</PriceUpdateDate><ItemCode>7290000485617</ItemCode><ItemType>1</ItemType><ItemName>מב חומוס סוגת 500 גר</ItemName><ManufacturerName>סוגת</ManufacturerName><ManufactureCountry>ישראל</ManufactureCountry><ManufacturerItemDescription>חומוס 500 גרם</ManufacturerItemDescription><SoldByWeight/><Quantity>500.00</Quantity><UnitOfMeasure>גרם     </UnitOfMeasure><QtyInPackage>לא ידוע</QtyInPackage><UnitOfMeasurePrice>0.0130</UnitOfMeasurePrice><AllowDiscount>1</AllowDiscount><ItemStatus>1</ItemStatus><ItemPrice>6.50</ItemPrice></item><item><PriceUpdateDate>2015-11-12 13:31:49</PriceUpdateDate><ItemCode>7290000485638</ItemCode><ItemType>1</ItemType><ItemName>חיטה סוגת 1 ק"ג</ItemName><ManufacturerName>סוגת</ManufacturerName><ManufactureCountry>ישראל</ManufactureCountry><ManufacturerItemDescription>חיטה סוגת 1 ק"ג</ManufacturerItemDescription><SoldByWeight/><Quantity>1000.00</Quantity><UnitOfMeasure>גרם     </UnitOfMeasure><QtyInPackage>לא ידוע</QtyInPackage><UnitOfMeasurePrice>0.0133</UnitOfMeasurePrice><AllowDiscount>1</AllowDiscount><ItemStatus>1</ItemStatus><ItemPrice>13.30</ItemPrice></item><item><PriceUpdateDate>2016-05-30 22:02:27</PriceUpdateDate><ItemCode>7290000485645</ItemCode><ItemType>1</ItemType><ItemName>מב גרישה 500 גרם</ItemName><ManufacturerName>סוגת</ManufacturerName><ManufactureCountry>ישראל</ManufactureCountry><ManufacturerItemDescription>גרישה 500 גרם</ManufacturerItemDescription><SoldByWeight/><Quantity>500.00</Quantity><UnitOfMeasure>גרם     </UnitOfMeasure><QtyInPackage>לא ידוע</QtyInPackage><UnitOfMeasurePrice>0.0100</UnitOfMeasurePrice><AllowDiscount>1</AllowDiscount><ItemStatus>1</ItemStatus><ItemPrice>5.00</ItemPrice></item><item><PriceUpdateDate>2016-01-05 08:48:28</PriceUpdateDate><ItemCode>7290000485652</ItemCode><ItemType>1</ItemType><ItemName>דגני בוקר קינמונים 5</ItemName><ManufacturerName>תלמה</ManufacturerName><ManufactureCountry>ישראל</ManufactureCountry><ManufacturerItemDescription>דגני בוקר קינמונים 5</ManufacturerItemDescription><SoldByWeight/><Quantity>500.00</Quantity><UnitOfMeasure>גרם     </UnitOfMeasure><QtyInPackage>לא ידוע</QtyInPackage><UnitOfMeasurePrice>0.0508</UnitOfMeasurePrice><AllowDiscount>1</AllowDiscount><ItemStatus>1</ItemStatus><ItemPrice>25.40</ItemPrice></item><item><PriceUpdateDate>2016-02-08 09:01:59</PriceUpdateDate><ItemCode>7290000485676</ItemCode><ItemType>1</ItemType><ItemName>הלמנס-מיונז אמיתי לח</ItemName><ManufacturerName>הלמנס</ManufacturerName><ManufactureCountry>ישראל</ManufactureCountry><ManufacturerItemDescription>הלמנס-מיונז אמיתי לח</ManufacturerItemDescription><SoldByWeight/><Quantity>385.00</Quantity><UnitOfMeasure>גרם     </UnitOfMeasure><QtyInPackage>לא ידוע</QtyInPackage><UnitOfMeasurePrice>0.0413</UnitOfMeasurePrice><AllowDiscount>1</AllowDiscount><ItemStatus>1</ItemStatus><ItemPrice>15.90</ItemPrice></item><item><PriceUpdateDate>2016-05-30 22:02:27</PriceUpdateDate><ItemCode>7290000485706</ItemCode><ItemType>1</ItemType><ItemName>מב קריספי טאפס פיצוח</ItemName><ManufacturerName>לא ממותג</ManufacturerName><ManufactureCountry>ישראל</ManufactureCountry><ManufacturerItemDescription>מב קריספי טאפס פיצוח</ManufacturerItemDescription><SoldByWeight/><Quantity>150.00</Quantity><UnitOfMeasure>גרם     </UnitOfMeasure><QtyInPackage>לא ידוע</QtyInPackage><UnitOfMeasurePrice>0.0660</UnitOfMeasurePrice><AllowDiscount>1</AllowDiscount><ItemStatus>1</ItemStatus><ItemPrice>9.90</ItemPrice></item><item><PriceUpdateDate>2014-11-03 06:38:42</PriceUpdateDate><ItemCode>7290000485744</ItemCode><ItemType>1</ItemType><ItemName>זית סורי מבוקע 800 ג</ItemName><ManufacturerName>לא ממותג</ManufacturerName><ManufactureCountry>ישראל</ManufactureCountry><ManufacturerItemDescription>זית סורי מבוקע 800 ג</ManufacturerItemDescription><SoldByWeight/><Quantity>800.00</Quantity><UnitOfMeasure>גרם     </UnitOfMeasure><QtyInPackage>לא ידוע</QtyInPackage><UnitOfMeasurePrice>0.0275</UnitOfMeasurePrice><AllowDiscount>1</AllowDiscount><ItemStatus>1</ItemStatus><ItemPrice>22.00</ItemPrice></item><item><PriceUpdateDate>2016-04-05 15:59:25</PriceUpdateDate><ItemCode>7290000485799</ItemCode><ItemType>1</ItemType><ItemName>עוגיות פרימיום 250-3</ItemName><ManufacturerName>לא ממותג</ManufacturerName><ManufactureCountry>ישראל</ManufactureCountry><ManufacturerItemDescription>עוגיות פרימיום 250-3</ManufacturerItemDescription><SoldByWeight/><Quantity>250.00</Quantity><UnitOfMeasure>גרם     </UnitOfMeasure><QtyInPackage>לא ידוע</QtyInPackage><UnitOfMeasurePrice>0.0876</UnitOfMeasurePrice><AllowDiscount>1</AllowDiscount><ItemStatus>1</ItemStatus><ItemPrice>21.90</ItemPrice></item><item><PriceUpdateDate>2015-11-12 13:34:10</PriceUpdateDate><ItemCode>7290000485812</ItemCode><ItemType>1</ItemType><ItemName>פופקורן סוגת 500 גרם</ItemName><ManufacturerName>סוגת</ManufacturerName><ManufactureCountry>ישראל</ManufactureCountry><ManufacturerItemDescription>פופקורן 500 גרם</ManufacturerItemDescription><SoldByWeight/><Quantity>500.00</Quantity><UnitOfMeasure>גרם     </UnitOfMeasure><QtyInPackage>לא ידוע</QtyInPackage><UnitOfMeasurePrice>0.0156</UnitOfMeasurePrice><AllowDiscount>1</AllowDiscount><ItemStatus>1</ItemStatus><ItemPrice>7.80</ItemPrice></item><item><PriceUpdateDate>2015-12-10 07:00:40</PriceUpdateDate><ItemCode>7290000485867</ItemCode><ItemType>1</ItemType><ItemName>פריכיות אנרג'י אורז</ItemName><ManufacturerName>אנרג'י</ManufacturerName><ManufactureCountry>ישראל</ManufactureCountry><ManufacturerItemDescription>פריכיות מצופות שוקולד חלב</ManufacturerItemDescription><SoldByWeight/><Quantity>70.00</Quantity><UnitOfMeasure>גרם     </UnitOfMeasure><QtyInPackage>לא ידוע</QtyInPackage><UnitOfMeasurePrice>0.1271</UnitOfMeasurePrice><AllowDiscount>1</AllowDiscount><ItemStatus>1</ItemStatus><ItemPrice>8.90</ItemPrice></item><item><PriceUpdateDate>2014-12-28 10:33:12</PriceUpdateDate><ItemCode>7290000485874</ItemCode><ItemType>1</ItemType><ItemName>רוטב פטריות 34 גרם</ItemName><ManufacturerName>ויטה</ManufacturerName><ManufactureCountry>ישראל</ManufactureCountry><ManufacturerItemDescription>רוטב פטריות 34 גרם</ManufacturerItemDescription><SoldByWeight/><Quantity>14.00</Quantity><UnitOfMeasure>גרם     </UnitOfMeasure><QtyInPackage>לא ידוע</QtyInPackage><UnitOfMeasurePrice>0.3143</UnitOfMeasurePrice><AllowDiscount>1</AllowDiscount><ItemStatus>1</ItemStatus><ItemPrice>4.40</ItemPrice></item><item><PriceUpdateDate>2014-12-28 10:33:12</PriceUpdateDate><ItemCode>7290000485904</ItemCode><ItemType>1</ItemType><ItemName>רוטב שמפיניון מוקרם</ItemName><ManufacturerName>ויטה</ManufacturerName><ManufactureCountry>ישראל</ManufactureCountry><ManufacturerItemDescription>רוטב שמפיניון מוקרם</ManufacturerItemDescription><SoldByWeight/><Quantity>14.00</Quantity><UnitOfMeasure>גרם     </UnitOfMeasure><QtyInPackage>לא ידוע</QtyInPackage><UnitOfMeasurePrice>0.3143</UnitOfMeasurePrice><AllowDiscount>1</AllowDiscount><ItemStatus>1</ItemStatus><ItemPrice>4.40</ItemPrice></item><item><PriceUpdateDate>2015-11-12 14:59:22</PriceUpdateDate><ItemCode>7290000485980</ItemCode><ItemType>1</ItemType><ItemName>חטיפי שומשום 380 גרם</ItemName><ManufacturerName>אטיאס</ManufacturerName><ManufactureCountry>ישראל</ManufactureCountry><ManufacturerItemDescription>חטיפי שומשום 380 גרם</ManufacturerItemDescription><SoldByWeight/><Quantity>380.00</Quantity><UnitOfMeasure>גרם     </UnitOfMeasure><QtyInPackage>לא ידוע</QtyInPackage><UnitOfMeasurePrice>0.0526</UnitOfMeasurePrice><AllowDiscount>1</AllowDiscount><ItemStatus>1</ItemStatus><ItemPrice>20.00</ItemPrice></item><item><PriceUpdateDate>2016-05-09 06:44:01</PriceUpdateDate><ItemCode>7290000486024</ItemCode><ItemType>1</ItemType><ItemName>קוסקוס בינוני סוגת 3</ItemName><ManufacturerName>סוגת</ManufacturerName><ManufactureCountry>ישראל</ManufactureCountry><ManufacturerItemDescription>קוסקוס בינוני סוגת 3</ManufacturerItemDescription><SoldByWeight/><Quantity>350.00</Quantity><UnitOfMeasure>גרם     </UnitOfMeasure><QtyInPackage>לא ידוע</QtyInPackage><UnitOfMeasurePrice>0.0197</UnitOfMeasurePrice><AllowDiscount>1</AllowDiscount><ItemStatus>1</ItemStatus><ItemPrice>6.90</ItemPrice></item><item><PriceUpdateDate>2016-03-29 06:16:58</PriceUpdateDate><ItemCode>7290000486031</ItemCode><ItemType>1</ItemType><ItemName>אורז סיני עם נודלס 1</ItemName><ManufacturerName>אסם</ManufacturerName><ManufactureCountry>ישראל</ManufactureCountry><ManufacturerItemDescription>אורז סיני עם נודלס 1</ManufacturerItemDescription><SoldByWeight/><Quantity>130.00</Quantity><UnitOfMeasure>גרם     </UnitOfMeasure><QtyInPackage>לא ידוע</QtyInPackage><UnitOfMeasurePrice>0.0969</UnitOfMeasurePrice><AllowDiscount>1</AllowDiscount><ItemStatus>1</ItemStatus><ItemPrice>12.60</ItemPrice></item><item><PriceUpdateDate>2016-05-24 09:31:28</PriceUpdateDate><ItemCode>7290000486079</ItemCode><ItemType>1</ItemType><ItemName>מנה חמה תפו'א עם פטר</ItemName><ManufacturerName>אסם</ManufacturerName><ManufactureCountry>ישראל</ManufactureCountry><ManufacturerItemDescription>מנה חמה תפוא עם פטריות</ManufacturerItemDescription><SoldByWeight/><Quantity>47.00</Quantity><UnitOfMeasure>גרם     </UnitOfMeasure><QtyInPackage>לא ידוע</QtyInPackage><UnitOfMeasurePrice>0.1468</UnitOfMeasurePrice><AllowDiscount>1</AllowDiscount><ItemStatus>1</ItemStatus><ItemPrice>6.90</ItemPrice></item><item><PriceUpdateDate>2016-06-07 12:25:55</PriceUpdateDate><ItemCode>7290000486086</ItemCode><ItemType>1</ItemType><ItemName>מב וופל הולנדי ממולא</ItemName><ManufacturerName>ק.א.שוקולד</ManufacturerName><ManufactureCountry>הולנד</ManufactureCountry><ManufacturerItemDescription>וופל בקרסלנד סטרופ 260 גר</ManufacturerItemDescription><SoldByWeight/><Quantity>250.00</Quantity><UnitOfMeasure>גרם     </UnitOfMeasure><QtyInPackage>לא ידוע</QtyInPackage><UnitOfMeasurePrice>0.0396</UnitOfMeasurePrice><AllowDiscount>1</AllowDiscount><ItemStatus>1</ItemStatus><ItemPrice>9.90</ItemPrice></item><item><PriceUpdateDate>2016-05-30 22:02:27</PriceUpdateDate><ItemCode>7290000486192</ItemCode><ItemType>1</ItemType><ItemName>חטיפי דגנים נסקוויק</ItemName><ManufacturerName>נסקוויק</ManufacturerName><ManufactureCountry>פולין</ManufactureCountry><ManufacturerItemDescription>חליטת מנטה      שק2.25Xג</ManufacturerItemDescription><SoldByWeight/><Quantity>150.00</Quantity><UnitOfMeasure>גרם     </UnitOfMeasure><QtyInPackage>לא ידוע</QtyInPackage><UnitOfMeasurePrice>0.1127</UnitOfMeasurePrice><AllowDiscount>1</AllowDiscount><ItemStatus>1</ItemStatus><ItemPrice>16.90</ItemPrice></item><item><PriceUpdateDate>2016-02-18 10:36:16</PriceUpdateDate><ItemCode>7290000486208</ItemCode><ItemType>1</ItemType><ItemName>מרשמלו טוויסטר 180 ג</ItemName><ManufacturerName>לני</ManufacturerName><ManufactureCountry>ישראל</ManufactureCountry><ManufacturerItemDescription>סוכריות מרשמלו מושי טוויס</ManufacturerItemDescription><SoldByWeight/><Quantity>180.00</Quantity><UnitOfMeasure>גרם     </UnitOfMeasure><QtyInPackage>לא ידוע</QtyInPackage><UnitOfMeasurePrice>0.0400</UnitOfMeasurePrice><AllowDiscount>1</AllowDiscount><ItemStatus>1</ItemStatus><ItemPrice>7.20</ItemPrice></item><item><PriceUpdateDate>2015-11-12 13:34:24</PriceUpdateDate><ItemCode>7290000486222</ItemCode><ItemType>1</ItemType><ItemName>אפונה 1 ק"ג.</ItemName><ManufacturerName>סוגת</ManufacturerName><ManufactureCountry>ישראל</ManufactureCountry><ManufacturerItemDescription>אפונה 1 ק"ג.</ManufacturerItemDescription><SoldByWeight/><Quantity>1000.00</Quantity><UnitOfMeasure>גרם     </UnitOfMeasure><QtyInPackage>לא ידוע</QtyInPackage><UnitOfMeasurePrice>0.0143</UnitOfMeasurePrice><AllowDiscount>1</AllowDiscount><ItemStatus>1</ItemStatus><ItemPrice>14.30</ItemPrice></item><item><PriceUpdateDate>2015-12-01 08:41:06</PriceUpdateDate><ItemCode>7290000486291</ItemCode><ItemType>1</ItemType><ItemName>מארז קינדר קאנטרי שי</ItemName><ManufacturerName>קינדר</ManufacturerName><ManufactureCountry>ישראל</ManufactureCountry><ManufacturerItemDescription>מארז קינדר קאנטרי שי</ManufacturerItemDescription><SoldByWeight/><Quantity>141.00</Quantity><UnitOfMeasure>גרם     </UnitOfMeasure><QtyInPackage>לא ידוע</QtyInPackage><UnitOfMeasurePrice>0.0915</UnitOfMeasurePrice><AllowDiscount>1</AllowDiscount><ItemStatus>1</ItemStatus><ItemPrice>12.90</ItemPrice></item><item><PriceUpdateDate>2016-06-08 11:06:16</PriceUpdateDate><ItemCode>7290000486352</ItemCode><ItemType>1</ItemType><ItemName>קלוגס ספיישל קיי פיר</ItemName><ManufacturerName>קלוגס ספיישל קיי</ManufacturerName><ManufactureCountry>גרמניה</ManufactureCountry><ManufacturerItemDescription>חטיפי מיקספלקס  ק.מריר6י</ManufacturerItemDescription><SoldByWeight/><Quantity>300.00</Quantity><UnitOfMeasure>גרם     </UnitOfMeasure><QtyInPackage>לא ידוע</QtyInPackage><UnitOfMeasurePrice>0.0963</UnitOfMeasurePrice><AllowDiscount>1</AllowDiscount><ItemStatus>1</ItemStatus><ItemPrice>28.90</ItemPrice></item><item><PriceUpdateDate>2016-05-30 22:02:28</PriceUpdateDate><ItemCode>7290000486437</ItemCode><ItemType>1</ItemType><ItemName>טבעונים חטף טבעות דג</ItemName><ManufacturerName>לא ממותג</ManufacturerName><ManufactureCountry>ישראל</ManufactureCountry><ManufacturerItemDescription>טבעונים חטף טבעות דג</ManufacturerItemDescription><SoldByWeight/><Quantity>45.00</Quantity><UnitOfMeasure>גרם     </UnitOfMeasure><QtyInPackage>לא ידוע</QtyInPackage><UnitOfMeasurePrice>0.1511</UnitOfMeasurePrice><AllowDiscount>1</AllowDiscount><ItemStatus>1</ItemStatus><ItemPrice>6.80</ItemPrice></item><item><PriceUpdateDate>2016-05-30 22:02:28</PriceUpdateDate><ItemCode>7290000486444</ItemCode><ItemType>1</ItemType><ItemName>מב שקדי מרק מנה 400</ItemName><ManufacturerName>מנה</ManufacturerName><ManufactureCountry>ישראל</ManufactureCountry><ManufacturerItemDescription>שקדי מרק מנה 400 גרם</ManufacturerItemDescription><SoldByWeight/><Quantity>400.00</Quantity><UnitOfMeasure>גרם     </UnitOfMeasure><QtyInPackage>לא ידוע</QtyInPackage><UnitOfMeasurePrice>0.0213</UnitOfMeasurePrice><AllowDiscount>1</AllowDiscount><ItemStatus>1</ItemStatus><ItemPrice>8.50</ItemPrice></item><item><PriceUpdateDate>2015-10-11 18:10:38</PriceUpdateDate><ItemCode>7290000486482</ItemCode><ItemType>1</ItemType><ItemName>חטיף צ'יפסי בטעם מקס</ItemName><ManufacturerName>ציפסי</ManufacturerName><ManufactureCountry>ישראל</ManufactureCountry><ManufacturerItemDescription>חטיף ציפסי בטעם מקסיקני 5</ManufacturerItemDescription><SoldByWeight/><Quantity>50.00</Quantity><UnitOfMeasure>גרם     </UnitOfMeasure><QtyInPackage>לא ידוע</QtyInPackage><UnitOfMeasurePrice>0.0760</UnitOfMeasurePrice><AllowDiscount>1</AllowDiscount><ItemStatus>1</ItemStatus><ItemPrice>3.80</ItemPrice></item><item><PriceUpdateDate>2015-10-21 13:52:05</PriceUpdateDate><ItemCode>7290000486604</ItemCode><ItemType>1</ItemType><ItemName>מולטי צ'יריוס 565 גר</ItemName><ManufacturerName>נסטלה</ManufacturerName><ManufactureCountry>ישראל</ManufactureCountry><ManufacturerItemDescription>מולטי צ'יריוס 565 גר</ManufacturerItemDescription><SoldByWeight/><Quantity>565.00</Quantity><UnitOfMeasure>גרם     </UnitOfMeasure><QtyInPackage>לא ידוע</QtyInPackage><UnitOfMeasurePrice>0.0485</UnitOfMeasurePrice><AllowDiscount>1</AllowDiscount><ItemStatus>1</ItemStatus><ItemPrice>27.40</ItemPrice></item><item><PriceUpdateDate>2015-11-03 08:37:47</PriceUpdateDate><ItemCode>7290000486642</ItemCode><ItemType>1</ItemType><ItemName>פיטנס עוגיות שוקוצ'י</ItemName><ManufacturerName>אסם</ManufacturerName><ManufactureCountry>ישראל</ManufactureCountry><ManufacturerItemDescription>עוגיות בטעם שוקולד ציפס 1</ManufacturerItemDescription><SoldByWeight/><Quantity>180.00</Quantity><UnitOfMeasure>גרם     </UnitOfMeasure><QtyInPackage>לא ידוע</QtyInPackage><UnitOfMeasurePrice>0.0733</UnitOfMeasurePrice><AllowDiscount>1</AllowDiscount><ItemStatus>1</ItemStatus><ItemPrice>13.20</ItemPrice></item><item><PriceUpdateDate>2015-11-16 11:40:27</PriceUpdateDate><ItemCode>7290000486741</ItemCode><ItemType>1</ItemType><ItemName>אפונה וגזר A2 550 גר</ItemName><ManufacturerName>לא ממותג</ManufacturerName><ManufactureCountry>ישראל</ManufactureCountry><ManufacturerItemDescription>אפונה וגזר 550 גרם יכין</ManufacturerItemDescription><SoldByWeight/><Quantity>330.00</Quantity><UnitOfMeasure>גרם     </UnitOfMeasure><QtyInPackage>לא ידוע</QtyInPackage><UnitOfMeasurePrice>0.0255</UnitOfMeasurePrice><AllowDiscount>0</AllowDiscount><ItemStatus>1</ItemStatus><ItemPrice>8.40</ItemPrice></item><item><PriceUpdateDate>2016-06-01 06:33:16</PriceUpdateDate><ItemCode>7290000486796</ItemCode><ItemType>1</ItemType><ItemName>שוופס RUSSCHIAN 1.5</ItemName><ManufacturerName>שוופס</ManufacturerName><ManufactureCountry>ישראל</ManufactureCountry><ManufacturerItemDescription>שוופס 1.5 RUSSCHIAN ליטר</ManufacturerItemDescription><SoldByWeight/><Quantity>1500.00</Quantity><UnitOfMeasure>מ"ל</UnitOfMeasure><QtyInPackage>לא ידוע</QtyInPackage><UnitOfMeasurePrice>0.0073</UnitOfMeasurePrice><AllowDiscount>1</AllowDiscount><ItemStatus>1</ItemStatus><ItemPrice>10.90</ItemPrice></item><item><PriceUpdateDate>2016-05-30 22:02:28</PriceUpdateDate><ItemCode>7290000486826</ItemCode><ItemType>1</ItemType><ItemName>מב עלי גפן ממולאים ב</ItemName><ManufacturerName>7 אפ</ManufacturerName><ManufactureCountry>ישראל</ManufactureCountry><ManufacturerItemDescription>עלי גפן ממולאים באורז 400</ManufacturerItemDescription><SoldByWeight/><Quantity>360.00</Quantity><UnitOfMeasure>גרם     </UnitOfMeasure><QtyInPackage>לא ידוע</QtyInPackage><UnitOfMeasurePrice>0.0247</UnitOfMeasurePrice><AllowDiscount>1</AllowDiscount><ItemStatus>1</ItemStatus><ItemPrice>8.90</ItemPrice></item><item><PriceUpdateDate>2015-11-12 18:17:54</PriceUpdateDate><ItemCode>7290000486833</ItemCode><ItemType>1</ItemType><ItemName>עגבניות מרוסקות 800</ItemName><ManufacturerName>לא ממותג</ManufacturerName><ManufactureCountry>ישראל</ManufactureCountry><ManufacturerItemDescription>עגבניות מרוסקות 800</ManufacturerItemDescription><SoldByWeight/><Quantity>800.00</Quantity><UnitOfMeasure>גרם     </UnitOfMeasure><QtyInPackage>לא ידוע</QtyInPackage><UnitOfMeasurePrice>0.0101</UnitOfMeasurePrice><AllowDiscount>1</AllowDiscount><ItemStatus>1</ItemStatus><ItemPrice>8.10</ItemPrice></item><item><PriceUpdateDate>2016-02-17 07:52:21</PriceUpdateDate><ItemCode>7290000486864</ItemCode><ItemType>1</ItemType><ItemName>שמן זיתולה עץ הזית 7</ItemName><ManufacturerName>עץ הזית</ManufacturerName><ManufactureCountry>ישראל</ManufactureCountry><ManufacturerItemDescription>שמן זיתולה עץ הזית 750 מל</ManufacturerItemDescription><SoldByWeight/><Quantity>750.00</Quantity><UnitOfMeasure>מ"ל</UnitOfMeasure><QtyInPackage>לא ידוע</QtyInPackage><UnitOfMeasurePrice>0.0332</UnitOfMeasurePrice><AllowDiscount>1</AllowDiscount><ItemStatus>1</ItemStatus><ItemPrice>24.90</ItemPrice></item><item><PriceUpdateDate>2016-03-01 06:42:31</PriceUpdateDate><ItemCode>7290000486888</ItemCode><ItemType>1</ItemType><ItemName>תירס קיד A2 600 גרם</ItemName><ManufacturerName>לא ממותג</ManufacturerName><ManufactureCountry>ישראל</ManufactureCountry><ManufacturerItemDescription>תירס קיד A2 600 גרם</ManufacturerItemDescription><SoldByWeight/><Quantity>335.00</Quantity><UnitOfMeasure>גרם     </UnitOfMeasure><QtyInPackage>לא ידוע</QtyInPackage><UnitOfMeasurePrice>0.0281</UnitOfMeasurePrice><AllowDiscount>1</AllowDiscount><ItemStatus>1</ItemStatus><ItemPrice>9.40</ItemPrice></item><item><PriceUpdateDate>2015-11-13 10:30:33</PriceUpdateDate><ItemCode>7290000486895</ItemCode><ItemType>1</ItemType><ItemName>שמן זית כתית מעולה 7</ItemName><ManufacturerName>לא ממותג</ManufacturerName><ManufactureCountry>ישראל</ManufactureCountry><ManufacturerItemDescription>שמן זית כתית מעולה 750 מל</ManufacturerItemDescription><SoldByWeight/><Quantity>690.00</Quantity><UnitOfMeasure>גרם     </UnitOfMeasure><QtyInPackage>לא ידוע</QtyInPackage><UnitOfMeasurePrice>0.0546</UnitOfMeasurePrice><AllowDiscount>1</AllowDiscount><ItemStatus>1</ItemStatus><ItemPrice>37.70</ItemPrice></item><item><PriceUpdateDate>2016-05-30 22:02:28</PriceUpdateDate><ItemCode>7290000486949</ItemCode><ItemType>1</ItemType><ItemName>רסק פריכוז 28% A2 58</ItemName><ManufacturerName>יכין</ManufacturerName><ManufactureCountry>ישראל</ManufactureCountry><ManufacturerItemDescription>רסק עגבניות פריכוז 580 יכ</ManufacturerItemDescription><SoldByWeight/><Quantity>580.00</Quantity><UnitOfMeasure>גרם     </UnitOfMeasure><QtyInPackage>לא ידוע</QtyInPackage><UnitOfMeasurePrice>0.0134</UnitOfMeasurePrice><AllowDiscount>1</AllowDiscount><ItemStatus>1</ItemStatus><ItemPrice>7.80</ItemPrice></item><item><PriceUpdateDate>2015-12-16 07:20:08</PriceUpdateDate><ItemCode>7290000486994</ItemCode><ItemType>1</ItemType><ItemName>חטיף טוויקס 50 גרם</ItemName><ManufacturerName>לא ממותג</ManufacturerName><ManufactureCountry>הולנד</ManufactureCountry><ManufacturerItemDescription>חטיף טוויקס     רם</ManufacturerItemDescription><SoldByWeight/><Quantity>50.00</Quantity><UnitOfMeasure>גרם     </UnitOfMeasure><QtyInPackage>לא ידוע</QtyInPackage><UnitOfMeasurePrice>0.1180</UnitOfMeasurePrice><AllowDiscount>0</AllowDiscount><ItemStatus>1</ItemStatus><ItemPrice>5.90</ItemPrice></item><item><PriceUpdateDate>2015-06-30 06:47:19</PriceUpdateDate><ItemCode>7290000487014</ItemCode><ItemType>1</ItemType><ItemName>מב מים סן בנדטו שישי</ItemName><ManufacturerName>לא ממותג</ManufacturerName><ManufactureCountry>ישראל</ManufactureCountry><ManufacturerItemDescription>שישית סן בנדטו מוגז עדין</ManufacturerItemDescription><SoldByWeight/><Quantity>3000.00</Quantity><UnitOfMeasure>מ"ל</UnitOfMeasure><QtyInPackage>לא ידוע</QtyInPackage><UnitOfMeasurePrice>0.0050</UnitOfMeasurePrice><AllowDiscount>1</AllowDiscount><ItemStatus>1</ItemStatus><ItemPrice>14.90</ItemPrice></item><item><PriceUpdateDate>2016-05-30 22:02:28</PriceUpdateDate><ItemCode>7290000487021</ItemCode><ItemType>1</ItemType><ItemName>מב מאפה פילו במילוי</ItemName><ManufacturerName>מעדנות</ManufacturerName><ManufactureCountry>ישראל</ManufactureCountry><ManufacturerItemDescription>מאפה פילו מילוי בשר 700 ג</ManufacturerItemDescription><SoldByWeight/><Quantity>700.00</Quantity><UnitOfMeasure>גרם     </UnitOfMeasure><QtyInPackage>לא ידוע</QtyInPackage><UnitOfMeasurePrice>0.0356</UnitOfMeasurePrice><AllowDiscount>1</AllowDiscount><ItemStatus>1</ItemStatus><ItemPrice>24.90</ItemPrice></item><item><PriceUpdateDate>2015-11-03 08:37:47</PriceUpdateDate><ItemCode>7290000487052</ItemCode><ItemType>1</ItemType><ItemName>צנימים 250 גרם</ItemName><ManufacturerName>לא ממותג</ManufacturerName><ManufactureCountry>ישראל</ManufactureCountry><ManufacturerItemDescription>צנימים 250 גרם</ManufacturerItemDescription><SoldByWeight/><Quantity>250.00</Quantity><UnitOfMeasure>גרם     </UnitOfMeasure><QtyInPackage>לא ידוע</QtyInPackage><UnitOfMeasurePrice>0.0436</UnitOfMeasurePrice><AllowDiscount>1</AllowDiscount><ItemStatus>1</ItemStatus><ItemPrice>10.90</ItemPrice></item><item><PriceUpdateDate>2015-10-21 13:55:22</PriceUpdateDate><ItemCode>7290000487083</ItemCode><ItemType>1</ItemType><ItemName>ערמונים קלופים וקלוי</ItemName><ManufacturerName>לא ממותג</ManufacturerName><ManufactureCountry>ישראל</ManufactureCountry><ManufacturerItemDescription>ערמונים קלופים וקלוי</ManufacturerItemDescription><SoldByWeight/><Quantity>100.00</Quantity><UnitOfMeasure>גרם     </UnitOfMeasure><QtyInPackage>לא ידוע</QtyInPackage><UnitOfMeasurePrice>0.0870</UnitOfMeasurePrice><AllowDiscount>1</AllowDiscount><ItemStatus>1</ItemStatus><ItemPrice>8.70</ItemPrice></item><item><PriceUpdateDate>2016-03-01 06:48:43</PriceUpdateDate><ItemCode>7290000487106</ItemCode><ItemType>1</ItemType><ItemName>אשכולינה דיאט 1.5 לי</ItemName><ManufacturerName>תפוזינה</ManufacturerName><ManufactureCountry>ישראל</ManufactureCountry><ManufacturerItemDescription>אשכולינה דיאט 1.5 לי</ManufacturerItemDescription><SoldByWeight/><Quantity>1500.00</Quantity><UnitOfMeasure>מ"ל</UnitOfMeasure><QtyInPackage>לא ידוע</QtyInPackage><UnitOfMeasurePrice>0.0050</UnitOfMeasurePrice><AllowDiscount>1</AllowDiscount><ItemStatus>1</ItemStatus><ItemPrice>7.50</ItemPrice></item><item><PriceUpdateDate>2015-03-09 08:27:19</PriceUpdateDate><ItemCode>7290000487113</ItemCode><ItemType>1</ItemType><ItemName>טופי יוגטה 200 גרם</ItemName><ManufacturerName>יוגטה</ManufacturerName><ManufactureCountry>ישראל</ManufactureCountry><ManufacturerItemDescription>טופי 200 גר יוגטה</ManufacturerItemDescription><SoldByWeight/><Quantity>200.00</Quantity><UnitOfMeasure>גרם     </UnitOfMeasure><QtyInPackage>לא ידוע</QtyInPackage><UnitOfMeasurePrice>0.0495</UnitOfMeasurePrice><AllowDiscount>1</AllowDiscount><ItemStatus>1</ItemStatus><ItemPrice>9.90</ItemPrice></item><item><PriceUpdateDate>2015-11-12 18:18:34</PriceUpdateDate><ItemCode>7290000487236</ItemCode><ItemType>1</ItemType><ItemName>צ'ריוס שיבולת שועל 3</ItemName><ManufacturerName>לא ממותג</ManufacturerName><ManufactureCountry>ישראל</ManufactureCountry><ManufacturerItemDescription>צ'ריוס שיבולת שועל 3</ManufacturerItemDescription><SoldByWeight/><Quantity>340.00</Quantity><UnitOfMeasure>גרם     </UnitOfMeasure><QtyInPackage>לא ידוע</QtyInPackage><UnitOfMeasurePrice>0.0597</UnitOfMeasurePrice><AllowDiscount>1</AllowDiscount><ItemStatus>1</ItemStatus><ItemPrice>20.30</ItemPrice></item><item><PriceUpdateDate>2016-06-01 06:47:56</PriceUpdateDate><ItemCode>7290000487243</ItemCode><ItemType>1</ItemType><ItemName>מב מארז חטיף במבה 10</ItemName><ManufacturerName>במבה</ManufacturerName><ManufactureCountry>ישראל</ManufactureCountry><ManufacturerItemDescription>מב מארז חטיף במבה 10</ManufacturerItemDescription><SoldByWeight/><Quantity>250.00</Quantity><UnitOfMeasure>גרם     </UnitOfMeasure><QtyInPackage>לא ידוע</QtyInPackage><UnitOfMeasurePrice>0.0596</UnitOfMeasurePrice><AllowDiscount>1</AllowDiscount><ItemStatus>1</ItemStatus><ItemPrice>14.90</ItemPrice></item><item><PriceUpdateDate>2015-11-18 06:36:58</PriceUpdateDate><ItemCode>7290000487328</ItemCode><ItemType>1</ItemType><ItemName>שוקולד לואקר חלב 87</ItemName><ManufacturerName>לואקר</ManufacturerName><ManufactureCountry>איטליה</ManufactureCountry><ManufacturerItemDescription>שוקולד חלב 87 גרם</ManufacturerItemDescription><SoldByWeight/><Quantity>87.00</Quantity><UnitOfMeasure>גרם     </UnitOfMeasure><QtyInPackage>לא ידוע</QtyInPackage><UnitOfMeasurePrice>0.1161</UnitOfMeasurePrice><AllowDiscount>1</AllowDiscount><ItemStatus>1</ItemStatus><ItemPrice>10.10</ItemPrice></item><item><PriceUpdateDate>2015-11-27 09:07:31</PriceUpdateDate><ItemCode>7290000487397</ItemCode><ItemType>1</ItemType><ItemName>קפה נמס פרווה 300 גר</ItemName><ManufacturerName>עלית נמס</ManufacturerName><ManufactureCountry>ישראל</ManufactureCountry><ManufacturerItemDescription>קפה נמס פרווה 300 גר</ManufacturerItemDescription><SoldByWeight/><Quantity>300.00</Quantity><UnitOfMeasure>גרם     </UnitOfMeasure><QtyInPackage>לא ידוע</QtyInPackage><UnitOfMeasurePrice>0.0830</UnitOfMeasurePrice><AllowDiscount>1</AllowDiscount><ItemStatus>1</ItemStatus><ItemPrice>24.90</ItemPrice></item><item><PriceUpdateDate>2016-02-16 09:19:32</PriceUpdateDate><ItemCode>7290000487557</ItemCode><ItemType>1</ItemType><ItemName>תערובת עם פרורי לחם</ItemName><ManufacturerName>קנור</ManufacturerName><ManufactureCountry>ישראל</ManufactureCountry><ManufacturerItemDescription>תערובת עם פרורי לחם</ManufacturerItemDescription><SoldByWeight/><Quantity>180.00</Quantity><UnitOfMeasure>גרם     </UnitOfMeasure><QtyInPackage>לא ידוע</QtyInPackage><UnitOfMeasurePrice>0.0433</UnitOfMeasurePrice><AllowDiscount>1</AllowDiscount><ItemStatus>1</ItemStatus><ItemPrice>7.80</ItemPrice></item><item><PriceUpdateDate>2016-02-16 15:21:24</PriceUpdateDate><ItemCode>7290000487564</ItemCode><ItemType>1</ItemType><ItemName>צ'וקטה שוקולד חלב ממ</ItemName><ManufacturerName>יוגטה</ManufacturerName><ManufactureCountry>ישראל</ManufactureCountry><ManufacturerItemDescription>צ'וקטה שוקולד חלב ממ</ManufacturerItemDescription><SoldByWeight/><Quantity>100.00</Quantity><UnitOfMeasure>גרם     </UnitOfMeasure><QtyInPackage>לא ידוע</QtyInPackage><UnitOfMeasurePrice>0.0790</UnitOfMeasurePrice><AllowDiscount>1</AllowDiscount><ItemStatus>1</ItemStatus><ItemPrice>7.90</ItemPrice></item><item><PriceUpdateDate>2016-03-13 09:40:34</PriceUpdateDate><ItemCode>7290000487595</ItemCode><ItemType>1</ItemType><ItemName>מסטיק FIVE  בטעם אבט</ItemName><ManufacturerName>FIVE</ManufacturerName><ManufactureCountry>צרפת</ManufactureCountry><ManufacturerItemDescription>מסטיק פייב אסנשיאל אבטיח</ManufacturerItemDescription><SoldByWeight/><Quantity>19.00</Quantity><UnitOfMeasure>גרם     </UnitOfMeasure><QtyInPackage>לא ידוע</QtyInPackage><UnitOfMeasurePrice>0.2632</UnitOfMeasurePrice><AllowDiscount>1</AllowDiscount><ItemStatus>1</ItemStatus><ItemPrice>5.00</ItemPrice></item><item><PriceUpdateDate>2016-03-01 06:49:04</PriceUpdateDate><ItemCode>7290000490601</ItemCode><ItemType>1</ItemType><ItemName>מב גלידל וניל 8 יח מ</ItemName><ManufacturerName>פלדמן</ManufacturerName><ManufactureCountry>ישראל</ManufactureCountry><ManufacturerItemDescription>מב גלידל וניל 8 יח מ</ManufacturerItemDescription><SoldByWeight/><Quantity>400.00</Quantity><UnitOfMeasure>גרם     </UnitOfMeasure><QtyInPackage>לא ידוע</QtyInPackage><UnitOfMeasurePrice>0.0697</UnitOfMeasurePrice><AllowDiscount>1</AllowDiscount><ItemStatus>1</ItemStatus><ItemPrice>27.90</ItemPrice></item><item><PriceUpdateDate>2016-03-01 06:49:04</PriceUpdateDate><ItemCode>7290000490762</ItemCode><ItemType>1</ItemType><ItemName>מב גלידל שוקו 8 יח מ</ItemName><ManufacturerName>פלדמן</ManufacturerName><ManufactureCountry>ישראל</ManufactureCountry><ManufacturerItemDescription>מב גלידל שוקו 8 יח מ</ManufacturerItemDescription><SoldByWeight/><Quantity>400.00</Quantity><UnitOfMeasure>גרם     </UnitOfMeasure><QtyInPackage>לא ידוע</QtyInPackage><UnitOfMeasurePrice>0.0697</UnitOfMeasurePrice><AllowDiscount>1</AllowDiscount><ItemStatus>1</ItemStatus><ItemPrice>27.90</ItemPrice></item><item><PriceUpdateDate>2015-11-12 18:18:36</PriceUpdateDate><ItemCode>7290000493176</ItemCode><ItemType>1</ItemType><ItemName>רוטב צלי לבשר 290 גר</ItemName><ManufacturerName>אסם</ManufacturerName><ManufactureCountry>ישראל</ManufactureCountry><ManufacturerItemDescription>רוטב צלי בשר 22 גרם באבקה</ManufacturerItemDescription><SoldByWeight/><Quantity>290.00</Quantity><UnitOfMeasure>מ"ל</UnitOfMeasure><QtyInPackage>לא ידוע</QtyInPackage><UnitOfMeasurePrice>0.0172</UnitOfMeasurePrice><AllowDiscount>1</AllowDiscount><ItemStatus>1</ItemStatus><ItemPrice>5.00</ItemPrice></item><item><PriceUpdateDate>2015-11-12 18:18:36</PriceUpdateDate><ItemCode>7290000493183</ItemCode><ItemType>1</ItemType><ItemName>רוטב פטריות לבשר 29</ItemName><ManufacturerName>אסם</ManufacturerName><ManufactureCountry>ישראל</ManufactureCountry><ManufacturerItemDescription>רוטב פטריות לבשר 30 גרם ב</ManufacturerItemDescription><SoldByWeight/><Quantity>29.00</Quantity><UnitOfMeasure>שק'</UnitOfMeasure><QtyInPackage>לא ידוע</QtyInPackage><UnitOfMeasurePrice>0.2172</UnitOfMeasurePrice><AllowDiscount>1</AllowDiscount><ItemStatus>1</ItemStatus><ItemPrice>6.30</ItemPrice></item><item><PriceUpdateDate>2016-03-16 15:40:40</PriceUpdateDate><ItemCode>7290000493923</ItemCode><ItemType>1</ItemType><ItemName>פודינג אינסטנט שוקול</ItemName><ManufacturerName>אסם</ManufacturerName><ManufactureCountry>ישראל</ManufactureCountry><ManufacturerItemDescription>פודינג בטעם שוקולד לבן 80</ManufacturerItemDescription><SoldByWeight/><Quantity>80.00</Quantity><UnitOfMeasure>גרם     </UnitOfMeasure><QtyInPackage>לא ידוע</QtyInPackage><UnitOfMeasurePrice>0.0688</UnitOfMeasurePrice><AllowDiscount>1</AllowDiscount><ItemStatus>1</ItemStatus><ItemPrice>5.50</ItemPrice></item><item><PriceUpdateDate>2016-03-01 06:43:10</PriceUpdateDate><ItemCode>7290000497044</ItemCode><ItemType>1</ItemType><ItemName>לחם ברמן אקטיב 750 ג</ItemName><ManufacturerName>מאפיית ברמן</ManufacturerName><ManufactureCountry>ישראל</ManufactureCountry><ManufacturerItemDescription>לחם ברמן אקטיב</ManufacturerItemDescription><SoldByWeight/><Quantity>750.00</Quantity><UnitOfMeasure>גרם     </UnitOfMeasure><QtyInPackage>לא ידוע</QtyInPackage><UnitOfMeasurePrice>0.0225</UnitOfMeasurePrice><AllowDiscount>1</AllowDiscount><ItemStatus>1</ItemStatus><ItemPrice>16.90</ItemPrice></item><item><PriceUpdateDate>2016-05-30 22:03:33</PriceUpdateDate><ItemCode>7290000497228</ItemCode><ItemType>1</ItemType><ItemName>לחמניות רגילות 6 בשק</ItemName><ManufacturerName>מאפית ברמן</ManufacturerName><ManufactureCountry>ישראל</ManufactureCountry><ManufacturerItemDescription>לחמניות רגילות 6 בשק</ManufacturerItemDescription><SoldByWeight/><Quantity>450.00</Quantity><UnitOfMeasure>גרם     </UnitOfMeasure><QtyInPackage>לא ידוע</QtyInPackage><UnitOfMeasurePrice>0.0269</UnitOfMeasurePrice><AllowDiscount>1</AllowDiscount><ItemStatus>1</ItemStatus><ItemPrice>12.10</ItemPrice></item><item><PriceUpdateDate>2016-05-30 22:03:33</PriceUpdateDate><ItemCode>7290000497303</ItemCode><ItemType>1</ItemType><ItemName>לחמניות מקמח מלא 6 י</ItemName><ManufacturerName>מאפית ברמן</ManufacturerName><ManufactureCountry>ישראל</ManufactureCountry><ManufacturerItemDescription>לחמניות מקמח מלא 6 י</ManufacturerItemDescription><SoldByWeight/><Quantity>450.00</Quantity><UnitOfMeasure>גרם     </UnitOfMeasure><QtyInPackage>לא ידוע</QtyInPackage><UnitOfMeasurePrice>0.0309</UnitOfMeasurePrice><AllowDiscount>1</AllowDiscount><ItemStatus>1</ItemStatus><ItemPrice>13.90</ItemPrice></item><item><PriceUpdateDate>2016-05-30 22:03:34</PriceUpdateDate><ItemCode>7290000497426</ItemCode><ItemType>1</ItemType><ItemName>לחם ברמן קל לענין פר</ItemName><ManufacturerName>מאפיית ברמן</ManufacturerName><ManufactureCountry>ישראל</ManufactureCountry><ManufacturerItemDescription>לחם ברמן קל לענין פר</ManufacturerItemDescription><SoldByWeight/><Quantity>500.00</Quantity><UnitOfMeasure>גרם     </UnitOfMeasure><QtyInPackage>לא ידוע</QtyInPackage><UnitOfMeasurePrice>0.0278</UnitOfMeasurePrice><AllowDiscount>1</AllowDiscount><ItemStatus>1</ItemStatus><ItemPrice>13.90</ItemPrice></item><item><PriceUpdateDate>2016-03-01 06:43:10</PriceUpdateDate><ItemCode>7290000497457</ItemCode><ItemType>1</ItemType><ItemName>לחם דגנים 750 גרם</ItemName><ManufacturerName>מאפית ברמן</ManufacturerName><ManufactureCountry>ישראל</ManufactureCountry><ManufacturerItemDescription>לחם דגנים 750 גרם</ManufacturerItemDescription><SoldByWeight/><Quantity>750.00</Quantity><UnitOfMeasure>גרם     </UnitOfMeasure><QtyInPackage>לא ידוע</QtyInPackage><UnitOfMeasurePrice>0.0225</UnitOfMeasurePrice><AllowDiscount>1</AllowDiscount><ItemStatus>1</ItemStatus><ItemPrice>16.90</ItemPrice></item><item><PriceUpdateDate>2016-05-01 21:46:35</PriceUpdateDate><ItemCode>7290000497532</ItemCode><ItemType>1</ItemType><ItemName>לחם ברמן לענין 750 ג</ItemName><ManufacturerName>מאפיית ברמן</ManufacturerName><ManufactureCountry>ישראל</ManufactureCountry><ManufacturerItemDescription>לחם ברמן לענין 750 ג</ManufacturerItemDescription><SoldByWeight/><Quantity>750.00</Quantity><UnitOfMeasure>גרם     </UnitOfMeasure><QtyInPackage>לא ידוע</QtyInPackage><UnitOfMeasurePrice>0.0212</UnitOfMeasurePrice><AllowDiscount>1</AllowDiscount><ItemStatus>1</ItemStatus><ItemPrice>15.90</ItemPrice></item><item><PriceUpdateDate>2016-03-01 06:43:10</PriceUpdateDate><ItemCode>7290000497570</ItemCode><ItemType>1</ItemType><ItemName>לחם דגני קלות 500 גר</ItemName><ManufacturerName>מאפית ברמן</ManufacturerName><ManufactureCountry>ישראל</ManufactureCountry><ManufacturerItemDescription>לחם דגני קלות 500 גר</ManufacturerItemDescription><SoldByWeight/><Quantity>500.00</Quantity><UnitOfMeasure>גרם     </UnitOfMeasure><QtyInPackage>לא ידוע</QtyInPackage><UnitOfMeasurePrice>0.0318</UnitOfMeasurePrice><AllowDiscount>1</AllowDiscount><ItemStatus>1</ItemStatus><ItemPrice>15.90</ItemPrice></item><item><PriceUpdateDate>2015-11-12 14:58:23</PriceUpdateDate><ItemCode>7290000504025</ItemCode><ItemType>1</ItemType><ItemName>סוכרזית פטרייה 300 ט</ItemName><ManufacturerName>סוכרלייט</ManufacturerName><ManufactureCountry>ישראל</ManufactureCountry><ManufacturerItemDescription>ממתיק סוכרזית פיטריה300טב</ManufacturerItemDescription><SoldByWeight/><Quantity>14.00</Quantity><UnitOfMeasure>גרם     </UnitOfMeasure><QtyInPackage>לא ידוע</QtyInPackage><UnitOfMeasurePrice>0.7214</UnitOfMeasurePrice><AllowDiscount>1</AllowDiscount><ItemStatus>1</ItemStatus><ItemPrice>10.10</ItemPrice></item><item><PriceUpdateDate>2015-11-12 14:58:23</PriceUpdateDate><ItemCode>7290000504049</ItemCode><ItemType>1</ItemType><ItemName>סוכרזית 1200 טבליות</ItemName><ManufacturerName>סוכרזית</ManufacturerName><ManufactureCountry>ישראל</ManufactureCountry><ManufacturerItemDescription>ממתיק סוכרזית קנקן1200טבל</ManufacturerItemDescription><SoldByWeight/><Quantity>14.00</Quantity><UnitOfMeasure>גרם     </UnitOfMeasure><QtyInPackage>לא ידוע</QtyInPackage><UnitOfMeasurePrice>1.8143</UnitOfMeasurePrice><AllowDiscount>1</AllowDiscount><ItemStatus>1</ItemStatus><ItemPrice>25.40</ItemPrice></item><item><PriceUpdateDate>2015-11-12 14:58:23</PriceUpdateDate><ItemCode>7290000504278</ItemCode><ItemType>1</ItemType><ItemName>סוכרזית 700 טבליות 5</ItemName><ManufacturerName>סוכרזית</ManufacturerName><ManufactureCountry>ישראל</ManufactureCountry><ManufacturerItemDescription>ממתיק סוכרזית פטנט700טב70</ManufacturerItemDescription><SoldByWeight/><Quantity>14.00</Quantity><UnitOfMeasure>גרם     </UnitOfMeasure><QtyInPackage>לא ידוע</QtyInPackage><UnitOfMeasurePrice>1.3786</UnitOfMeasurePrice><AllowDiscount>1</AllowDiscount><ItemStatus>1</ItemStatus><ItemPrice>19.30</ItemPrice></item><item><PriceUpdateDate>2014-11-03 06:37:47</PriceUpdateDate><ItemCode>7290000518152</ItemCode><ItemType>1</ItemType><ItemName>מתוק וקל זהב</ItemName><ManufacturerName>סוכרה דיאט</ManufacturerName><ManufactureCountry>ישראל</ManufactureCountry><ManufacturerItemDescription>מתוק וקל זהב</ManufacturerItemDescription><SoldByWeight/><Quantity>0.00</Quantity><UnitOfMeasure>יח'</UnitOfMeasure><QtyInPackage>לא ידוע</QtyInPackage><UnitOfMeasurePrice>0.0000</UnitOfMeasurePrice><AllowDiscount>1</AllowDiscount><ItemStatus>1</ItemStatus><ItemPrice>6.60</ItemPrice></item><item><PriceUpdateDate>2015-10-06 13:00:50</PriceUpdateDate><ItemCode>7290000518169</ItemCode><ItemType>1</ItemType><ItemName>מתוק וקל 1000 טבליות</ItemName><ManufacturerName>לא ממותג</ManufacturerName><ManufactureCountry>ישראל</ManufactureCountry><ManufacturerItemDescription>מתוק וקל 1000 טבליות</ManufacturerItemDescription><SoldByWeight/><Quantity>1000.00</Quantity><UnitOfMeasure>גרם     </UnitOfMeasure><QtyInPackage>לא ידוע</QtyInPackage><UnitOfMeasurePrice>0.0109</UnitOfMeasurePrice><AllowDiscount>1</AllowDiscount><ItemStatus>1</ItemStatus><ItemPrice>10.90</ItemPrice></item><item><PriceUpdateDate>2015-11-03 08:38:23</PriceUpdateDate><ItemCode>7290000521367</ItemCode><ItemType>1</ItemType><ItemName>יין זני סגל מרלו 750</ItemName><ManufacturerName>סגל</ManufacturerName><ManufactureCountry>ישראל</ManufactureCountry><ManufacturerItemDescription>יין מרלו סגל 750  מל</ManufacturerItemDescription><SoldByWeight/><Quantity>750.00</Quantity><UnitOfMeasure>מ"ל</UnitOfMeasure><QtyInPackage>לא ידוע</QtyInPackage><UnitOfMeasurePrice>0.0376</UnitOfMeasurePrice><AllowDiscount>1</AllowDiscount><ItemStatus>1</ItemStatus><ItemPrice>28.20</ItemPrice></item><item><PriceUpdateDate>2014-11-03 06:36:38</PriceUpdateDate><ItemCode>7290000522111</ItemCode><ItemType>1</ItemType><ItemName>חלב עמיד דל שומן 1 ל</ItemName><ManufacturerName>מחלבות רמת הגולן</ManufacturerName><ManufactureCountry>ישראל</ManufactureCountry><ManufacturerItemDescription>חלב עמיד דל שומן 1 ל</ManufacturerItemDescription><SoldByWeight/><Quantity>1000.00</Quantity><UnitOfMeasure>מ"ל</UnitOfMeasure><QtyInPackage>לא ידוע</QtyInPackage><UnitOfMeasurePrice>0.0088</UnitOfMeasurePrice><AllowDiscount>1</AllowDiscount><ItemStatus>1</ItemStatus><ItemPrice>8.80</ItemPrice></item><item><PriceUpdateDate>2015-12-01 08:41:35</PriceUpdateDate><ItemCode>7290000522142</ItemCode><ItemType>1</ItemType><ItemName>חלב הרים טהור 3% עמי</ItemName><ManufacturerName>מחלבות רמת הגולן</ManufacturerName><ManufactureCountry>ישראל</ManufactureCountry><ManufacturerItemDescription>חלב הרים טהור 1 ליטר</ManufacturerItemDescription><SoldByWeight/><Quantity>1.00</Quantity><UnitOfMeasure>ליטר    </UnitOfMeasure><QtyInPackage>לא ידוע</QtyInPackage><UnitOfMeasurePrice>8.6000</UnitOfMeasurePrice><AllowDiscount>1</AllowDiscount><ItemStatus>1</ItemStatus><ItemPrice>8.60</ItemPrice></item><item><PriceUpdateDate>2015-11-12 14:41:20</PriceUpdateDate><ItemCode>7290000522166</ItemCode><ItemType>1</ItemType><ItemName>חלב הרים טהור נטול ל</ItemName><ManufacturerName>מחלבות רמת הגולן</ManufacturerName><ManufactureCountry>ישראל</ManufactureCountry><ManufacturerItemDescription>חלב הרים טהור 3% נטול לקט</ManufacturerItemDescription><SoldByWeight/><Quantity>1.00</Quantity><UnitOfMeasure>ליטר    </UnitOfMeasure><QtyInPackage>לא ידוע</QtyInPackage><UnitOfMeasurePrice>10.9000</UnitOfMeasurePrice><AllowDiscount>1</AllowDiscount><ItemStatus>1</ItemStatus><ItemPrice>10.90</ItemPrice></item><item><PriceUpdateDate>2016-06-13 13:03:31</PriceUpdateDate><ItemCode>7290000522463</ItemCode><ItemType>1</ItemType><ItemName>שוקו נטול לקטוז 750</ItemName><ManufacturerName>מחלבות רמת הגולן</ManufacturerName><ManufactureCountry>לא ידוע</ManufactureCountry><ManufacturerItemDescription>שוקו נטול לקטוז 750</ManufacturerItemDescription><SoldByWeight/><Quantity>750.00</Quantity><UnitOfMeasure>מ"ל</UnitOfMeasure><QtyInPackage>לא ידוע</QtyInPackage><UnitOfMeasurePrice>0.0119</UnitOfMeasurePrice><AllowDiscount>1</AllowDiscount><ItemStatus>1</ItemStatus><ItemPrice>8.90</ItemPrice></item><item><PriceUpdateDate>2016-05-30 22:03:34</PriceUpdateDate><ItemCode>7290000523125</ItemCode><ItemType>1</ItemType><ItemName>מלח הארץ ים יבש 250</ItemName><ManufacturerName>מלח הארץ</ManufacturerName><ManufactureCountry>ישראל</ManufactureCountry><ManufacturerItemDescription>מלח ים יבש 250 גר</ManufacturerItemDescription><SoldByWeight/><Quantity>250.00</Quantity><UnitOfMeasure>גרם     </UnitOfMeasure><QtyInPackage>לא ידוע</QtyInPackage><UnitOfMeasurePrice>0.0244</UnitOfMeasurePrice><AllowDiscount>1</AllowDiscount><ItemStatus>1</ItemStatus><ItemPrice>6.10</ItemPrice></item><item><PriceUpdateDate>2014-11-03 06:37:21</PriceUpdateDate><ItemCode>7290000523521</ItemCode><ItemType>1</ItemType><ItemName>מלח הארץ מועשר ביוד</ItemName><ManufacturerName>מלח הארץ</ManufacturerName><ManufactureCountry>ישראל</ManufactureCountry><ManufacturerItemDescription>מלח הארץ מועשר ביוד</ManufacturerItemDescription><SoldByWeight/><Quantity>250.00</Quantity><UnitOfMeasure>גרם     </UnitOfMeasure><QtyInPackage>לא ידוע</QtyInPackage><UnitOfMeasurePrice>0.0236</UnitOfMeasurePrice><AllowDiscount>1</AllowDiscount><ItemStatus>1</ItemStatus><ItemPrice>5.90</ItemPrice></item><item><PriceUpdateDate>2014-11-03 06:37:21</PriceUpdateDate><ItemCode>7290000523804</ItemCode><ItemType>1</ItemType><ItemName>מלח הארץ עדין 1 ק"ג</ItemName><ManufacturerName>מלח הארץ</ManufacturerName><ManufactureCountry>ישראל</ManufactureCountry><ManufacturerItemDescription>מלח הארץ עדין 1 ק"ג</ManufacturerItemDescription><SoldByWeight/><Quantity>1000.00</Quantity><UnitOfMeasure>גרם     </UnitOfMeasure><QtyInPackage>לא ידוע</QtyInPackage><UnitOfMeasurePrice>0.0073</UnitOfMeasurePrice><AllowDiscount>1</AllowDiscount><ItemStatus>1</ItemStatus><ItemPrice>7.30</ItemPrice></item><item><PriceUpdateDate>2014-11-03 06:37:21</PriceUpdateDate><ItemCode>7290000523811</ItemCode><ItemType>1</ItemType><ItemName>מלח הארץ גס 1 ק''ג</ItemName><ManufacturerName>מלח הארץ</ManufacturerName><ManufactureCountry>ישראל</ManufactureCountry><ManufacturerItemDescription>מלח גס צנצנת 1 קג</ManufacturerItemDescription><SoldByWeight/><Quantity>1000.00</Quantity><UnitOfMeasure>גרם     </UnitOfMeasure><QtyInPackage>לא ידוע</QtyInPackage><UnitOfMeasurePrice>0.0073</UnitOfMeasurePrice><AllowDiscount>1</AllowDiscount><ItemStatus>1</ItemStatus><ItemPrice>7.30</ItemPrice></item><item><PriceUpdateDate>2016-03-29 13:00:29</PriceUpdateDate><ItemCode>7290000525969</ItemCode><ItemType>1</ItemType><ItemName>מיץ סחוט תפוזים 1 לי</ItemName><ManufacturerName>פרימור</ManufacturerName><ManufactureCountry>ישראל</ManufactureCountry><ManufacturerItemDescription>מיץ סחוט תפוזים 1 ל</ManufacturerItemDescription><SoldByWeight/><Quantity>1000.00</Quantity><UnitOfMeasure>מ"ל</UnitOfMeasure><QtyInPackage>לא ידוע</QtyInPackage><UnitOfMeasurePrice>0.0152</UnitOfMeasurePrice><AllowDiscount>1</AllowDiscount><ItemStatus>1</ItemStatus><ItemPrice>15.20</ItemPrice></item><item><PriceUpdateDate>2015-12-17 09:26:44</PriceUpdateDate><ItemCode>7290000530024</ItemCode><ItemType>3</ItemType><ItemName>נקניק תה מעושן רחב</ItemName><ManufacturerName>זוגלובק</ManufacturerName><ManufactureCountry>ישראל</ManufactureCountry><ManufacturerItemDescription>נקניק תה מעושן רחב</ManufacturerItemDescription><SoldByWeight/><Quantity>1.00</Quantity><UnitOfMeasure>ק"ג</UnitOfMeasure><QtyInPackage>לא ידוע</QtyInPackage><UnitOfMeasurePrice>44.9000</UnitOfMeasurePrice><AllowDiscount>1</AllowDiscount><ItemStatus>1</ItemStatus><ItemPrice>44.90</ItemPrice></item><item><PriceUpdateDate>2015-11-12 18:19:41</PriceUpdateDate><ItemCode>7290000530031</ItemCode><ItemType>3</ItemType><ItemName>סלמי פיין צר 1003</ItemName><ManufacturerName>זוגלובק</ManufacturerName><ManufactureCountry>ישראל</ManufactureCountry><ManufacturerItemDescription>סלמי פיין צר 1003</ManufacturerItemDescription><SoldByWeight/><Quantity>1.00</Quantity><UnitOfMeasure>ק"ג</UnitOfMeasure><QtyInPackage>לא ידוע</QtyInPackage><UnitOfMeasurePrice>62.2000</UnitOfMeasurePrice><AllowDiscount>1</AllowDiscount><ItemStatus>1</ItemStatus><ItemPrice>62.20</ItemPrice></item><item><PriceUpdateDate>2015-11-12 18:19:41</PriceUpdateDate><ItemCode>7290000530048</ItemCode><ItemType>3</ItemType><ItemName>סלמי פפרוני</ItemName><ManufacturerName>זוגלובק</ManufacturerName><ManufactureCountry>ישראל</ManufactureCountry><ManufacturerItemDescription>סלמי פפרוני</ManufacturerItemDescription><SoldByWeight/><Quantity>1.00</Quantity><UnitOfMeasure>ק"ג</UnitOfMeasure><QtyInPackage>לא ידוע</QtyInPackage><UnitOfMeasurePrice>54.0000</UnitOfMeasurePrice><AllowDiscount>1</AllowDiscount><ItemStatus>1</ItemStatus><ItemPrice>54.00</ItemPrice></item><item><PriceUpdateDate>2015-11-12 18:19:41</PriceUpdateDate><ItemCode>7290000530109</ItemCode><ItemType>1</ItemType><ItemName>קבנוס זוג בואקום 180</ItemName><ManufacturerName>זוגלובק</ManufacturerName><ManufactureCountry>ישראל</ManufactureCountry><ManufacturerItemDescription>קבנוס זוג בואקום 180</ManufacturerItemDescription><SoldByWeight/><Quantity>360.00</Quantity><UnitOfMeasure>גרם     </UnitOfMeasure><QtyInPackage>לא ידוע</QtyInPackage><UnitOfMeasurePrice>0.1058</UnitOfMeasurePrice><AllowDiscount>1</AllowDiscount><ItemStatus>1</ItemStatus><ItemPrice>38.10</ItemPrice></item><item><PriceUpdateDate>2015-11-12 18:19:41</PriceUpdateDate><ItemCode>7290000530116</ItemCode><ItemType>1</ItemType><ItemName>נקניק 8000 בשן 470 ג</ItemName><ManufacturerName>זוגלובק</ManufacturerName><ManufactureCountry>ישראל</ManufactureCountry><ManufacturerItemDescription>נקניק תה בשן 470 גר</ManufacturerItemDescription><SoldByWeight/><Quantity>470.00</Quantity><UnitOfMeasure>גרם     </UnitOfMeasure><QtyInPackage>לא ידוע</QtyInPackage><UnitOfMeasurePrice>0.0702</UnitOfMeasurePrice><AllowDiscount>1</AllowDiscount><ItemStatus>1</ItemStatus><ItemPrice>33.00</ItemPrice></item><item><PriceUpdateDate>2015-10-20 17:18:20</PriceUpdateDate><ItemCode>7290000530178</ItemCode><ItemType>3</ItemType><ItemName>סלמי קוניאק</ItemName><ManufacturerName>זוגלובק</ManufacturerName><ManufactureCountry>ישראל</ManufactureCountry><ManufacturerItemDescription>סלמי קוניאק</ManufacturerItemDescription><SoldByWeight/><Quantity>1.00</Quantity><UnitOfMeasure>ק"ג</UnitOfMeasure><QtyInPackage>לא ידוע</QtyInPackage><UnitOfMeasurePrice>90.7000</UnitOfMeasurePrice><AllowDiscount>1</AllowDiscount><ItemStatus>1</ItemStatus><ItemPrice>90.70</ItemPrice></item><item><PriceUpdateDate>2015-11-12 18:19:41</PriceUpdateDate><ItemCode>7290000530260</ItemCode><ItemType>3</ItemType><ItemName>מורטדלה רחב</ItemName><ManufacturerName>זוגלובק</ManufacturerName><ManufactureCountry>ישראל</ManufactureCountry><ManufacturerItemDescription>מורטדלה רחב</ManufacturerItemDescription><SoldByWeight/><Quantity>1.00</Quantity><UnitOfMeasure>ק"ג</UnitOfMeasure><QtyInPackage>לא ידוע</QtyInPackage><UnitOfMeasurePrice>37.7000</UnitOfMeasurePrice><AllowDiscount>1</AllowDiscount><ItemStatus>1</ItemStatus><ItemPrice>37.70</ItemPrice></item><item><PriceUpdateDate>2015-11-12 18:19:41</PriceUpdateDate><ItemCode>7290000530291</ItemCode><ItemType>1</ItemType><ItemName>נקניק הודו 700 גרם</ItemName><ManufacturerName>זוגלובק</ManufacturerName><ManufactureCountry>ישראל</ManufactureCountry><ManufacturerItemDescription>נקניק מבשר הודו קטן יח</ManufacturerItemDescription><SoldByWeight/><Quantity>700.00</Quantity><UnitOfMeasure>גרם     </UnitOfMeasure><QtyInPackage>לא ידוע</QtyInPackage><UnitOfMeasurePrice>0.0267</UnitOfMeasurePrice><AllowDiscount>1</AllowDiscount><ItemStatus>1</ItemStatus><ItemPrice>18.70</ItemPrice></item><item><PriceUpdateDate>2015-10-11 12:51:32</PriceUpdateDate><ItemCode>7290000530369</ItemCode><ItemType>3</ItemType><ItemName>פסטרמה גולן</ItemName><ManufacturerName>זוגלובק</ManufacturerName><ManufactureCountry>ישראל</ManufactureCountry><ManufacturerItemDescription>פסטרמה גולן</ManufacturerItemDescription><SoldByWeight/><Quantity>1.00</Quantity><UnitOfMeasure>ק"ג</UnitOfMeasure><QtyInPackage>לא ידוע</QtyInPackage><UnitOfMeasurePrice>88.7000</UnitOfMeasurePrice><AllowDiscount>1</AllowDiscount><ItemStatus>1</ItemStatus><ItemPrice>88.70</ItemPrice></item><item><PriceUpdateDate>2016-05-02 08:05:46</PriceUpdateDate><ItemCode>7290000530413</ItemCode><ItemType>1</ItemType><ItemName>המבורגר זהב 400 גרם</ItemName><ManufacturerName>זוגלובק</ManufacturerName><ManufactureCountry>ישראל</ManufactureCountry><ManufacturerItemDescription>המבורגר זהב 400 גר</ManufacturerItemDescription><SoldByWeight/><Quantity>400.00</Quantity><UnitOfMeasure>גרם     </UnitOfMeasure><QtyInPackage>לא ידוע</QtyInPackage><UnitOfMeasurePrice>0.0497</UnitOfMeasurePrice><AllowDiscount>1</AllowDiscount><ItemStatus>1</ItemStatus><ItemPrice>19.90</ItemPrice></item><item><PriceUpdateDate>2015-10-20 17:18:20</PriceUpdateDate><ItemCode>7290000530444</ItemCode><ItemType>3</ItemType><ItemName>כתף בקר מעושן 5083</ItemName><ManufacturerName>זוגלובק</ManufacturerName><ManufactureCountry>ישראל</ManufactureCountry><ManufacturerItemDescription>כתף בקר מעושן 5083</ManufacturerItemDescription><SoldByWeight/><Quantity>1.00</Quantity><UnitOfMeasure>ק"ג</UnitOfMeasure><QtyInPackage>לא ידוע</QtyInPackage><UnitOfMeasurePrice>121.3000</UnitOfMeasurePrice><AllowDiscount>1</AllowDiscount><ItemStatus>1</ItemStatus><ItemPrice>121.30</ItemPrice></item><item><PriceUpdateDate>2016-05-30 22:03:34</PriceUpdateDate><ItemCode>7290000530468</ItemCode><ItemType>1</ItemType><ItemName>נקניקיות וינר 1 ק''ג</ItemName><ManufacturerName>זוגלובק</ManufacturerName><ManufactureCountry>ישראל</ManufactureCountry><ManufacturerItemDescription>נקניקיות וינר 1 ק''ג</ManufacturerItemDescription><SoldByWeight/><Quantity>1000.00</Quantity><UnitOfMeasure>גרם     </UnitOfMeasure><QtyInPackage>לא ידוע</QtyInPackage><UnitOfMeasurePrice>0.0336</UnitOfMeasurePrice><AllowDiscount>1</AllowDiscount><ItemStatus>1</ItemStatus><ItemPrice>33.60</ItemPrice></item><item><PriceUpdateDate>2016-03-29 13:00:29</PriceUpdateDate><ItemCode>7290000530598</ItemCode><ItemType>1</ItemType><ItemName>נקניקיות וינר 500 גר</ItemName><ManufacturerName>זוגלובק</ManufacturerName><ManufactureCountry>ישראל</ManufactureCountry><ManufacturerItemDescription>נקניקיות וינר</ManufacturerItemDescription><SoldByWeight/><Quantity>500.00</Quantity><UnitOfMeasure>גרם     </UnitOfMeasure><QtyInPackage>לא ידוע</QtyInPackage><UnitOfMeasurePrice>0.0358</UnitOfMeasurePrice><AllowDiscount>1</AllowDiscount><ItemStatus>1</ItemStatus><ItemPrice>17.90</ItemPrice></item><item><PriceUpdateDate>2016-05-02 08:05:46</PriceUpdateDate><ItemCode>7290000530703</ItemCode><ItemType>1</ItemType><ItemName>נקניק חרמון+תה 800 ג</ItemName><ManufacturerName>זוגלובק</ManufacturerName><ManufactureCountry>ישראל</ManufactureCountry><ManufacturerItemDescription>נקניק חרמון+תה 800 ג</ManufacturerItemDescription><SoldByWeight/><Quantity>800.00</Quantity><UnitOfMeasure>גרם     </UnitOfMeasure><QtyInPackage>לא ידוע</QtyInPackage><UnitOfMeasurePrice>0.0374</UnitOfMeasurePrice><AllowDiscount>1</AllowDiscount><ItemStatus>1</ItemStatus><ItemPrice>29.90</ItemPrice></item><item><PriceUpdateDate>2015-11-12 18:19:41</PriceUpdateDate><ItemCode>7290000530871</ItemCode><ItemType>3</ItemType><ItemName>חזה עוף מעושן במשקל</ItemName><ManufacturerName>זוגלובק</ManufacturerName><ManufactureCountry>ישראל</ManufactureCountry><ManufacturerItemDescription>חזה עוף מעושן במשקל</ManufacturerItemDescription><SoldByWeight/><Quantity>1.00</Quantity><UnitOfMeasure>ק"ג</UnitOfMeasure><QtyInPackage>לא ידוע</QtyInPackage><UnitOfMeasurePrice>93.0000</UnitOfMeasurePrice><AllowDiscount>1</AllowDiscount><ItemStatus>1</ItemStatus><ItemPrice>93.00</ItemPrice></item><item><PriceUpdateDate>2015-10-11 12:51:32</PriceUpdateDate><ItemCode>7290000531410</ItemCode><ItemType>3</ItemType><ItemName>פסטרמה בדבש טהור</ItemName><ManufacturerName>זוגלובק</ManufacturerName><ManufactureCountry>ישראל</ManufactureCountry><ManufacturerItemDescription>פסטרמה בדבש טהור</ManufacturerItemDescription><SoldByWeight/><Quantity>1.00</Quantity><UnitOfMeasure>ק"ג</UnitOfMeasure><QtyInPackage>לא ידוע</QtyInPackage><UnitOfMeasurePrice>87.6000</UnitOfMeasurePrice><AllowDiscount>1</AllowDiscount><ItemStatus>1</ItemStatus><ItemPrice>87.60</ItemPrice></item><item><PriceUpdateDate>2014-11-03 06:36:32</PriceUpdateDate><ItemCode>7290000531496</ItemCode><ItemType>1</ItemType><ItemName>נקניק קבנוס 180 גרם</ItemName><ManufacturerName>זוגלובק</ManufacturerName><ManufactureCountry>ישראל</ManufactureCountry><ManufacturerItemDescription>נקניק קבנוס 180 גרם</ManufacturerItemDescription><SoldByWeight/><Quantity>180.00</Quantity><UnitOfMeasure>גרם     </UnitOfMeasure><QtyInPackage>לא ידוע</QtyInPackage><UnitOfMeasurePrice>0.1072</UnitOfMeasurePrice><AllowDiscount>1</AllowDiscount><ItemStatus>1</ItemStatus><ItemPrice>19.30</ItemPrice></item><item><PriceUpdateDate>2016-03-01 06:43:10</PriceUpdateDate><ItemCode>7290000531977</ItemCode><ItemType>1</ItemType><ItemName>מב בורקס 800 גרם גבי</ItemName><ManufacturerName>זוגלובק</ManufacturerName><ManufactureCountry>ישראל</ManufactureCountry><ManufacturerItemDescription>בורקס גבינה 800 גרם</ManufacturerItemDescription><SoldByWeight/><Quantity>800.00</Quantity><UnitOfMeasure>גרם     </UnitOfMeasure><QtyInPackage>לא ידוע</QtyInPackage><UnitOfMeasurePrice>0.0186</UnitOfMeasurePrice><AllowDiscount>1</AllowDiscount><ItemStatus>1</ItemStatus><ItemPrice>14.90</ItemPrice></item><item><PriceUpdateDate>2015-10-11 12:51:32</PriceUpdateDate><ItemCode>7290000532400</ItemCode><ItemType>3</ItemType><ItemName>חזה הודו ברביקיו מעד</ItemName><ManufacturerName>זוגלובק</ManufacturerName><ManufactureCountry>ישראל</ManufactureCountry><ManufacturerItemDescription>חזה הודו ברביקיו מעד</ManufacturerItemDescription><SoldByWeight/><Quantity>1.00</Quantity><UnitOfMeasure>ק"ג</UnitOfMeasure><QtyInPackage>לא ידוע</QtyInPackage><UnitOfMeasurePrice>85.6000</UnitOfMeasurePrice><AllowDiscount>1</AllowDiscount><ItemStatus>1</ItemStatus><ItemPrice>85.60</ItemPrice></item><item><PriceUpdateDate>2015-11-12 18:19:41</PriceUpdateDate><ItemCode>7290000532721</ItemCode><ItemType>3</ItemType><ItemName>כתף בקר מעושן במשקל</ItemName><ManufacturerName>זוגלובק</ManufacturerName><ManufactureCountry>ישראל</ManufactureCountry><ManufacturerItemDescription>כתף בקר מעושן במשקל</ManufacturerItemDescription><SoldByWeight/><Quantity>1.00</Quantity><UnitOfMeasure>ק"ג</UnitOfMeasure><QtyInPackage>לא ידוע</QtyInPackage><UnitOfMeasurePrice>123.0000</UnitOfMeasurePrice><AllowDiscount>1</AllowDiscount><ItemStatus>1</ItemStatus><ItemPrice>123.00</ItemPrice></item><item><PriceUpdateDate>2016-03-01 06:43:10</PriceUpdateDate><ItemCode>7290000533353</ItemCode><ItemType>1</ItemType><ItemName>מב בצק עלים זוגלובק</ItemName><ManufacturerName>זוגלובק</ManufacturerName><ManufactureCountry>ישראל</ManufactureCountry><ManufacturerItemDescription>מב בצק עלים זוגלובק</ManufacturerItemDescription><SoldByWeight/><Quantity>1000.00</Quantity><UnitOfMeasure>גרם     </UnitOfMeasure><QtyInPackage>לא ידוע</QtyInPackage><UnitOfMeasurePrice>0.0149</UnitOfMeasurePrice><AllowDiscount>1</AllowDiscount><ItemStatus>1</ItemStatus><ItemPrice>14.90</ItemPrice></item><item><PriceUpdateDate>2015-10-11 12:51:32</PriceUpdateDate><ItemCode>7290000534718</ItemCode><ItemType>3</ItemType><ItemName>חזה הודו תבור דל שומ</ItemName><ManufacturerName>זוגלובק</ManufacturerName><ManufactureCountry>ישראל</ManufactureCountry><ManufacturerItemDescription>חזה הודו תבור דל שומ</ManufacturerItemDescription><SoldByWeight/><Quantity>1.00</Quantity><UnitOfMeasure>ק"ג</UnitOfMeasure><QtyInPackage>לא ידוע</QtyInPackage><UnitOfMeasurePrice>90.7000</UnitOfMeasurePrice><AllowDiscount>1</AllowDiscount><ItemStatus>1</ItemStatus><ItemPrice>90.70</ItemPrice></item><item><PriceUpdateDate>2015-10-20 17:18:20</PriceUpdateDate><ItemCode>7290000534800</ItemCode><ItemType>3</ItemType><ItemName>פסטרמה רומנית</ItemName><ManufacturerName>זוגלובק</ManufacturerName><ManufactureCountry>ישראל</ManufactureCountry><ManufacturerItemDescription>פסטרמה רומנית</ManufacturerItemDescription><SoldByWeight/><Quantity>1.00</Quantity><UnitOfMeasure>ק"ג</UnitOfMeasure><QtyInPackage>לא ידוע</QtyInPackage><UnitOfMeasurePrice>86.0000</UnitOfMeasurePrice><AllowDiscount>1</AllowDiscount><ItemStatus>1</ItemStatus><ItemPrice>86.00</ItemPrice></item><item><PriceUpdateDate>2015-11-12 18:19:32</PriceUpdateDate><ItemCode>7290000536316</ItemCode><ItemType>1</ItemType><ItemName>שניצל טבע 1ק'ג בד"צ</ItemName><ManufacturerName>זוגלובק</ManufacturerName><ManufactureCountry>ישראל</ManufactureCountry><ManufacturerItemDescription>שניצל טבע 1ק'ג בד"צ</ManufacturerItemDescription><SoldByWeight/><Quantity>1000.00</Quantity><UnitOfMeasure>גרם     </UnitOfMeasure><QtyInPackage>לא ידוע</QtyInPackage><UnitOfMeasurePrice>0.0393</UnitOfMeasurePrice><AllowDiscount>1</AllowDiscount><ItemStatus>1</ItemStatus><ItemPrice>39.30</ItemPrice></item><item><PriceUpdateDate>2016-03-01 06:43:11</PriceUpdateDate><ItemCode>7290000536934</ItemCode><ItemType>1</ItemType><ItemName>המבורגר בלחמניה 185</ItemName><ManufacturerName>זוגלובק</ManufacturerName><ManufactureCountry>ישראל</ManufactureCountry><ManufacturerItemDescription>המבורגר בלחמניה יח</ManufacturerItemDescription><SoldByWeight/><Quantity>185.00</Quantity><UnitOfMeasure>גרם     </UnitOfMeasure><QtyInPackage>לא ידוע</QtyInPackage><UnitOfMeasurePrice>0.0822</UnitOfMeasurePrice><AllowDiscount>1</AllowDiscount><ItemStatus>1</ItemStatus><ItemPrice>15.20</ItemPrice></item><item><PriceUpdateDate>2016-05-30 22:03:34</PriceUpdateDate><ItemCode>7290000537566</ItemCode><ItemType>1</ItemType><ItemName>נקניקיות עוף זוגלובק</ItemName><ManufacturerName>זוגלובק</ManufacturerName><ManufactureCountry>ישראל</ManufactureCountry><ManufacturerItemDescription>נקניקיות עוף 400 ג טרי</ManufacturerItemDescription><SoldByWeight/><Quantity>400.00</Quantity><UnitOfMeasure>גרם     </UnitOfMeasure><QtyInPackage>לא ידוע</QtyInPackage><UnitOfMeasurePrice>0.0298</UnitOfMeasurePrice><AllowDiscount>1</AllowDiscount><ItemStatus>1</ItemStatus><ItemPrice>11.90</ItemPrice></item><item><PriceUpdateDate>2016-05-30 22:03:34</PriceUpdateDate><ItemCode>7290000537603</ItemCode><ItemType>1</ItemType><ItemName>נקניקיות עוף 1 ק'ג</ItemName><ManufacturerName>זוגלובק</ManufacturerName><ManufactureCountry>ישראל</ManufactureCountry><ManufacturerItemDescription>נקניקיות עוף 1 קג</ManufacturerItemDescription><SoldByWeight/><Quantity>1000.00</Quantity><UnitOfMeasure>גרם     </UnitOfMeasure><QtyInPackage>לא ידוע</QtyInPackage><UnitOfMeasurePrice>0.0336</UnitOfMeasurePrice><AllowDiscount>1</AllowDiscount><ItemStatus>1</ItemStatus><ItemPrice>33.60</ItemPrice></item><item><PriceUpdateDate>2015-11-12 18:19:41</PriceUpdateDate><ItemCode>7290000537610</ItemCode><ItemType>3</ItemType><ItemName>נקניק סלמי עממי</ItemName><ManufacturerName>זוגלובק</ManufacturerName><ManufactureCountry>ישראל</ManufactureCountry><ManufacturerItemDescription>נקניק סלמי עממי</ManufacturerItemDescription><SoldByWeight/><Quantity>1.00</Quantity><UnitOfMeasure>ק"ג</UnitOfMeasure><QtyInPackage>לא ידוע</QtyInPackage><UnitOfMeasurePrice>60.1000</UnitOfMeasurePrice><AllowDiscount>1</AllowDiscount><ItemStatus>1</ItemStatus><ItemPrice>60.10</ItemPrice></item><item><PriceUpdateDate>2016-05-30 22:03:34</PriceUpdateDate><ItemCode>7290000538709</ItemCode><ItemType>1</ItemType><ItemName>מב נקניק 200 גרם תה</ItemName><ManufacturerName>זוגלובק</ManufacturerName><ManufactureCountry>ישראל</ManufactureCountry><ManufacturerItemDescription>מב נקניק 200 גרם תה</ManufacturerItemDescription><SoldByWeight/><Quantity>200.00</Quantity><UnitOfMeasure>גרם     </UnitOfMeasure><QtyInPackage>לא ידוע</QtyInPackage><UnitOfMeasurePrice>0.0645</UnitOfMeasurePrice><AllowDiscount>1</AllowDiscount><ItemStatus>1</ItemStatus><ItemPrice>12.90</ItemPrice></item><item><PriceUpdateDate>2016-05-02 08:05:46</PriceUpdateDate><ItemCode>7290000540160</ItemCode><ItemType>1</ItemType><ItemName>מב עוגיות ללא סוכר 5</ItemName><ManufacturerName>לא ידוע</ManufacturerName><ManufactureCountry>ישראל</ManufactureCountry><ManufacturerItemDescription>מב עוגיות ללא סוכר 5</ManufacturerItemDescription><SoldByWeight/><Quantity>500.00</Quantity><UnitOfMeasure>גרם     </UnitOfMeasure><QtyInPackage>לא ידוע</QtyInPackage><UnitOfMeasurePrice>0.0318</UnitOfMeasurePrice><AllowDiscount>1</AllowDiscount><ItemStatus>1</ItemStatus><ItemPrice>15.90</ItemPrice></item><item><PriceUpdateDate>2015-11-12 16:43:23</PriceUpdateDate><ItemCode>7290000540290</ItemCode><ItemType>1</ItemType><ItemName>דובשניות 600 גרם</ItemName><ManufacturerName>האחים</ManufacturerName><ManufactureCountry>ישראל</ManufactureCountry><ManufacturerItemDescription>דובשניות 600 גרם בשקית</ManufacturerItemDescription><SoldByWeight/><Quantity>600.00</Quantity><UnitOfMeasure>גרם     </UnitOfMeasure><QtyInPackage>לא ידוע</QtyInPackage><UnitOfMeasurePrice>0.0203</UnitOfMeasurePrice><AllowDiscount>1</AllowDiscount><ItemStatus>1</ItemStatus><ItemPrice>12.20</ItemPrice></item><item><PriceUpdateDate>2016-05-02 08:05:46</PriceUpdateDate><ItemCode>7290000540313</ItemCode><ItemType>1</ItemType><ItemName>מב עוגיות טבעיות מקמ</ItemName><ManufacturerName>האחים</ManufacturerName><ManufactureCountry>ישראל</ManufactureCountry><ManufacturerItemDescription>מב עוגיות טבעיות מקמ</ManufacturerItemDescription><SoldByWeight/><Quantity>500.00</Quantity><UnitOfMeasure>גרם     </UnitOfMeasure><QtyInPackage>לא ידוע</QtyInPackage><UnitOfMeasurePrice>0.0318</UnitOfMeasurePrice><AllowDiscount>1</AllowDiscount><ItemStatus>1</ItemStatus><ItemPrice>15.90</ItemPrice></item><item><PriceUpdateDate>2016-02-21 13:20:40</PriceUpdateDate><ItemCode>7290000551074</ItemCode><ItemType>3</ItemType><ItemName>פילה מדומה בשר מס' 6</ItemName><ManufacturerName>.N.Y.C</ManufacturerName><ManufactureCountry>ישראל</ManufactureCountry><ManufacturerItemDescription>פילה מדומה בשר מס' 6</ManufacturerItemDescription><SoldByWeight/><Quantity>1.00</Quantity><UnitOfMeasure>ק"ג</UnitOfMeasure><QtyInPackage>לא ידוע</QtyInPackage><UnitOfMeasurePrice>49.9000</UnitOfMeasurePrice><AllowDiscount>1</AllowDiscount><ItemStatus>1</ItemStatus><ItemPrice>49.90</ItemPrice></item><item><PriceUpdateDate>2015-11-12 18:17:44</PriceUpdateDate><ItemCode>7290000552118</ItemCode><ItemType>1</ItemType><ItemName>נקניקיות מרגז גריל ט</ItemName><ManufacturerName>טיבון ויל</ManufacturerName><ManufactureCountry>ישראל</ManufactureCountry><ManufacturerItemDescription>נקניקיות מרגז גריל 400 גר</ManufacturerItemDescription><SoldByWeight/><Quantity>400.00</Quantity><UnitOfMeasure>גרם     </UnitOfMeasure><QtyInPackage>לא ידוע</QtyInPackage><UnitOfMeasurePrice>0.0560</UnitOfMeasurePrice><AllowDiscount>1</AllowDiscount><ItemStatus>1</ItemStatus><ItemPrice>22.40</ItemPrice></item><item><PriceUpdateDate>2016-03-01 06:49:04</PriceUpdateDate><ItemCode>7290000552569</ItemCode><ItemType>1</ItemType><ItemName>מב סטייק בורגר 400 ג</ItemName><ManufacturerName>טיבון ויל</ManufacturerName><ManufactureCountry>ישראל</ManufactureCountry><ManufacturerItemDescription>סטייק בורגר בקר 400 גר</ManufacturerItemDescription><SoldByWeight/><Quantity>400.00</Quantity><UnitOfMeasure>גרם     </UnitOfMeasure><QtyInPackage>לא ידוע</QtyInPackage><UnitOfMeasurePrice>0.0472</UnitOfMeasurePrice><AllowDiscount>1</AllowDiscount><ItemStatus>1</ItemStatus><ItemPrice>18.90</ItemPrice></item><item><PriceUpdateDate>2016-06-17 09:13:52</PriceUpdateDate><ItemCode>7290000554006</ItemCode><ItemType>3</ItemType><ItemName>גבינת קאשקבל  משולשי</ItemName><ManufacturerName>גד</ManufacturerName><ManufactureCountry>ישראל</ManufactureCountry><ManufacturerItemDescription>גבינת קאשקבל  משולשי</ManufacturerItemDescription><SoldByWeight/><Quantity>1.00</Quantity><UnitOfMeasure>ק"ג</UnitOfMeasure><QtyInPackage>לא ידוע</QtyInPackage><UnitOfMeasurePrice>122.3000</UnitOfMeasurePrice><AllowDiscount>1</AllowDiscount><ItemStatus>1</ItemStatus><ItemPrice>122.30</ItemPrice></item><item><PriceUpdateDate>2015-11-12 17:26:02</PriceUpdateDate><ItemCode>7290000554402</ItemCode><ItemType>1</ItemType><ItemName>פודינג מלבי 160 מ"ל</ItemName><ManufacturerName>גד</ManufacturerName><ManufactureCountry>ישראל</ManufactureCountry><ManufacturerItemDescription>מעדן חלב מלבי 170 גר</ManufacturerItemDescription><SoldByWeight/><Quantity>160.00</Quantity><UnitOfMeasure>מ"ל</UnitOfMeasure><QtyInPackage>לא ידוע</QtyInPackage><UnitOfMeasurePrice>0.0394</UnitOfMeasurePrice><AllowDiscount>1</AllowDiscount><ItemStatus>1</ItemStatus><ItemPrice>6.30</ItemPrice></item><item><PriceUpdateDate>2016-03-29 13:00:29</PriceUpdateDate><ItemCode>7290000554457</ItemCode><ItemType>1</ItemType><ItemName>גבינה צפתית 5% 350 ג</ItemName><ManufacturerName>גד</ManufacturerName><ManufactureCountry>ישראל</ManufactureCountry><ManufacturerItemDescription>גבינה צפתית מיני 350 גר</ManufacturerItemDescription><SoldByWeight/><Quantity>350.00</Quantity><UnitOfMeasure>גרם     </UnitOfMeasure><QtyInPackage>לא ידוע</QtyInPackage><UnitOfMeasurePrice>0.0597</UnitOfMeasurePrice><AllowDiscount>0</AllowDiscount><ItemStatus>1</ItemStatus><ItemPrice>20.90</ItemPrice></item><item><PriceUpdateDate>2016-03-29 13:00:29</PriceUpdateDate><ItemCode>7290000554471</ItemCode><ItemType>1</ItemType><ItemName>גבינת נקניק מוצרלה ט</ItemName><ManufacturerName>גד</ManufacturerName><ManufactureCountry>ישראל</ManufactureCountry><ManufacturerItemDescription>גב.מוצרלה נקניק  צמה180 ג</ManufacturerItemDescription><SoldByWeight/><Quantity>180.00</Quantity><UnitOfMeasure>גרם     </UnitOfMeasure><QtyInPackage>לא ידוע</QtyInPackage><UnitOfMeasurePrice>0.1050</UnitOfMeasurePrice><AllowDiscount>1</AllowDiscount><ItemStatus>1</ItemStatus><ItemPrice>18.90</ItemPrice></item><item><PriceUpdateDate>2016-05-30 22:03:34</PriceUpdateDate><ItemCode>7290000554532</ItemCode><ItemType>1</ItemType><ItemName>צפתית 5% מלח ים 200</ItemName><ManufacturerName>גד</ManufacturerName><ManufactureCountry>ישראל</ManufactureCountry><ManufacturerItemDescription>גבינה צפתית מעודנת 200 5%</ManufacturerItemDescription><SoldByWeight/><Quantity>200.00</Quantity><UnitOfMeasure>גרם     </UnitOfMeasure><QtyInPackage>לא ידוע</QtyInPackage><UnitOfMeasurePrice>0.0790</UnitOfMeasurePrice><AllowDiscount>1</AllowDiscount><ItemStatus>1</ItemStatus><ItemPrice>15.80</ItemPrice></item><item><PriceUpdateDate>2015-10-20 16:45:00</PriceUpdateDate><ItemCode>7290000554686</ItemCode><ItemType>1</ItemType><ItemName>לאבנה בשמן זית וזעתר</ItemName><ManufacturerName>גד</ManufacturerName><ManufactureCountry>ישראל</ManufactureCountry><ManufacturerItemDescription>לבנה בשמןזית+זעתר 250-5%ג</ManufacturerItemDescription><SoldByWeight/><Quantity>250.00</Quantity><UnitOfMeasure>גרם     </UnitOfMeasure><QtyInPackage>לא ידוע</QtyInPackage><UnitOfMeasurePrice>0.0620</UnitOfMeasurePrice><AllowDiscount>1</AllowDiscount><ItemStatus>1</ItemStatus><ItemPrice>15.50</ItemPrice></item><item><PriceUpdateDate>2016-05-31 12:02:27</PriceUpdateDate><ItemCode>7290000554792</ItemCode><ItemType>3</ItemType><ItemName>בולגרית 5% מעודנת גד</ItemName><ManufacturerName>גד</ManufacturerName><ManufactureCountry>ישראל</ManufactureCountry><ManufacturerItemDescription>בולגרית 5% מעודנת גד</ManufacturerItemDescription><SoldByWeight/><Quantity>1.00</Quantity><UnitOfMeasure>ק"ג</UnitOfMeasure><QtyInPackage>לא ידוע</QtyInPackage><UnitOfMeasurePrice>59.0000</UnitOfMeasurePrice><AllowDiscount>1</AllowDiscount><ItemStatus>1</ItemStatus><ItemPrice>59.00</ItemPrice></item><item><PriceUpdateDate>2016-06-17 09:13:52</PriceUpdateDate><ItemCode>7290000554815</ItemCode><ItemType>3</ItemType><ItemName>מוצרלה נקניק טבעי 22</ItemName><ManufacturerName>גד</ManufacturerName><ManufactureCountry>ישראל</ManufactureCountry><ManufacturerItemDescription>מוצרלה נקניק טבעי 22</ManufacturerItemDescription><SoldByWeight/><Quantity>1.00</Quantity><UnitOfMeasure>ק"ג</UnitOfMeasure><QtyInPackage>לא ידוע</QtyInPackage><UnitOfMeasurePrice>85.0000</UnitOfMeasurePrice><AllowDiscount>1</AllowDiscount><ItemStatus>1</ItemStatus><ItemPrice>85.00</ItemPrice></item><item><PriceUpdateDate>2016-06-06 11:54:24</PriceUpdateDate><ItemCode>7290000554822</ItemCode><ItemType>1</ItemType><ItemName>גבינת ריקוטה באריזה</ItemName><ManufacturerName>גד</ManufacturerName><ManufactureCountry>ישראל</ManufactureCountry><ManufacturerItemDescription>גבינה ריקוטה 250 גר</ManufacturerItemDescription><SoldByWeight/><Quantity>250.00</Quantity><UnitOfMeasure>גרם     </UnitOfMeasure><QtyInPackage>לא ידוע</QtyInPackage><UnitOfMeasurePrice>0.0592</UnitOfMeasurePrice><AllowDiscount>1</AllowDiscount><ItemStatus>1</ItemStatus><ItemPrice>14.80</ItemPrice></item><item><PriceUpdateDate>2016-01-28 11:59:15</PriceUpdateDate><ItemCode>7290000554839</ItemCode><ItemType>1</ItemType><ItemName>גבינת מסקרפונה גד 25</ItemName><ManufacturerName>גד</ManufacturerName><ManufactureCountry>ישראל</ManufactureCountry><ManufacturerItemDescription>גבינה מוקצפת מסקרפונה250</ManufacturerItemDescription><SoldByWeight/><Quantity>250.00</Quantity><UnitOfMeasure>גרם     </UnitOfMeasure><QtyInPackage>לא ידוע</QtyInPackage><UnitOfMeasurePrice>0.0836</UnitOfMeasurePrice><AllowDiscount>1</AllowDiscount><ItemStatus>1</ItemStatus><ItemPrice>20.90</ItemPrice></item><item><PriceUpdateDate>2016-05-31 12:02:27</PriceUpdateDate><ItemCode>7290000554891</ItemCode><ItemType>3</ItemType><ItemName>בולגרית 16% מעודנת ג</ItemName><ManufacturerName>גד</ManufacturerName><ManufactureCountry>ישראל</ManufactureCountry><ManufacturerItemDescription>בולגרית 16% מעודנת ג</ManufacturerItemDescription><SoldByWeight/><Quantity>1.00</Quantity><UnitOfMeasure>ק"ג</UnitOfMeasure><QtyInPackage>לא ידוע</QtyInPackage><UnitOfMeasurePrice>59.0000</UnitOfMeasurePrice><AllowDiscount>1</AllowDiscount><ItemStatus>1</ItemStatus><ItemPrice>59.00</ItemPrice></item><item><PriceUpdateDate>2016-05-31 12:02:27</PriceUpdateDate><ItemCode>7290000554921</ItemCode><ItemType>3</ItemType><ItemName>ריקוטה 5% גד</ItemName><ManufacturerName>גד</ManufacturerName><ManufactureCountry>ישראל</ManufactureCountry><ManufacturerItemDescription>ריקוטה 5% גד</ManufacturerItemDescription><SoldByWeight/><Quantity>1.00</Quantity><UnitOfMeasure>ק"ג</UnitOfMeasure><QtyInPackage>לא ידוע</QtyInPackage><UnitOfMeasurePrice>59.0000</UnitOfMeasurePrice><AllowDiscount>1</AllowDiscount><ItemStatus>1</ItemStatus><ItemPrice>59.00</ItemPrice></item><item><PriceUpdateDate>2016-05-30 22:03:35</PriceUpdateDate><ItemCode>7290000554976</ItemCode><ItemType>3</ItemType><ItemName>גבינת שמנת זיתים  30</ItemName><ManufacturerName>גד</ManufacturerName><ManufactureCountry>ישראל</ManufactureCountry><ManufacturerItemDescription>גבינת שמנת זיתים  30</ManufacturerItemDescription><SoldByWeight/><Quantity>1.00</Quantity><UnitOfMeasure>ק"ג</UnitOfMeasure><QtyInPackage>לא ידוע</QtyInPackage><UnitOfMeasurePrice>50.0000</UnitOfMeasurePrice><AllowDiscount>1</AllowDiscount><ItemStatus>1</ItemStatus><ItemPrice>50.00</ItemPrice></item><item><PriceUpdateDate>2015-12-01 08:41:35</PriceUpdateDate><ItemCode>7290000554990</ItemCode><ItemType>3</ItemType><ItemName>כדורי מוצרלה גדול 18</ItemName><ManufacturerName>גד</ManufacturerName><ManufactureCountry>ישראל</ManufactureCountry><ManufacturerItemDescription>כדורי מוצרלה גדול 18</ManufacturerItemDescription><SoldByWeight/><Quantity>1.00</Quantity><UnitOfMeasure>ק"ג</UnitOfMeasure><QtyInPackage>לא ידוע</QtyInPackage><UnitOfMeasurePrice>100.9000</UnitOfMeasurePrice><AllowDiscount>1</AllowDiscount><ItemStatus>1</ItemStatus><ItemPrice>100.90</ItemPrice></item><item><PriceUpdateDate>2016-05-30 22:03:35</PriceUpdateDate><ItemCode>7290000560533</ItemCode><ItemType>1</ItemType><ItemName>ג'ל גילוח אדג' לעור</ItemName><ManufacturerName>אדג'</ManufacturerName><ManufactureCountry>ארצות הברית</ManufactureCountry><ManufacturerItemDescription>ריצ' להכנת קצפת 212 מ"ל</ManufacturerItemDescription><SoldByWeight/><Quantity>200.00</Quantity><UnitOfMeasure>מ"ל</UnitOfMeasure><QtyInPackage>לא ידוע</QtyInPackage><UnitOfMeasurePrice>0.0895</UnitOfMeasurePrice><AllowDiscount>1</AllowDiscount><ItemStatus>1</ItemStatus><ItemPrice>17.90</ItemPrice></item><item><PriceUpdateDate>2016-05-30 22:03:35</PriceUpdateDate><ItemCode>7290000560540</ItemCode><ItemType>1</ItemType><ItemName>ג'ל גילוח אדג' לעור</ItemName><ManufacturerName>אדג'</ManufacturerName><ManufactureCountry>ארצות הברית</ManufactureCountry><ManufacturerItemDescription>בסיס להכנת קצפת 425 מ"ל</ManufacturerItemDescription><SoldByWeight/><Quantity>200.00</Quantity><UnitOfMeasure>מ"ל</UnitOfMeasure><QtyInPackage>לא ידוע</QtyInPackage><UnitOfMeasurePrice>0.0895</UnitOfMeasurePrice><AllowDiscount>1</AllowDiscount><ItemStatus>1</ItemStatus><ItemPrice>17.90</ItemPrice></item><item><PriceUpdateDate>2016-05-30 22:03:35</PriceUpdateDate><ItemCode>7290000560557</ItemCode><ItemType>1</ItemType><ItemName>ג'ל גילוח אדג' לריכו</ItemName><ManufacturerName>אדג'</ManufacturerName><ManufactureCountry>ארצות הברית</ManufactureCountry><ManufacturerItemDescription>אדג גל גילוח ריכוך עור200</ManufacturerItemDescription><SoldByWeight/><Quantity>200.00</Quantity><UnitOfMeasure>מ"ל</UnitOfMeasure><QtyInPackage>לא ידוע</QtyInPackage><UnitOfMeasurePrice>0.0895</UnitOfMeasurePrice><AllowDiscount>1</AllowDiscount><ItemStatus>1</ItemStatus><ItemPrice>17.90</ItemPrice></item><item><PriceUpdateDate>2016-05-30 22:03:35</PriceUpdateDate><ItemCode>7290000571119</ItemCode><ItemType>3</ItemType><ItemName>מב גאודה טבעית חריץ</ItemName><ManufacturerName>בית יצחק</ManufacturerName><ManufactureCountry>ישראל</ManufactureCountry><ManufacturerItemDescription>מב גאודה טבעית חריץ</ManufacturerItemDescription><SoldByWeight/><Quantity>1.00</Quantity><UnitOfMeasure>ק"ג</UnitOfMeasure><QtyInPackage>לא ידוע</QtyInPackage><UnitOfMeasurePrice>89.0000</UnitOfMeasurePrice><AllowDiscount>1</AllowDiscount><ItemStatus>1</ItemStatus><ItemPrice>89.00</ItemPrice></item><item><PriceUpdateDate>2016-05-30 22:03:35</PriceUpdateDate><ItemCode>7290000571126</ItemCode><ItemType>3</ItemType><ItemName>מב גאודה עם כמון חרי</ItemName><ManufacturerName>בית יצחק</ManufacturerName><ManufactureCountry>ישראל</ManufactureCountry><ManufacturerItemDescription>מב גאודה עם כמון חרי</ManufacturerItemDescription><SoldByWeight/><Quantity>1.00</Quantity><UnitOfMeasure>ק"ג</UnitOfMeasure><QtyInPackage>לא ידוע</QtyInPackage><UnitOfMeasurePrice>89.0000</UnitOfMeasurePrice><AllowDiscount>1</AllowDiscount><ItemStatus>1</ItemStatus><ItemPrice>89.00</ItemPrice></item><item><PriceUpdateDate>2015-10-20 16:46:10</PriceUpdateDate><ItemCode>7290000571188</ItemCode><ItemType>3</ItemType><ItemName>גאודה עז חריץ בית יצ</ItemName><ManufacturerName>בית יצחק</ManufacturerName><ManufactureCountry>ישראל</ManufactureCountry><ManufacturerItemDescription>גאודה עז חריץ בית יצ</ManufacturerItemDescription><SoldByWeight/><Quantity>1.00</Quantity><UnitOfMeasure>ק"ג</UnitOfMeasure><QtyInPackage>לא ידוע</QtyInPackage><UnitOfMeasurePrice>165.0000</UnitOfMeasurePrice><AllowDiscount>1</AllowDiscount><ItemStatus>1</ItemStatus><ItemPrice>165.00</ItemPrice></item><item><PriceUpdateDate>2016-05-30 22:03:35</PriceUpdateDate><ItemCode>7290000571294</ItemCode><ItemType>3</ItemType><ItemName>מב גאודה מעושנת חריץ</ItemName><ManufacturerName>המחלבה בית יצחק</ManufacturerName><ManufactureCountry>ישראל</ManufactureCountry><ManufacturerItemDescription>מב גאודה מעושנת חריץ</ManufacturerItemDescription><SoldByWeight/><Quantity>1.00</Quantity><UnitOfMeasure>ק"ג</UnitOfMeasure><QtyInPackage>לא ידוע</QtyInPackage><UnitOfMeasurePrice>89.0000</UnitOfMeasurePrice><AllowDiscount>1</AllowDiscount><ItemStatus>1</ItemStatus><ItemPrice>89.00</ItemPrice></item><item><PriceUpdateDate>2015-10-20 16:43:03</PriceUpdateDate><ItemCode>7290000571386</ItemCode><ItemType>1</ItemType><ItemName>יוגורמה בית יצחק 850</ItemName><ManufacturerName>בית יצחק</ManufacturerName><ManufactureCountry>ישראל</ManufactureCountry><ManufacturerItemDescription>יוגורט יוגורמה מחלב כבשים</ManufacturerItemDescription><SoldByWeight/><Quantity>850.00</Quantity><UnitOfMeasure>מ"ל</UnitOfMeasure><QtyInPackage>לא ידוע</QtyInPackage><UnitOfMeasurePrice>0.0319</UnitOfMeasurePrice><AllowDiscount>1</AllowDiscount><ItemStatus>1</ItemStatus><ItemPrice>27.10</ItemPrice></item><item><PriceUpdateDate>2016-05-30 22:03:35</PriceUpdateDate><ItemCode>7290000571393</ItemCode><ItemType>1</ItemType><ItemName>מב יוגורמה כבשים 140</ItemName><ManufacturerName>יוגורמה</ManufacturerName><ManufactureCountry>ישראל</ManufactureCountry><ManufacturerItemDescription>יוגורמה יוגורט מחלב כבשים</ManufacturerItemDescription><SoldByWeight/><Quantity>140.00</Quantity><UnitOfMeasure>גרם     </UnitOfMeasure><QtyInPackage>לא ידוע</QtyInPackage><UnitOfMeasurePrice>0.0350</UnitOfMeasurePrice><AllowDiscount>1</AllowDiscount><ItemStatus>1</ItemStatus><ItemPrice>4.90</ItemPrice></item><item><PriceUpdateDate>2015-09-20 08:32:03</PriceUpdateDate><ItemCode>7290000571812</ItemCode><ItemType>1</ItemType><ItemName>פרמז'ן מגורד 200 גרם</ItemName><ManufacturerName>המחלבה בית יצחק</ManufacturerName><ManufactureCountry>ישראל</ManufactureCountry><ManufacturerItemDescription>גבינת פרמזן מגורד 200 גר</ManufacturerItemDescription><SoldByWeight/><Quantity>200.00</Quantity><UnitOfMeasure>גרם     </UnitOfMeasure><QtyInPackage>לא ידוע</QtyInPackage><UnitOfMeasurePrice>0.1095</UnitOfMeasurePrice><AllowDiscount>1</AllowDiscount><ItemStatus>1</ItemStatus><ItemPrice>21.90</ItemPrice></item><item><PriceUpdateDate>2016-02-23 08:48:45</PriceUpdateDate><ItemCode>7290000572208</ItemCode><ItemType>1</ItemType><ItemName>חלבה וניל 100 גרם</ItemName><ManufacturerName>אחווה</ManufacturerName><ManufactureCountry>ישראל</ManufactureCountry><ManufacturerItemDescription>חלבה אחוה 100 גר</ManufacturerItemDescription><SoldByWeight/><Quantity>100.00</Quantity><UnitOfMeasure>גרם     </UnitOfMeasure><QtyInPackage>לא ידוע</QtyInPackage><UnitOfMeasurePrice>0.0390</UnitOfMeasurePrice><AllowDiscount>1</AllowDiscount><ItemStatus>1</ItemStatus><ItemPrice>3.90</ItemPrice></item><item><PriceUpdateDate>2016-05-30 22:03:35</PriceUpdateDate><ItemCode>7290000572222</ItemCode><ItemType>1</ItemType><ItemName>חלבה וניל אחוה 500 ג</ItemName><ManufacturerName>אחוה</ManufacturerName><ManufactureCountry>ישראל</ManufactureCountry><ManufacturerItemDescription>חלבה וניל אחוה 500 ג</ManufacturerItemDescription><SoldByWeight/><Quantity>500.00</Quantity><UnitOfMeasure>גרם     </UnitOfMeasure><QtyInPackage>לא ידוע</QtyInPackage><UnitOfMeasurePrice>0.0230</UnitOfMeasurePrice><AllowDiscount>1</AllowDiscount><ItemStatus>1</ItemStatus><ItemPrice>11.50</ItemPrice></item><item><PriceUpdateDate>2015-04-05 13:53:22</PriceUpdateDate><ItemCode>7290000572284</ItemCode><ItemType>3</ItemType><ItemName>חלבה וניל /שוקו אחוו</ItemName><ManufacturerName>אחוה</ManufacturerName><ManufactureCountry>ישראל</ManufactureCountry><ManufacturerItemDescription>חלבה וניל /שוקו אחוו</ManufacturerItemDescription><SoldByWeight/><Quantity>1.00</Quantity><UnitOfMeasure>ק"ג</UnitOfMeasure><QtyInPackage>לא ידוע</QtyInPackage><UnitOfMeasurePrice>40.0000</UnitOfMeasurePrice><AllowDiscount>1</AllowDiscount><ItemStatus>1</ItemStatus><ItemPrice>40.00</ItemPrice></item><item><PriceUpdateDate>2015-11-23 10:20:21</PriceUpdateDate><ItemCode>7290000572291</ItemCode><ItemType>3</ItemType><ItemName>חלבה פיסטוק אחווה במ</ItemName><ManufacturerName>אחווה</ManufacturerName><ManufactureCountry>ישראל</ManufactureCountry><ManufacturerItemDescription>חלבה פיסטוק אחווה במ</ManufacturerItemDescription><SoldByWeight/><Quantity>1.00</Quantity><UnitOfMeasure>ק"ג</UnitOfMeasure><QtyInPackage>לא ידוע</QtyInPackage><UnitOfMeasurePrice>44.0000</UnitOfMeasurePrice><AllowDiscount>1</AllowDiscount><ItemStatus>1</ItemStatus><ItemPrice>44.00</ItemPrice></item><item><PriceUpdateDate>2014-11-03 06:37:13</PriceUpdateDate><ItemCode>7290000572529</ItemCode><ItemType>1</ItemType><ItemName>חלבה פיסטוק 400 גרם</ItemName><ManufacturerName>אחוה</ManufacturerName><ManufactureCountry>ישראל</ManufactureCountry><ManufacturerItemDescription>חלבה פיסטוק 400 גרם</ManufacturerItemDescription><SoldByWeight/><Quantity>400.00</Quantity><UnitOfMeasure>גרם     </UnitOfMeasure><QtyInPackage>לא ידוע</QtyInPackage><UnitOfMeasurePrice>0.0497</UnitOfMeasurePrice><AllowDiscount>1</AllowDiscount><ItemStatus>1</ItemStatus><ItemPrice>19.90</ItemPrice></item><item><PriceUpdateDate>2015-04-05 13:53:22</PriceUpdateDate><ItemCode>7290000572536</ItemCode><ItemType>1</ItemType><ItemName>חלבה וניל 400 גרם</ItemName><ManufacturerName>אחוה</ManufacturerName><ManufactureCountry>ישראל</ManufactureCountry><ManufacturerItemDescription>חלבה וניל במגש 400 גר</ManufacturerItemDescription><SoldByWeight/><Quantity>400.00</Quantity><UnitOfMeasure>גרם     </UnitOfMeasure><QtyInPackage>לא ידוע</QtyInPackage><UnitOfMeasurePrice>0.0422</UnitOfMeasurePrice><AllowDiscount>1</AllowDiscount><ItemStatus>1</ItemStatus><ItemPrice>16.90</ItemPrice></item><item><PriceUpdateDate>2015-04-05 13:53:22</PriceUpdateDate><ItemCode>7290000572543</ItemCode><ItemType>1</ItemType><ItemName>חלבה שוקו 400 גרם</ItemName><ManufacturerName>אחוה</ManufacturerName><ManufactureCountry>ישראל</ManufactureCountry><ManufacturerItemDescription>חלבה שוקו 400 גרם</ManufacturerItemDescription><SoldByWeight/><Quantity>400.00</Quantity><UnitOfMeasure>גרם     </UnitOfMeasure><QtyInPackage>לא ידוע</QtyInPackage><UnitOfMeasurePrice>0.0422</UnitOfMeasurePrice><AllowDiscount>1</AllowDiscount><ItemStatus>1</ItemStatus><ItemPrice>16.90</ItemPrice></item><item><PriceUpdateDate>2015-11-12 14:59:31</PriceUpdateDate><ItemCode>7290000572628</ItemCode><ItemType>1</ItemType><ItemName>חטיפי חלבה לייט 275</ItemName><ManufacturerName>אחוה</ManufacturerName><ManufactureCountry>ישראל</ManufactureCountry><ManufacturerItemDescription>חטיף חלוה לייט וניל275 11</ManufacturerItemDescription><SoldByWeight/><Quantity>275.00</Quantity><UnitOfMeasure>גרם     </UnitOfMeasure><QtyInPackage>לא ידוע</QtyInPackage><UnitOfMeasurePrice>0.0851</UnitOfMeasurePrice><AllowDiscount>1</AllowDiscount><ItemStatus>1</ItemStatus><ItemPrice>23.40</ItemPrice></item><item><PriceUpdateDate>2015-11-12 14:59:31</PriceUpdateDate><ItemCode>7290000572642</ItemCode><ItemType>1</ItemType><ItemName>חלבה לייט  500 גרם</ItemName><ManufacturerName>אחוה</ManufacturerName><ManufactureCountry>ישראל</ManufactureCountry><ManufacturerItemDescription>חלבה לייט  500 גרם</ManufacturerItemDescription><SoldByWeight/><Quantity>500.00</Quantity><UnitOfMeasure>גרם     </UnitOfMeasure><QtyInPackage>לא ידוע</QtyInPackage><UnitOfMeasurePrice>0.0508</UnitOfMeasurePrice><AllowDiscount>1</AllowDiscount><ItemStatus>1</ItemStatus><ItemPrice>25.40</ItemPrice></item><item><PriceUpdateDate>2015-11-12 14:59:31</PriceUpdateDate><ItemCode>7290000572673</ItemCode><ItemType>1</ItemType><ItemName>חטיפי חלבה 300 גרם</ItemName><ManufacturerName>אחוה</ManufacturerName><ManufactureCountry>ישראל</ManufactureCountry><ManufacturerItemDescription>חלבה 10 וניל אגוזים12 יח</ManufacturerItemDescription><SoldByWeight/><Quantity>300.00</Quantity><UnitOfMeasure>גרם     </UnitOfMeasure><QtyInPackage>לא ידוע</QtyInPackage><UnitOfMeasurePrice>0.0780</UnitOfMeasurePrice><AllowDiscount>1</AllowDiscount><ItemStatus>1</ItemStatus><ItemPrice>23.40</ItemPrice></item><item><PriceUpdateDate>2015-11-12 14:59:22</PriceUpdateDate><ItemCode>7290000573175</ItemCode><ItemType>1</ItemType><ItemName>חטיפי שומשום 380 גרם</ItemName><ManufacturerName>אטיאס</ManufacturerName><ManufactureCountry>ישראל</ManufactureCountry><ManufacturerItemDescription>חטיפי שומשום 380 גרם</ManufacturerItemDescription><SoldByWeight/><Quantity>380.00</Quantity><UnitOfMeasure>גרם     </UnitOfMeasure><QtyInPackage>לא ידוע</QtyInPackage><UnitOfMeasurePrice>0.0526</UnitOfMeasurePrice><AllowDiscount>1</AllowDiscount><ItemStatus>1</ItemStatus><ItemPrice>20.00</ItemPrice></item><item><PriceUpdateDate>2016-05-20 06:39:01</PriceUpdateDate><ItemCode>7290000574035</ItemCode><ItemType>1</ItemType><ItemName>לחם פרוס אחיד 750 גר</ItemName><ManufacturerName>דגנית</ManufacturerName><ManufactureCountry>ישראל</ManufactureCountry><ManufacturerItemDescription>לחם אחיד פרוס 750 גר</ManufacturerItemDescription><SoldByWeight/><Quantity>750.00</Quantity><UnitOfMeasure>גרם     </UnitOfMeasure><QtyInPackage>לא ידוע</QtyInPackage><UnitOfMeasurePrice>0.0091</UnitOfMeasurePrice><AllowDiscount>1</AllowDiscount><ItemStatus>1</ItemStatus><ItemPrice>6.79</ItemPrice></item><item><PriceUpdateDate>2015-11-12 16:44:28</PriceUpdateDate><ItemCode>7290000574110</ItemCode><ItemType>1</ItemType><ItemName>לחם טבע קל 750 גרם</ItemName><ManufacturerName>לא ממותג</ManufacturerName><ManufactureCountry>ישראל</ManufactureCountry><ManufacturerItemDescription>לחם טבע קל 750 גרם</ManufacturerItemDescription><SoldByWeight/><Quantity>750.00</Quantity><UnitOfMeasure>גרם     </UnitOfMeasure><QtyInPackage>לא ידוע</QtyInPackage><UnitOfMeasurePrice>0.0223</UnitOfMeasurePrice><AllowDiscount>1</AllowDiscount><ItemStatus>1</ItemStatus><ItemPrice>16.70</ItemPrice></item><item><PriceUpdateDate>2016-05-30 22:03:35</PriceUpdateDate><ItemCode>7290000574141</ItemCode><ItemType>1</ItemType><ItemName>לחם חיטה מלאה 750 גר</ItemName><ManufacturerName>דגנית</ManufacturerName><ManufactureCountry>ישראל</ManufactureCountry><ManufacturerItemDescription>לחם חיטה מלא 750 גרם</ManufacturerItemDescription><SoldByWeight/><Quantity>750.00</Quantity><UnitOfMeasure>גרם     </UnitOfMeasure><QtyInPackage>לא ידוע</QtyInPackage><UnitOfMeasurePrice>0.0153</UnitOfMeasurePrice><AllowDiscount>1</AllowDiscount><ItemStatus>1</ItemStatus><ItemPrice>11.50</ItemPrice></item><item><PriceUpdateDate>2014-11-03 06:37:19</PriceUpdateDate><ItemCode>7290000574172</ItemCode><ItemType>1</ItemType><ItemName>לחם קל מחיטה מלאה  7</ItemName><ManufacturerName>דגנית</ManufacturerName><ManufactureCountry>ישראל</ManufactureCountry><ManufacturerItemDescription>לחם קל מחיטה מלאה 750 גרם</ManufacturerItemDescription><SoldByWeight/><Quantity>750.00</Quantity><UnitOfMeasure>גרם     </UnitOfMeasure><QtyInPackage>לא ידוע</QtyInPackage><UnitOfMeasurePrice>0.0231</UnitOfMeasurePrice><AllowDiscount>0</AllowDiscount><ItemStatus>1</ItemStatus><ItemPrice>17.30</ItemPrice></item><item><PriceUpdateDate>2015-11-12 16:44:28</PriceUpdateDate><ItemCode>7290000574257</ItemCode><ItemType>1</ItemType><ItemName>לחם אחיד קל פרוס 750</ItemName><ManufacturerName>דגנית</ManufacturerName><ManufactureCountry>ישראל</ManufactureCountry><ManufacturerItemDescription>לחם שחור פרוס קל750 גר</ManufacturerItemDescription><SoldByWeight/><Quantity>750.00</Quantity><UnitOfMeasure>גרם     </UnitOfMeasure><QtyInPackage>לא ידוע</QtyInPackage><UnitOfMeasurePrice>0.0223</UnitOfMeasurePrice><AllowDiscount>1</AllowDiscount><ItemStatus>1</ItemStatus><ItemPrice>16.70</ItemPrice></item><item><PriceUpdateDate>2015-12-01 08:41:35</PriceUpdateDate><ItemCode>7290000574455</ItemCode><ItemType>1</ItemType><ItemName>מב לחם חיטה מלא+כוסמ</ItemName><ManufacturerName>דגנית עין בר</ManufacturerName><ManufactureCountry>לא ידוע</ManufactureCountry><ManufacturerItemDescription>מב לחם חיטה מלא+כוסמ</ManufacturerItemDescription><SoldByWeight/><Quantity>750.00</Quantity><UnitOfMeasure>גרם     </UnitOfMeasure><QtyInPackage>לא ידוע</QtyInPackage><UnitOfMeasurePrice>0.0172</UnitOfMeasurePrice><AllowDiscount>1</AllowDiscount><ItemStatus>1</ItemStatus><ItemPrice>12.90</ItemPrice></item><item><PriceUpdateDate>2015-11-12 16:44:28</PriceUpdateDate><ItemCode>7290000574509</ItemCode><ItemType>1</ItemType><ItemName>לחמניות חצויות 6 יחי</ItemName><ManufacturerName>דגנית</ManufacturerName><ManufactureCountry>ישראל</ManufactureCountry><ManufacturerItemDescription>לחמניות חצויות</ManufacturerItemDescription><SoldByWeight/><Quantity>450.00</Quantity><UnitOfMeasure>גרם     </UnitOfMeasure><QtyInPackage>לא ידוע</QtyInPackage><UnitOfMeasurePrice>0.0316</UnitOfMeasurePrice><AllowDiscount>1</AllowDiscount><ItemStatus>1</ItemStatus><ItemPrice>14.20</ItemPrice></item><item><PriceUpdateDate>2014-11-03 06:37:19</PriceUpdateDate><ItemCode>7290000574516</ItemCode><ItemType>1</ItemType><ItemName>לחמניות שיפון קלות 6</ItemName><ManufacturerName>דגנית</ManufacturerName><ManufactureCountry>ישראל</ManufactureCountry><ManufacturerItemDescription>לחמניות שיפון קלות חצויות</ManufacturerItemDescription><SoldByWeight/><Quantity>300.00</Quantity><UnitOfMeasure>גרם     </UnitOfMeasure><QtyInPackage>לא ידוע</QtyInPackage><UnitOfMeasurePrice>0.0383</UnitOfMeasurePrice><AllowDiscount>1</AllowDiscount><ItemStatus>1</ItemStatus><ItemPrice>11.50</ItemPrice></item><item><PriceUpdateDate>2016-04-11 06:58:42</PriceUpdateDate><ItemCode>7290000611136</ItemCode><ItemType>3</ItemType><ItemName>כבד עוף קפוא</ItemName><ManufacturerName>עוף טנא</ManufacturerName><ManufactureCountry>ישראל</ManufactureCountry><ManufacturerItemDescription>כבד עוף קפוא</ManufacturerItemDescription><SoldByWeight/><Quantity>1.00</Quantity><UnitOfMeasure>ק"ג</UnitOfMeasure><QtyInPackage>לא ידוע</QtyInPackage><UnitOfMeasurePrice>12.9000</UnitOfMeasurePrice><AllowDiscount>1</AllowDiscount><ItemStatus>1</ItemStatus><ItemPrice>12.90</ItemPrice></item><item><PriceUpdateDate>2016-04-11 06:58:42</PriceUpdateDate><ItemCode>7290000611174</ItemCode><ItemType>3</ItemType><ItemName>כנפיים עוף  קפוא</ItemName><ManufacturerName>לא ידוע</ManufacturerName><ManufactureCountry>ישראל</ManufactureCountry><ManufacturerItemDescription>כנפיים עוף לקג מגש קפוא</ManufacturerItemDescription><SoldByWeight/><Quantity>1.00</Quantity><UnitOfMeasure>ק"ג</UnitOfMeasure><QtyInPackage>לא ידוע</QtyInPackage><UnitOfMeasurePrice>7.9000</UnitOfMeasurePrice><AllowDiscount>1</AllowDiscount><ItemStatus>1</ItemStatus><ItemPrice>7.90</ItemPrice></item><item><PriceUpdateDate>2016-04-10 09:49:10</PriceUpdateDate><ItemCode>7290000612072</ItemCode><ItemType>3</ItemType><ItemName>שווארמה פרגיות ארוז</ItemName><ManufacturerName>עוף טנא</ManufacturerName><ManufactureCountry>ישראל</ManufactureCountry><ManufacturerItemDescription>שווארמה פרגיות ארוז</ManufacturerItemDescription><SoldByWeight/><Quantity>1.00</Quantity><UnitOfMeasure>ק"ג</UnitOfMeasure><QtyInPackage>לא ידוע</QtyInPackage><UnitOfMeasurePrice>49.9000</UnitOfMeasurePrice><AllowDiscount>1</AllowDiscount><ItemStatus>1</ItemStatus><ItemPrice>49.90</ItemPrice></item><item><PriceUpdateDate>2014-11-03 06:37:50</PriceUpdateDate><ItemCode>7290000633992</ItemCode><ItemType>3</ItemType><ItemName>גרונות עוף טרי</ItemName><ManufacturerName>תנובה בשר</ManufacturerName><ManufactureCountry>ישראל</ManufactureCountry><ManufacturerItemDescription>גרונות עוף טרי</ManufacturerItemDescription><SoldByWeight/><Quantity>1.00</Quantity><UnitOfMeasure>ק"ג</UnitOfMeasure><QtyInPackage>לא ידוע</QtyInPackage><UnitOfMeasurePrice>6.1000</UnitOfMeasurePrice><AllowDiscount>1</AllowDiscount><ItemStatus>1</ItemStatus><ItemPrice>6.10</ItemPrice></item><item><PriceUpdateDate>2015-12-27 12:18:23</PriceUpdateDate><ItemCode>7290000644783</ItemCode><ItemType>3</ItemType><ItemName>נתחי פילה סלמון קפוא</ItemName><ManufacturerName>דגי תנובה</ManufacturerName><ManufactureCountry>ישראל</ManufactureCountry><ManufacturerItemDescription>מנות סלמון בואקום לקג</ManufacturerItemDescription><SoldByWeight/><Quantity>1.00</Quantity><UnitOfMeasure>ק"ג</UnitOfMeasure><QtyInPackage>לא ידוע</QtyInPackage><UnitOfMeasurePrice>84.9000</UnitOfMeasurePrice><AllowDiscount>1</AllowDiscount><ItemStatus>1</ItemStatus><ItemPrice>84.90</ItemPrice></item><item><PriceUpdateDate>2015-12-27 12:18:24</PriceUpdateDate><ItemCode>7290000652337</ItemCode><ItemType>3</ItemType><ItemName>סטייק טונה קפוא</ItemName><ManufacturerName>דגי תנובה</ManufacturerName><ManufactureCountry>ישראל</ManufactureCountry><ManufacturerItemDescription>סטייק טונה קפוא</ManufacturerItemDescription><SoldByWeight/><Quantity>1.00</Quantity><UnitOfMeasure>ק"ג</UnitOfMeasure><QtyInPackage>לא ידוע</QtyInPackage><UnitOfMeasurePrice>36.9000</UnitOfMeasurePrice><AllowDiscount>1</AllowDiscount><ItemStatus>1</ItemStatus><ItemPrice>36.90</ItemPrice></item><item><PriceUpdateDate>2016-06-17 09:14:11</PriceUpdateDate><ItemCode>7290000653822</ItemCode><ItemType>1</ItemType><ItemName>שיפודי  פילה סלמון</ItemName><ManufacturerName>דגי תנובה</ManufacturerName><ManufactureCountry>ישראל</ManufactureCountry><ManufacturerItemDescription>מנות סלמון בואקום לקג</ManufacturerItemDescription><SoldByWeight/><Quantity>500.00</Quantity><UnitOfMeasure>גרם     </UnitOfMeasure><QtyInPackage>לא ידוע</QtyInPackage><UnitOfMeasurePrice>0.0598</UnitOfMeasurePrice><AllowDiscount>1</AllowDiscount><ItemStatus>1</ItemStatus><ItemPrice>29.90</ItemPrice></item><item><PriceUpdateDate>2014-11-03 06:36:29</PriceUpdateDate><ItemCode>7290000657912</ItemCode><ItemType>1</ItemType><ItemName>חטיפי דג הנסיכה 400</ItemName><ManufacturerName>דלידג</ManufacturerName><ManufactureCountry>ישראל</ManufactureCountry><ManufacturerItemDescription>חטיפי דג הנסיכה 400</ManufacturerItemDescription><SoldByWeight/><Quantity>400.00</Quantity><UnitOfMeasure>גרם     </UnitOfMeasure><QtyInPackage>לא ידוע</QtyInPackage><UnitOfMeasurePrice>0.0490</UnitOfMeasurePrice><AllowDiscount>1</AllowDiscount><ItemStatus>1</ItemStatus><ItemPrice>19.60</ItemPrice></item><item><PriceUpdateDate>2016-06-13 13:03:31</PriceUpdateDate><ItemCode>7290000659312</ItemCode><ItemType>3</ItemType><ItemName>פילה סלמון תנובה</ItemName><ManufacturerName>דגי תנובה</ManufacturerName><ManufactureCountry>ישראל</ManufactureCountry><ManufacturerItemDescription>פילה סלמון בואקום</ManufacturerItemDescription><SoldByWeight/><Quantity>1.00</Quantity><UnitOfMeasure>ק"ג</UnitOfMeasure><QtyInPackage>לא ידוע</QtyInPackage><UnitOfMeasurePrice>74.9000</UnitOfMeasurePrice><AllowDiscount>1</AllowDiscount><ItemStatus>1</ItemStatus><ItemPrice>74.90</ItemPrice></item><item><PriceUpdateDate>2016-05-30 22:03:36</PriceUpdateDate><ItemCode>7290000679440</ItemCode><ItemType>1</ItemType><ItemName>מב משחה לתינוק ד"ר פ</ItemName><ManufacturerName>קמיל בלו</ManufacturerName><ManufactureCountry>ישראל</ManufactureCountry><ManufacturerItemDescription>מב משחה לתינוק ד"ר פ</ManufacturerItemDescription><SoldByWeight/><Quantity>100.00</Quantity><UnitOfMeasure>מ"ל</UnitOfMeasure><QtyInPackage>לא ידוע</QtyInPackage><UnitOfMeasurePrice>0.1290</UnitOfMeasurePrice><AllowDiscount>1</AllowDiscount><ItemStatus>1</ItemStatus><ItemPrice>12.90</ItemPrice></item><item><PriceUpdateDate>2015-10-20 17:12:04</PriceUpdateDate><ItemCode>7290000688084</ItemCode><ItemType>1</ItemType><ItemName>מי עדן ספורט . 0.5 ל</ItemName><ManufacturerName>מי עדן</ManufacturerName><ManufactureCountry>ישראל</ManufactureCountry><ManufacturerItemDescription>מי עדן 1/2 ליטר ספורט</ManufacturerItemDescription><SoldByWeight/><Quantity>500.00</Quantity><UnitOfMeasure>מ"ל</UnitOfMeasure><QtyInPackage>לא ידוע</QtyInPackage><UnitOfMeasurePrice>0.0084</UnitOfMeasurePrice><AllowDiscount>1</AllowDiscount><ItemStatus>1</ItemStatus><ItemPrice>4.20</ItemPrice></item><item><PriceUpdateDate>2015-10-20 17:12:04</PriceUpdateDate><ItemCode>7290000688114</ItemCode><ItemType>1</ItemType><ItemName>מי עדן 1.5 ליטר</ItemName><ManufacturerName>מי עדן</ManufacturerName><ManufactureCountry>ישראל</ManufactureCountry><ManufacturerItemDescription>מי עדן 1.5 ליטר</ManufacturerItemDescription><SoldByWeight/><Quantity>1500.00</Quantity><UnitOfMeasure>מ"ל</UnitOfMeasure><QtyInPackage>לא ידוע</QtyInPackage><UnitOfMeasurePrice>0.0028</UnitOfMeasurePrice><AllowDiscount>1</AllowDiscount><ItemStatus>1</ItemStatus><ItemPrice>4.20</ItemPrice></item><item><PriceUpdateDate>2016-02-15 08:37:34</PriceUpdateDate><ItemCode>7290000688381</ItemCode><ItemType>1</ItemType><ItemName>מב מי עדן ספורט שישי</ItemName><ManufacturerName>מי עדן</ManufacturerName><ManufactureCountry>ישראל</ManufactureCountry><ManufacturerItemDescription>מי עדן 1/2 ליטר 1/6 אישי</ManufacturerItemDescription><SoldByWeight/><Quantity>3000.00</Quantity><UnitOfMeasure>מ"ל</UnitOfMeasure><QtyInPackage>לא ידוע</QtyInPackage><UnitOfMeasurePrice>0.0036</UnitOfMeasurePrice><AllowDiscount>1</AllowDiscount><ItemStatus>1</ItemStatus><ItemPrice>10.90</ItemPrice></item><item><PriceUpdateDate>2015-11-12 16:52:59</PriceUpdateDate><ItemCode>7290000688466</ItemCode><ItemType>1</ItemType><ItemName>מי עדן 750 מל' ספורט</ItemName><ManufacturerName>מי עדן</ManufacturerName><ManufactureCountry>ישראל</ManufactureCountry><ManufacturerItemDescription>מי עדן ספורט 750 GYM מל</ManufacturerItemDescription><SoldByWeight/><Quantity>750.00</Quantity><UnitOfMeasure>מ"ל</UnitOfMeasure><QtyInPackage>לא ידוע</QtyInPackage><UnitOfMeasurePrice>0.0071</UnitOfMeasurePrice><AllowDiscount>1</AllowDiscount><ItemStatus>1</ItemStatus><ItemPrice>5.30</ItemPrice></item><item><PriceUpdateDate>2015-10-20 17:12:04</PriceUpdateDate><ItemCode>7290000688503</ItemCode><ItemType>1</ItemType><ItemName>שישיית מי עדן 750 מ"</ItemName><ManufacturerName>מי עדן</ManufacturerName><ManufactureCountry>ישראל</ManufactureCountry><ManufacturerItemDescription>מי עדן ספורט</ManufacturerItemDescription><SoldByWeight/><Quantity>4500.00</Quantity><UnitOfMeasure>מ"ל</UnitOfMeasure><QtyInPackage>לא ידוע</QtyInPackage><UnitOfMeasurePrice>0.0048</UnitOfMeasurePrice><AllowDiscount>1</AllowDiscount><ItemStatus>1</ItemStatus><ItemPrice>21.70</ItemPrice></item><item><PriceUpdateDate>2016-05-30 22:03:36</PriceUpdateDate><ItemCode>7290000688732</ItemCode><ItemType>1</ItemType><ItemName>מי עדן שישייה 1.5 לי</ItemName><ManufacturerName>מי עדן</ManufacturerName><ManufactureCountry>ישראל</ManufactureCountry><ManufacturerItemDescription>מי עדן 1.5 ל משפחתי שישיי</ManufacturerItemDescription><SoldByWeight/><Quantity>9000.00</Quantity><UnitOfMeasure>מ"ל</UnitOfMeasure><QtyInPackage>לא ידוע</QtyInPackage><UnitOfMeasurePrice>0.0013</UnitOfMeasurePrice><AllowDiscount>1</AllowDiscount><ItemStatus>1</ItemStatus><ItemPrice>11.50</ItemPrice></item><item><PriceUpdateDate>2016-01-11 14:31:44</PriceUpdateDate><ItemCode>7290000692227</ItemCode><ItemType>1</ItemType><ItemName>נוזל כלים פלמוליב צי</ItemName><ManufacturerName>פלמוליב</ManufacturerName><ManufactureCountry>יוון</ManufactureCountry><ManufacturerItemDescription>פלמוליב לכלים   לים 1 ל'</ManufacturerItemDescription><SoldByWeight/><Quantity>1000.00</Quantity><UnitOfMeasure>מ"ל</UnitOfMeasure><QtyInPackage>לא ידוע</QtyInPackage><UnitOfMeasurePrice>0.0149</UnitOfMeasurePrice><AllowDiscount>1</AllowDiscount><ItemStatus>1</ItemStatus><ItemPrice>14.90</ItemPrice></item><item><PriceUpdateDate>2014-11-03 06:36:48</PriceUpdateDate><ItemCode>7290000692289</ItemCode><ItemType>1</ItemType><ItemName>משחת שיניים קולגייט</ItemName><ManufacturerName>קולגייט</ManufacturerName><ManufactureCountry>ישראל</ManufactureCountry><ManufacturerItemDescription>משחת שיניים קולגייט</ManufacturerItemDescription><SoldByWeight/><Quantity>150.00</Quantity><UnitOfMeasure>גרם     </UnitOfMeasure><QtyInPackage>לא ידוע</QtyInPackage><UnitOfMeasurePrice>0.1607</UnitOfMeasurePrice><AllowDiscount>1</AllowDiscount><ItemStatus>1</ItemStatus><ItemPrice>24.10</ItemPrice></item><item><PriceUpdateDate>2016-05-30 22:03:36</PriceUpdateDate><ItemCode>7290000692456</ItemCode><ItemType>1</ItemType><ItemName>אג'קס זוג לחלונות 75</ItemName><ManufacturerName>אג'קס</ManufacturerName><ManufactureCountry>ישראל</ManufactureCountry><ManufacturerItemDescription>אג'קס לחלונות   7מל</ManufacturerItemDescription><SoldByWeight/><Quantity>1500.00</Quantity><UnitOfMeasure>מ"ל</UnitOfMeasure><QtyInPackage>לא ידוע</QtyInPackage><UnitOfMeasurePrice>0.0191</UnitOfMeasurePrice><AllowDiscount>1</AllowDiscount><ItemStatus>1</ItemStatus><ItemPrice>28.70</ItemPrice></item><item><PriceUpdateDate>2016-03-16 15:40:40</PriceUpdateDate><ItemCode>7290000692937</ItemCode><ItemType>1</ItemType><ItemName>משחת שיניים קולגייט</ItemName><ManufacturerName>קולגייט</ManufacturerName><ManufactureCountry>פולין</ManufactureCountry><ManufacturerItemDescription>ואזלין טהור     גרם</ManufacturerItemDescription><SoldByWeight/><Quantity>200.00</Quantity><UnitOfMeasure>מ"ל</UnitOfMeasure><QtyInPackage>לא ידוע</QtyInPackage><UnitOfMeasurePrice>0.0995</UnitOfMeasurePrice><AllowDiscount>1</AllowDiscount><ItemStatus>1</ItemStatus><ItemPrice>19.90</ItemPrice></item><item><PriceUpdateDate>2014-11-03 06:38:38</PriceUpdateDate><ItemCode>7290000720852</ItemCode><ItemType>1</ItemType><ItemName>מגבוני פרש ואנס 320</ItemName><ManufacturerName>פרש וואנס</ManufacturerName><ManufactureCountry>ישראל</ManufactureCountry><ManufacturerItemDescription>מגבוני פרש ואנס 320</ManufacturerItemDescription><SoldByWeight/><Quantity>0.00</Quantity><UnitOfMeasure>יח'</UnitOfMeasure><QtyInPackage>לא ידוע</QtyInPackage><UnitOfMeasurePrice>0.0000</UnitOfMeasurePrice><AllowDiscount>1</AllowDiscount><ItemStatus>1</ItemStatus><ItemPrice>15.40</ItemPrice></item><item><PriceUpdateDate>2016-05-02 08:05:46</PriceUpdateDate><ItemCode>7290000804484</ItemCode><ItemType>1</ItemType><ItemName>מב מי פה אלמקס לשטיפ</ItemName><ManufacturerName>אלמקס</ManufacturerName><ManufactureCountry>ישראל</ManufactureCountry><ManufacturerItemDescription>מי פה אלמקס     קס 400מל</ManufacturerItemDescription><SoldByWeight/><Quantity>400.00</Quantity><UnitOfMeasure>מ"ל</UnitOfMeasure><QtyInPackage>לא ידוע</QtyInPackage><UnitOfMeasurePrice>0.0497</UnitOfMeasurePrice><AllowDiscount>1</AllowDiscount><ItemStatus>1</ItemStatus><ItemPrice>19.90</ItemPrice></item><item><PriceUpdateDate>2016-05-30 22:03:36</PriceUpdateDate><ItemCode>7290000805368</ItemCode><ItemType>1</ItemType><ItemName>מב בונזו גורים 3 ק"ג</ItemName><ManufacturerName>בונזו</ManufacturerName><ManufactureCountry>ישראל</ManufactureCountry><ManufacturerItemDescription>בונזו גורים 3 קג</ManufacturerItemDescription><SoldByWeight/><Quantity>3000.00</Quantity><UnitOfMeasure>גרם     </UnitOfMeasure><QtyInPackage>לא ידוע</QtyInPackage><UnitOfMeasurePrice>0.0183</UnitOfMeasurePrice><AllowDiscount>1</AllowDiscount><ItemStatus>1</ItemStatus><ItemPrice>54.90</ItemPrice></item><item><PriceUpdateDate>2016-05-30 22:03:36</PriceUpdateDate><ItemCode>7290000805924</ItemCode><ItemType>1</ItemType><ItemName>לה קט דגים 2.85 ק"ג</ItemName><ManufacturerName>לה קט</ManufacturerName><ManufactureCountry>ישראל</ManufactureCountry><ManufacturerItemDescription>לה קט דגים 2.85 ק"ג</ManufacturerItemDescription><SoldByWeight/><Quantity>2850.00</Quantity><UnitOfMeasure>גרם     </UnitOfMeasure><QtyInPackage>לא ידוע</QtyInPackage><UnitOfMeasurePrice>0.0244</UnitOfMeasurePrice><AllowDiscount>1</AllowDiscount><ItemStatus>1</ItemStatus><ItemPrice>69.40</ItemPrice></item><item><PriceUpdateDate>2015-11-12 14:31:38</PriceUpdateDate><ItemCode>7290000907970</ItemCode><ItemType>3</ItemType><ItemName>פסטרמה כפרית במשקל</ItemName><ManufacturerName>טירת צבי</ManufacturerName><ManufactureCountry>ישראל</ManufactureCountry><ManufacturerItemDescription>פסטרמה כפרית במשקל</ManufacturerItemDescription><SoldByWeight/><Quantity>1.00</Quantity><UnitOfMeasure>ק"ג</UnitOfMeasure><QtyInPackage>לא ידוע</QtyInPackage><UnitOfMeasurePrice>57.0000</UnitOfMeasurePrice><AllowDiscount>1</AllowDiscount><ItemStatus>1</ItemStatus><ItemPrice>57.00</ItemPrice></item><item><PriceUpdateDate>2016-04-07 16:45:06</PriceUpdateDate><ItemCode>7290000939995</ItemCode><ItemType>3</ItemType><ItemName>עוף טרי שלם</ItemName><ManufacturerName>לא ממותג</ManufacturerName><ManufactureCountry>ישראל</ManufactureCountry><ManufacturerItemDescription>עוף טרי שלם</ManufacturerItemDescription><SoldByWeight/><Quantity>1.00</Quantity><UnitOfMeasure>ק"ג</UnitOfMeasure><QtyInPackage>לא ידוע</QtyInPackage><UnitOfMeasurePrice>19.9000</UnitOfMeasurePrice><AllowDiscount>1</AllowDiscount><ItemStatus>1</ItemStatus><ItemPrice>19.90</ItemPrice></item><item><PriceUpdateDate>2016-03-01 06:55:01</PriceUpdateDate><ItemCode>7290000940007</ItemCode><ItemType>3</ItemType><ItemName>עוף כולל פירוק</ItemName><ManufacturerName>לא ממותג</ManufacturerName><ManufactureCountry>ישראל</ManufactureCountry><ManufacturerItemDescription>עוף כולל פירוק</ManufacturerItemDescription><SoldByWeight/><Quantity>1.00</Quantity><UnitOfMeasure>ק"ג</UnitOfMeasure><QtyInPackage>לא ידוע</QtyInPackage><UnitOfMeasurePrice>26.9000</UnitOfMeasurePrice><AllowDiscount>1</AllowDiscount><ItemStatus>1</ItemStatus><ItemPrice>26.90</ItemPrice></item><item><PriceUpdateDate>2016-04-24 08:40:37</PriceUpdateDate><ItemCode>7290000940014</ItemCode><ItemType>3</ItemType><ItemName>כרעיים עוף  טרי</ItemName><ManufacturerName>לא ממותג</ManufacturerName><ManufactureCountry>ישראל</ManufactureCountry><ManufacturerItemDescription>כרעיים עוף  טרי</ManufacturerItemDescription><SoldByWeight/><Quantity>1.00</Quantity><UnitOfMeasure>ק"ג</UnitOfMeasure><QtyInPackage>לא ידוע</QtyInPackage><UnitOfMeasurePrice>29.9000</UnitOfMeasurePrice><AllowDiscount>1</AllowDiscount><ItemStatus>1</ItemStatus><ItemPrice>29.90</ItemPrice></item><item><PriceUpdateDate>2015-08-05 09:06:13</PriceUpdateDate><ItemCode>7290000940021</ItemCode><ItemType>3</ItemType><ItemName>שוקיים טרי</ItemName><ManufacturerName>לא ממותג</ManufacturerName><ManufactureCountry>ישראל</ManufactureCountry><ManufacturerItemDescription>שוקיים טרי</ManufacturerItemDescription><SoldByWeight/><Quantity>1.00</Quantity><UnitOfMeasure>ק"ג</UnitOfMeasure><QtyInPackage>לא ידוע</QtyInPackage><UnitOfMeasurePrice>33.9000</UnitOfMeasurePrice><AllowDiscount>1</AllowDiscount><ItemStatus>1</ItemStatus><ItemPrice>33.90</ItemPrice></item><item><PriceUpdateDate>2014-11-03 06:37:50</PriceUpdateDate><ItemCode>7290000940038</ItemCode><ItemType>3</ItemType><ItemName>ירכיים עוף טרי</ItemName><ManufacturerName>לא ממותג</ManufacturerName><ManufactureCountry>ישראל</ManufactureCountry><ManufacturerItemDescription>ירכיים עוף טרי</ManufacturerItemDescription><SoldByWeight/><Quantity>1.00</Quantity><UnitOfMeasure>ק"ג</UnitOfMeasure><QtyInPackage>לא ידוע</QtyInPackage><UnitOfMeasurePrice>29.9000</UnitOfMeasurePrice><AllowDiscount>1</AllowDiscount><ItemStatus>1</ItemStatus><ItemPrice>29.90</ItemPrice></item><item><PriceUpdateDate>2015-11-23 10:20:22</PriceUpdateDate><ItemCode>7290000940045</ItemCode><ItemType>3</ItemType><ItemName>כנפיים עוף טרי</ItemName><ManufacturerName>לא ממותג</ManufacturerName><ManufactureCountry>ישראל</ManufactureCountry><ManufacturerItemDescription>כנפיים עוף טרי</ManufacturerItemDescription><SoldByWeight/><Quantity>1.00</Quantity><UnitOfMeasure>ק"ג</UnitOfMeasure><QtyInPackage>לא ידוע</QtyInPackage><UnitOfMeasurePrice>9.9000</UnitOfMeasurePrice><AllowDiscount>1</AllowDiscount><ItemStatus>1</ItemStatus><ItemPrice>9.90</ItemPrice></item><item><PriceUpdateDate>2015-12-01 08:41:36</PriceUpdateDate><ItemCode>7290000940052</ItemCode><ItemType>3</ItemType><ItemName>כבד עוף טרי לצליה</ItemName><ManufacturerName>לא ממותג</ManufacturerName><ManufactureCountry>ישראל</ManufactureCountry><ManufacturerItemDescription>כבד עוף טרי לצליה</ManufacturerItemDescription><SoldByWeight/><Quantity>1.00</Quantity><UnitOfMeasure>ק"ג</UnitOfMeasure><QtyInPackage>לא ידוע</QtyInPackage><UnitOfMeasurePrice>17.9000</UnitOfMeasurePrice><AllowDiscount>1</AllowDiscount><ItemStatus>1</ItemStatus><ItemPrice>17.90</ItemPrice></item><item><PriceUpdateDate>2014-11-03 06:37:50</PriceUpdateDate><ItemCode>7290000940069</ItemCode><ItemType>3</ItemType><ItemName>פרגיות  מעוף טרי במש</ItemName><ManufacturerName>לא ממותג</ManufacturerName><ManufactureCountry>ישראל</ManufactureCountry><ManufacturerItemDescription>פרגיות  מעוף טרי במש</ManufacturerItemDescription><SoldByWeight/><Quantity>1.00</Quantity><UnitOfMeasure>ק"ג</UnitOfMeasure><QtyInPackage>לא ידוע</QtyInPackage><UnitOfMeasurePrice>59.9000</UnitOfMeasurePrice><AllowDiscount>1</AllowDiscount><ItemStatus>1</ItemStatus><ItemPrice>59.90</ItemPrice></item><item><PriceUpdateDate>2016-04-24 08:40:37</PriceUpdateDate><ItemCode>7290000940076</ItemCode><ItemType>3</ItemType><ItemName>חזה עוף שלם טרי</ItemName><ManufacturerName>לא ממותג</ManufacturerName><ManufactureCountry>ישראל</ManufactureCountry><ManufacturerItemDescription>חזה עוף שלם טרי</ManufacturerItemDescription><SoldByWeight/><Quantity>1.00</Quantity><UnitOfMeasure>ק"ג</UnitOfMeasure><QtyInPackage>לא ידוע</QtyInPackage><UnitOfMeasurePrice>32.9000</UnitOfMeasurePrice><AllowDiscount>1</AllowDiscount><ItemStatus>1</ItemStatus><ItemPrice>32.90</ItemPrice></item><item><PriceUpdateDate>2016-04-24 08:40:37</PriceUpdateDate><ItemCode>7290000940083</ItemCode><ItemType>3</ItemType><ItemName>שניצל - חזה עוף פרוס</ItemName><ManufacturerName>לא ממותג</ManufacturerName><ManufactureCountry>ישראל</ManufactureCountry><ManufacturerItemDescription>שניצל - חזה עוף פרוס</ManufacturerItemDescription><SoldByWeight/><Quantity>1.00</Quantity><UnitOfMeasure>ק"ג</UnitOfMeasure><QtyInPackage>לא ידוע</QtyInPackage><UnitOfMeasurePrice>39.9000</UnitOfMeasurePrice><AllowDiscount>1</AllowDiscount><ItemStatus>1</ItemStatus><ItemPrice>39.90</ItemPrice></item><item><PriceUpdateDate>2014-11-03 06:37:50</PriceUpdateDate><ItemCode>7290000940106</ItemCode><ItemType>3</ItemType><ItemName>לב עוף טרי לצליה</ItemName><ManufacturerName>לא ממותג</ManufacturerName><ManufactureCountry>ישראל</ManufactureCountry><ManufacturerItemDescription>לב עוף טרי לצליה</ManufacturerItemDescription><SoldByWeight/><Quantity>1.00</Quantity><UnitOfMeasure>ק"ג</UnitOfMeasure><QtyInPackage>לא ידוע</QtyInPackage><UnitOfMeasurePrice>29.9000</UnitOfMeasurePrice><AllowDiscount>1</AllowDiscount><ItemStatus>1</ItemStatus><ItemPrice>29.90</ItemPrice></item><item><PriceUpdateDate>2016-04-24 08:40:37</PriceUpdateDate><ItemCode>7290000940953</ItemCode><ItemType>3</ItemType><ItemName>חזה הודו טרי נקבה</ItemName><ManufacturerName>לא ממותג</ManufacturerName><ManufactureCountry>ישראל</ManufactureCountry><ManufacturerItemDescription>חזה הודו טרי נקבה</ManufacturerItemDescription><SoldByWeight/><Quantity>1.00</Quantity><UnitOfMeasure>ק"ג</UnitOfMeasure><QtyInPackage>לא ידוע</QtyInPackage><UnitOfMeasurePrice>29.9000</UnitOfMeasurePrice><AllowDiscount>1</AllowDiscount><ItemStatus>1</ItemStatus><ItemPrice>29.90</ItemPrice></item><item><PriceUpdateDate>2016-04-04 08:51:59</PriceUpdateDate><ItemCode>7290000940960</ItemCode><ItemType>3</ItemType><ItemName>שווארמה הודו</ItemName><ManufacturerName>לא ממותג</ManufacturerName><ManufactureCountry>ישראל</ManufactureCountry><ManufacturerItemDescription>שווארמה הודו</ManufacturerItemDescription><SoldByWeight/><Quantity>1.00</Quantity><UnitOfMeasure>ק"ג</UnitOfMeasure><QtyInPackage>לא ידוע</QtyInPackage><UnitOfMeasurePrice>57.9000</UnitOfMeasurePrice><AllowDiscount>1</AllowDiscount><ItemStatus>1</ItemStatus><ItemPrice>57.90</ItemPrice></item><item><PriceUpdateDate>2015-07-27 21:01:29</PriceUpdateDate><ItemCode>7290000940984</ItemCode><ItemType>3</ItemType><ItemName>שוק הודו טרי</ItemName><ManufacturerName>לא ממותג</ManufacturerName><ManufactureCountry>ישראל</ManufactureCountry><ManufacturerItemDescription>שוק הודו טרי</ManufacturerItemDescription><SoldByWeight/><Quantity>1.00</Quantity><UnitOfMeasure>ק"ג</UnitOfMeasure><QtyInPackage>לא ידוע</QtyInPackage><UnitOfMeasurePrice>24.9000</UnitOfMeasurePrice><AllowDiscount>1</AllowDiscount><ItemStatus>1</ItemStatus><ItemPrice>24.90</ItemPrice></item><item><PriceUpdateDate>2016-04-04 08:51:59</PriceUpdateDate><ItemCode>7290000941004</ItemCode><ItemType>3</ItemType><ItemName>גרון הודו טרי</ItemName><ManufacturerName>לא ממותג</ManufacturerName><ManufactureCountry>ישראל</ManufactureCountry><ManufacturerItemDescription>גרון הודו טרי</ManufacturerItemDescription><SoldByWeight/><Quantity>1.00</Quantity><UnitOfMeasure>ק"ג</UnitOfMeasure><QtyInPackage>לא ידוע</QtyInPackage><UnitOfMeasurePrice>24.9000</UnitOfMeasurePrice><AllowDiscount>1</AllowDiscount><ItemStatus>1</ItemStatus><ItemPrice>24.90</ItemPrice></item><item><PriceUpdateDate>2016-04-04 08:51:59</PriceUpdateDate><ItemCode>7290000941011</ItemCode><ItemType>3</ItemType><ItemName>כנפיים הודו טרי</ItemName><ManufacturerName>לא ממותג</ManufacturerName><ManufactureCountry>ישראל</ManufactureCountry><ManufacturerItemDescription>כנפיים הודו טרי</ManufacturerItemDescription><SoldByWeight/><Quantity>1.00</Quantity><UnitOfMeasure>ק"ג</UnitOfMeasure><QtyInPackage>לא ידוע</QtyInPackage><UnitOfMeasurePrice>14.9000</UnitOfMeasurePrice><AllowDiscount>1</AllowDiscount><ItemStatus>1</ItemStatus><ItemPrice>14.90</ItemPrice></item><item><PriceUpdateDate>2016-05-30 22:03:36</PriceUpdateDate><ItemCode>7290001012123</ItemCode><ItemType>1</ItemType><ItemName>מגבוני פרש וואנס קיי</ItemName><ManufacturerName>פרש וואנס</ManufacturerName><ManufactureCountry>ישראל</ManufactureCountry><ManufacturerItemDescription>פרש וואנס מגבונים רביעיה</ManufacturerItemDescription><SoldByWeight/><Quantity>1.00</Quantity><UnitOfMeasure>יח'</UnitOfMeasure><QtyInPackage>לא ידוע</QtyInPackage><UnitOfMeasurePrice>18.7000</UnitOfMeasurePrice><AllowDiscount>1</AllowDiscount><ItemStatus>1</ItemStatus><ItemPrice>18.70</ItemPrice></item><item><PriceUpdateDate>2015-10-21 13:53:41</PriceUpdateDate><ItemCode>7290001041017</ItemCode><ItemType>1</ItemType><ItemName>חוואיג" תימני 50 גרם</ItemName><ManufacturerName>מיה</ManufacturerName><ManufactureCountry>ישראל</ManufactureCountry><ManufacturerItemDescription>חוואיג" תימני 50 גרם</ManufacturerItemDescription><SoldByWeight/><Quantity>50.00</Quantity><UnitOfMeasure>גרם     </UnitOfMeasure><QtyInPackage>לא ידוע</QtyInPackage><UnitOfMeasurePrice>0.1540</UnitOfMeasurePrice><AllowDiscount>1</AllowDiscount><ItemStatus>1</ItemStatus><ItemPrice>7.70</ItemPrice></item><item><PriceUpdateDate>2015-10-21 13:53:41</PriceUpdateDate><ItemCode>7290001041048</ItemCode><ItemType>1</ItemType><ItemName>על האש מיה 50 גרם</ItemName><ManufacturerName>מיה</ManufacturerName><ManufactureCountry>ישראל</ManufactureCountry><ManufacturerItemDescription>על האש מיה 50 גרם</ManufacturerItemDescription><SoldByWeight/><Quantity>50.00</Quantity><UnitOfMeasure>גרם     </UnitOfMeasure><QtyInPackage>לא ידוע</QtyInPackage><UnitOfMeasurePrice>0.1540</UnitOfMeasurePrice><AllowDiscount>1</AllowDiscount><ItemStatus>1</ItemStatus><ItemPrice>7.70</ItemPrice></item><item><PriceUpdateDate>2016-05-30 22:03:36</PriceUpdateDate><ItemCode>7290001041161</ItemCode><ItemType>1</ItemType><ItemName>שעועית לבנה 1 ק"ג</ItemName><ManufacturerName>מיה</ManufacturerName><ManufactureCountry>ישראל</ManufactureCountry><ManufacturerItemDescription>שעועית לבנה 1 ק"ג</ManufacturerItemDescription><SoldByWeight/><Quantity>1000.00</Quantity><UnitOfMeasure>גרם     </UnitOfMeasure><QtyInPackage>לא ידוע</QtyInPackage><UnitOfMeasurePrice>0.0204</UnitOfMeasurePrice><AllowDiscount>1</AllowDiscount><ItemStatus>1</ItemStatus><ItemPrice>20.40</ItemPrice></item><item><PriceUpdateDate>2016-03-29 13:00:29</PriceUpdateDate><ItemCode>7290001041291</ItemCode><ItemType>1</ItemType><ItemName>סוכריה על מקל 75 י''</ItemName><ManufacturerName>מיה</ManufacturerName><ManufactureCountry>ישראל</ManufactureCountry><ManufacturerItemDescription>סוכריה על מקל 75 י''</ManufacturerItemDescription><SoldByWeight/><Quantity>600.00</Quantity><UnitOfMeasure>גרם     </UnitOfMeasure><QtyInPackage>לא ידוע</QtyInPackage><UnitOfMeasurePrice>0.0358</UnitOfMeasurePrice><AllowDiscount>1</AllowDiscount><ItemStatus>1</ItemStatus><ItemPrice>21.50</ItemPrice></item><item><PriceUpdateDate>2015-10-21 13:53:41</PriceUpdateDate><ItemCode>7290001041482</ItemCode><ItemType>1</ItemType><ItemName>זנגוויל 50 גרם</ItemName><ManufacturerName>מיה</ManufacturerName><ManufactureCountry>ישראל</ManufactureCountry><ManufacturerItemDescription>זנגוויל 50 גרם</ManufacturerItemDescription><SoldByWeight/><Quantity>50.00</Quantity><UnitOfMeasure>גרם     </UnitOfMeasure><QtyInPackage>לא ידוע</QtyInPackage><UnitOfMeasurePrice>0.1540</UnitOfMeasurePrice><AllowDiscount>1</AllowDiscount><ItemStatus>1</ItemStatus><ItemPrice>7.70</ItemPrice></item><item><PriceUpdateDate>2014-11-03 06:37:33</PriceUpdateDate><ItemCode>7290001041895</ItemCode><ItemType>1</ItemType><ItemName>פלפל שחור מיה 300 גר</ItemName><ManufacturerName>מיה</ManufacturerName><ManufactureCountry>ישראל</ManufactureCountry><ManufacturerItemDescription>פלפל שחור מיה 300 גר</ManufacturerItemDescription><SoldByWeight/><Quantity>300.00</Quantity><UnitOfMeasure>גרם     </UnitOfMeasure><QtyInPackage>לא ידוע</QtyInPackage><UnitOfMeasurePrice>0.1223</UnitOfMeasurePrice><AllowDiscount>1</AllowDiscount><ItemStatus>1</ItemStatus><ItemPrice>36.70</ItemPrice></item><item><PriceUpdateDate>2016-03-29 13:00:29</PriceUpdateDate><ItemCode>7290001045169</ItemCode><ItemType>1</ItemType><ItemName>מיץ סחוט תפוחים 1 לי</ItemName><ManufacturerName>פרימור</ManufacturerName><ManufactureCountry>ישראל</ManufactureCountry><ManufacturerItemDescription>מיץ תפוחים צלול 1 ל</ManufacturerItemDescription><SoldByWeight/><Quantity>1000.00</Quantity><UnitOfMeasure>מ"ל</UnitOfMeasure><QtyInPackage>לא ידוע</QtyInPackage><UnitOfMeasurePrice>0.0152</UnitOfMeasurePrice><AllowDiscount>1</AllowDiscount><ItemStatus>1</ItemStatus><ItemPrice>15.20</ItemPrice></item><item><PriceUpdateDate>2016-06-13 13:03:31</PriceUpdateDate><ItemCode>7290001045220</ItemCode><ItemType>1</ItemType><ItemName>פרימור סחוט תפוזים 2</ItemName><ManufacturerName>פרימור</ManufacturerName><ManufactureCountry>ישראל</ManufactureCountry><ManufacturerItemDescription>מיץ תפוזים סחוט2 ל</ManufacturerItemDescription><SoldByWeight/><Quantity>2000.00</Quantity><UnitOfMeasure>מ"ל</UnitOfMeasure><QtyInPackage>לא ידוע</QtyInPackage><UnitOfMeasurePrice>0.0124</UnitOfMeasurePrice><AllowDiscount>1</AllowDiscount><ItemStatus>1</ItemStatus><ItemPrice>24.90</ItemPrice></item><item><PriceUpdateDate>2016-06-13 13:03:31</PriceUpdateDate><ItemCode>7290001045237</ItemCode><ItemType>1</ItemType><ItemName>פרימור סחוט לימונענע</ItemName><ManufacturerName>פרימור</ManufacturerName><ManufactureCountry>ישראל</ManufactureCountry><ManufacturerItemDescription>מיץ לימון עם נענע 2 ל</ManufacturerItemDescription><SoldByWeight/><Quantity>2000.00</Quantity><UnitOfMeasure>מ"ל</UnitOfMeasure><QtyInPackage>לא ידוע</QtyInPackage><UnitOfMeasurePrice>0.0124</UnitOfMeasurePrice><AllowDiscount>1</AllowDiscount><ItemStatus>1</ItemStatus><ItemPrice>24.90</ItemPrice></item><item><PriceUpdateDate>2016-06-13 13:03:31</PriceUpdateDate><ItemCode>7290001045763</ItemCode><ItemType>1</ItemType><ItemName>פרימור סחוט תפוחים צ</ItemName><ManufacturerName>פרימור</ManufacturerName><ManufactureCountry>ישראל</ManufactureCountry><ManufacturerItemDescription>מיץ תפוחים צלול 2 ליטר</ManufacturerItemDescription><SoldByWeight/><Quantity>2000.00</Quantity><UnitOfMeasure>מ"ל</UnitOfMeasure><QtyInPackage>לא ידוע</QtyInPackage><UnitOfMeasurePrice>0.0124</UnitOfMeasurePrice><AllowDiscount>1</AllowDiscount><ItemStatus>1</ItemStatus><ItemPrice>24.90</ItemPrice></item><item><PriceUpdateDate>2016-04-06 07:12:03</PriceUpdateDate><ItemCode>7290001072158</ItemCode><ItemType>1</ItemType><ItemName>אל סבון נוזלי 1 ליטר</ItemName><ManufacturerName>"המותג"</ManufacturerName><ManufactureCountry>לא ידוע</ManufactureCountry><ManufacturerItemDescription>אל סבון נוזלי 1 ליטר</ManufacturerItemDescription><SoldByWeight/><Quantity>1000.00</Quantity><UnitOfMeasure>מ"ל</UnitOfMeasure><QtyInPackage>לא ידוע</QtyInPackage><UnitOfMeasurePrice>0.0099</UnitOfMeasurePrice><AllowDiscount>1</AllowDiscount><ItemStatus>1</ItemStatus><ItemPrice>9.90</ItemPrice></item><item><PriceUpdateDate>2016-04-06 07:12:03</PriceUpdateDate><ItemCode>7290001072165</ItemCode><ItemType>1</ItemType><ItemName>אל סבון נוזלי 1 ליטר</ItemName><ManufacturerName>"המותג"</ManufacturerName><ManufactureCountry>לא ידוע</ManufactureCountry><ManufacturerItemDescription>אל סבון נוזלי 1 ליטר</ManufacturerItemDescription><SoldByWeight/><Quantity>1000.00</Quantity><UnitOfMeasure>מ"ל</UnitOfMeasure><QtyInPackage>לא ידוע</QtyInPackage><UnitOfMeasurePrice>0.0099</UnitOfMeasurePrice><AllowDiscount>1</AllowDiscount><ItemStatus>1</ItemStatus><ItemPrice>9.90</ItemPrice></item><item><PriceUpdateDate>2015-11-12 17:19:32</PriceUpdateDate><ItemCode>7290001121023</ItemCode><ItemType>3</ItemType><ItemName>פסטרמה של פעם במשקל</ItemName><ManufacturerName>יחיעם</ManufacturerName><ManufactureCountry>ישראל</ManufactureCountry><ManufacturerItemDescription>פסטרמה של פעם במשקל</ManufacturerItemDescription><SoldByWeight/><Quantity>1.00</Quantity><UnitOfMeasure>ק"ג</UnitOfMeasure><QtyInPackage>לא ידוע</QtyInPackage><UnitOfMeasurePrice>81.0000</UnitOfMeasurePrice><AllowDiscount>1</AllowDiscount><ItemStatus>1</ItemStatus><ItemPrice>81.00</ItemPrice></item><item><PriceUpdateDate>2016-06-01 06:29:32</PriceUpdateDate><ItemCode>7290001121672</ItemCode><ItemType>1</ItemType><ItemName>מב פסטרמה מעודנת בפפ</ItemName><ManufacturerName>יחיעם</ManufacturerName><ManufactureCountry>ישראל</ManufactureCountry><ManufacturerItemDescription>מב פסטרמה מעודנת בפפ</ManufacturerItemDescription><SoldByWeight/><Quantity>300.00</Quantity><UnitOfMeasure>גרם     </UnitOfMeasure><QtyInPackage>לא ידוע</QtyInPackage><UnitOfMeasurePrice>0.0663</UnitOfMeasurePrice><AllowDiscount>1</AllowDiscount><ItemStatus>1</ItemStatus><ItemPrice>19.90</ItemPrice></item><item><PriceUpdateDate>2016-05-30 22:03:37</PriceUpdateDate><ItemCode>7290001121788</ItemCode><ItemType>1</ItemType><ItemName>נקניקיות עוף טבעיות</ItemName><ManufacturerName>יחיעם</ManufacturerName><ManufactureCountry>ישראל</ManufactureCountry><ManufacturerItemDescription>נקניקיות עוף טבעיות</ManufacturerItemDescription><SoldByWeight/><Quantity>400.00</Quantity><UnitOfMeasure>גרם     </UnitOfMeasure><QtyInPackage>לא ידוע</QtyInPackage><UnitOfMeasurePrice>0.0398</UnitOfMeasurePrice><AllowDiscount>1</AllowDiscount><ItemStatus>1</ItemStatus><ItemPrice>15.90</ItemPrice></item><item><PriceUpdateDate>2016-03-01 06:43:12</PriceUpdateDate><ItemCode>7290001121849</ItemCode><ItemType>1</ItemType><ItemName>מב פסטרמה הודו 100%</ItemName><ManufacturerName>יחיעם</ManufacturerName><ManufactureCountry>ישראל</ManufactureCountry><ManufacturerItemDescription>מב פסטרמה הודו 100%</ManufacturerItemDescription><SoldByWeight/><Quantity>250.00</Quantity><UnitOfMeasure>גרם     </UnitOfMeasure><QtyInPackage>לא ידוע</QtyInPackage><UnitOfMeasurePrice>0.0996</UnitOfMeasurePrice><AllowDiscount>1</AllowDiscount><ItemStatus>1</ItemStatus><ItemPrice>24.90</ItemPrice></item><item><PriceUpdateDate>2016-06-01 06:51:33</PriceUpdateDate><ItemCode>7290001121979</ItemCode><ItemType>1</ItemType><ItemName>מב סלמי הרץ  יחיעם 1</ItemName><ManufacturerName>לא ממותג</ManufacturerName><ManufactureCountry>ישראל</ManufactureCountry><ManufacturerItemDescription>סלמי הרץ 150 גר</ManufacturerItemDescription><SoldByWeight/><Quantity>150.00</Quantity><UnitOfMeasure>גרם     </UnitOfMeasure><QtyInPackage>לא ידוע</QtyInPackage><UnitOfMeasurePrice>0.1327</UnitOfMeasurePrice><AllowDiscount>1</AllowDiscount><ItemStatus>1</ItemStatus><ItemPrice>19.90</ItemPrice></item><item><PriceUpdateDate>2016-05-30 22:03:37</PriceUpdateDate><ItemCode>7290001124536</ItemCode><ItemType>1</ItemType><ItemName>מג'יק ארוחת אטריות ט</ItemName><ManufacturerName>מג'יק</ManufacturerName><ManufactureCountry>ישראל</ManufactureCountry><ManufacturerItemDescription>תבשילמגיק בכוס אטריות+תיר</ManufacturerItemDescription><SoldByWeight/><Quantity>14.00</Quantity><UnitOfMeasure>גרם     </UnitOfMeasure><QtyInPackage>לא ידוע</QtyInPackage><UnitOfMeasurePrice>0.4857</UnitOfMeasurePrice><AllowDiscount>1</AllowDiscount><ItemStatus>1</ItemStatus><ItemPrice>6.80</ItemPrice></item><item><PriceUpdateDate>2015-11-12 18:17:44</PriceUpdateDate><ItemCode>7290001124611</ItemCode><ItemType>1</ItemType><ItemName>שומן כבש 200 גרם</ItemName><ManufacturerName>טיבון ויל</ManufacturerName><ManufactureCountry>ישראל</ManufactureCountry><ManufacturerItemDescription>שומן כבש 200 גרם</ManufacturerItemDescription><SoldByWeight/><Quantity>1000.00</Quantity><UnitOfMeasure>קג</UnitOfMeasure><QtyInPackage>לא ידוע</QtyInPackage><UnitOfMeasurePrice>0.0242</UnitOfMeasurePrice><AllowDiscount>1</AllowDiscount><ItemStatus>1</ItemStatus><ItemPrice>24.20</ItemPrice></item><item><PriceUpdateDate>2016-05-01 21:46:37</PriceUpdateDate><ItemCode>7290001136287</ItemCode><ItemType>1</ItemType><ItemName>מב שמפו נקה-7 רגיל 7</ItemName><ManufacturerName>נקה 7</ManufacturerName><ManufactureCountry>ישראל</ManufactureCountry><ManufacturerItemDescription>מב שמפו נקה-7 רגיל 7</ManufacturerItemDescription><SoldByWeight/><Quantity>750.00</Quantity><UnitOfMeasure>מ"ל</UnitOfMeasure><QtyInPackage>לא ידוע</QtyInPackage><UnitOfMeasurePrice>0.0145</UnitOfMeasurePrice><AllowDiscount>0</AllowDiscount><ItemStatus>1</ItemStatus><ItemPrice>10.90</ItemPrice></item><item><PriceUpdateDate>2016-05-01 21:46:37</PriceUpdateDate><ItemCode>7290001136300</ItemCode><ItemType>1</ItemType><ItemName>מב שמפו נקה-7 לסרוק</ItemName><ManufacturerName>נקה 7</ManufacturerName><ManufactureCountry>ישראל</ManufactureCountry><ManufacturerItemDescription>מב שמפו נקה-7 לסרוק</ManufacturerItemDescription><SoldByWeight/><Quantity>750.00</Quantity><UnitOfMeasure>מ"ל</UnitOfMeasure><QtyInPackage>לא ידוע</QtyInPackage><UnitOfMeasurePrice>0.0145</UnitOfMeasurePrice><AllowDiscount>0</AllowDiscount><ItemStatus>1</ItemStatus><ItemPrice>10.90</ItemPrice></item><item><PriceUpdateDate>2016-05-01 21:46:37</PriceUpdateDate><ItemCode>7290001136683</ItemCode><ItemType>1</ItemType><ItemName>מב מרכך נקה-7 רגיל י</ItemName><ManufacturerName>נקה 7</ManufacturerName><ManufactureCountry>ישראל</ManufactureCountry><ManufacturerItemDescription>מב מרכך נקה-7 רגיל י</ManufacturerItemDescription><SoldByWeight/><Quantity>750.00</Quantity><UnitOfMeasure>מ"ל</UnitOfMeasure><QtyInPackage>לא ידוע</QtyInPackage><UnitOfMeasurePrice>0.0145</UnitOfMeasurePrice><AllowDiscount>0</AllowDiscount><ItemStatus>1</ItemStatus><ItemPrice>10.90</ItemPrice></item><item><PriceUpdateDate>2016-05-01 21:46:37</PriceUpdateDate><ItemCode>7290001136799</ItemCode><ItemType>1</ItemType><ItemName>סבון נוזלי נקה-7 ארו</ItemName><ManufacturerName>נקה 7</ManufacturerName><ManufactureCountry>ישראל</ManufactureCountry><ManufacturerItemDescription>סבון נוזלי נקה-7 ארו</ManufacturerItemDescription><SoldByWeight/><Quantity>1000.00</Quantity><UnitOfMeasure>מ"ל</UnitOfMeasure><QtyInPackage>לא ידוע</QtyInPackage><UnitOfMeasurePrice>0.0159</UnitOfMeasurePrice><AllowDiscount>1</AllowDiscount><ItemStatus>1</ItemStatus><ItemPrice>15.90</ItemPrice></item><item><PriceUpdateDate>2016-05-10 10:57:56</PriceUpdateDate><ItemCode>7290001230331</ItemCode><ItemType>1</ItemType><ItemName>ס.כאמל בוקס בודד</ItemName><ManufacturerName>קאמל</ManufacturerName><ManufactureCountry>ישראל</ManufactureCountry><ManufacturerItemDescription>ס.כאמל בוקס בודד</ManufacturerItemDescription><SoldByWeight/><Quantity>0.00</Quantity><UnitOfMeasure>יח'</UnitOfMeasure><QtyInPackage>לא ידוע</QtyInPackage><UnitOfMeasurePrice>0.0000</UnitOfMeasurePrice><AllowDiscount>1</AllowDiscount><ItemStatus>1</ItemStatus><ItemPrice>32.00</ItemPrice></item><item><PriceUpdateDate>2016-05-10 10:57:56</PriceUpdateDate><ItemCode>7290001231932</ItemCode><ItemType>1</ItemType><ItemName>ס.וינסטון לייט בודד</ItemName><ManufacturerName>וינסטון</ManufacturerName><ManufactureCountry>ישראל</ManufactureCountry><ManufacturerItemDescription>ס.וינסטון לייט בודד</ManufacturerItemDescription><SoldByWeight/><Quantity>0.00</Quantity><UnitOfMeasure>יח'</UnitOfMeasure><QtyInPackage>לא ידוע</QtyInPackage><UnitOfMeasurePrice>0.0000</UnitOfMeasurePrice><AllowDiscount>1</AllowDiscount><ItemStatus>1</ItemStatus><ItemPrice>32.00</ItemPrice></item><item><PriceUpdateDate>2014-11-03 06:37:50</PriceUpdateDate><ItemCode>7290001244623</ItemCode><ItemType>3</ItemType><ItemName>שוק הודו טחון טרי</ItemName><ManufacturerName>לא ממותג</ManufacturerName><ManufactureCountry>ישראל</ManufactureCountry><ManufacturerItemDescription>שוק הודו טחון טרי</ManufacturerItemDescription><SoldByWeight/><Quantity>1.00</Quantity><UnitOfMeasure>ק"ג</UnitOfMeasure><QtyInPackage>לא ידוע</QtyInPackage><UnitOfMeasurePrice>47.1000</UnitOfMeasurePrice><AllowDiscount>1</AllowDiscount><ItemStatus>1</ItemStatus><ItemPrice>47.10</ItemPrice></item><item><PriceUpdateDate>2016-05-30 22:03:38</PriceUpdateDate><ItemCode>7290001247006</ItemCode><ItemType>1</ItemType><ItemName>קריסטל קולה 2 ליטר</ItemName><ManufacturerName>קריסטל משק"ל</ManufacturerName><ManufactureCountry>ישראל</ManufactureCountry><ManufacturerItemDescription>קריסטל קולה 2 ליטר</ManufacturerItemDescription><SoldByWeight/><Quantity>2000.00</Quantity><UnitOfMeasure>מ"ל</UnitOfMeasure><QtyInPackage>לא ידוע</QtyInPackage><UnitOfMeasurePrice>0.0019</UnitOfMeasurePrice><AllowDiscount>0</AllowDiscount><ItemStatus>1</ItemStatus><ItemPrice>3.70</ItemPrice></item><item><PriceUpdateDate>2016-05-30 22:03:38</PriceUpdateDate><ItemCode>7290001247020</ItemCode><ItemType>1</ItemType><ItemName>קריסטל אורנג' 2 ליטר</ItemName><ManufacturerName>קריסטל אורנג</ManufacturerName><ManufactureCountry>ישראל</ManufactureCountry><ManufacturerItemDescription>קריסטל אורנג' 2 ליטר</ManufacturerItemDescription><SoldByWeight/><Quantity>2000.00</Quantity><UnitOfMeasure>מ"ל</UnitOfMeasure><QtyInPackage>לא ידוע</QtyInPackage><UnitOfMeasurePrice>0.0019</UnitOfMeasurePrice><AllowDiscount>0</AllowDiscount><ItemStatus>1</ItemStatus><ItemPrice>3.70</ItemPrice></item><item><PriceUpdateDate>2016-05-30 22:03:38</PriceUpdateDate><ItemCode>7290001247037</ItemCode><ItemType>1</ItemType><ItemName>קריסטל מנטה 2 ליטר</ItemName><ManufacturerName>קריסטל משק"ל</ManufacturerName><ManufactureCountry>ישראל</ManufactureCountry><ManufacturerItemDescription>קריסטל מנטה 2 ליטר</ManufacturerItemDescription><SoldByWeight/><Quantity>2000.00</Quantity><UnitOfMeasure>מ"ל</UnitOfMeasure><QtyInPackage>לא ידוע</QtyInPackage><UnitOfMeasurePrice>0.0019</UnitOfMeasurePrice><AllowDiscount>0</AllowDiscount><ItemStatus>1</ItemStatus><ItemPrice>3.70</ItemPrice></item><item><PriceUpdateDate>2016-05-30 22:03:38</PriceUpdateDate><ItemCode>7290001247044</ItemCode><ItemType>1</ItemType><ItemName>קריסטל תות מוגז 2 לי</ItemName><ManufacturerName>קריסטל תות</ManufacturerName><ManufactureCountry>ישראל</ManufactureCountry><ManufacturerItemDescription>קריסטל תות מוגז 2 לי</ManufacturerItemDescription><SoldByWeight/><Quantity>2000.00</Quantity><UnitOfMeasure>מ"ל</UnitOfMeasure><QtyInPackage>לא ידוע</QtyInPackage><UnitOfMeasurePrice>0.0019</UnitOfMeasurePrice><AllowDiscount>0</AllowDiscount><ItemStatus>1</ItemStatus><ItemPrice>3.70</ItemPrice></item><item><PriceUpdateDate>2016-05-30 22:03:38</PriceUpdateDate><ItemCode>7290001247051</ItemCode><ItemType>1</ItemType><ItemName>קריסטל למון ליים 2 ל</ItemName><ManufacturerName>קריסטל למון ליים</ManufacturerName><ManufactureCountry>ישראל</ManufactureCountry><ManufacturerItemDescription>קריסטל למון ליים 2 ל</ManufacturerItemDescription><SoldByWeight/><Quantity>2000.00</Quantity><UnitOfMeasure>מ"ל</UnitOfMeasure><QtyInPackage>לא ידוע</QtyInPackage><UnitOfMeasurePrice>0.0019</UnitOfMeasurePrice><AllowDiscount>0</AllowDiscount><ItemStatus>1</ItemStatus><ItemPrice>3.70</ItemPrice></item><item><PriceUpdateDate>2016-05-01 21:46:37</PriceUpdateDate><ItemCode>7290001247068</ItemCode><ItemType>1</ItemType><ItemName>נקטר ספרינג תות בננה</ItemName><ManufacturerName>ספרינג</ManufacturerName><ManufactureCountry>ישראל</ManufactureCountry><ManufacturerItemDescription>ספרינג נקטר תות בננה 1 לק</ManufacturerItemDescription><SoldByWeight/><Quantity>1000.00</Quantity><UnitOfMeasure>מ"ל</UnitOfMeasure><QtyInPackage>לא ידוע</QtyInPackage><UnitOfMeasurePrice>0.0067</UnitOfMeasurePrice><AllowDiscount>1</AllowDiscount><ItemStatus>1</ItemStatus><ItemPrice>6.70</ItemPrice></item><item><PriceUpdateDate>2016-05-01 21:46:38</PriceUpdateDate><ItemCode>7290001247082</ItemCode><ItemType>1</ItemType><ItemName>נקטר ספרינג עגבניות</ItemName><ManufacturerName>ספרינג</ManufacturerName><ManufactureCountry>ישראל</ManufactureCountry><ManufacturerItemDescription>ספרינג נקטר עגבניות 1 ל-ק</ManufacturerItemDescription><SoldByWeight/><Quantity>1000.00</Quantity><UnitOfMeasure>מ"ל</UnitOfMeasure><QtyInPackage>לא ידוע</QtyInPackage><UnitOfMeasurePrice>0.0067</UnitOfMeasurePrice><AllowDiscount>1</AllowDiscount><ItemStatus>1</ItemStatus><ItemPrice>6.70</ItemPrice></item><item><PriceUpdateDate>2016-05-01 21:46:38</PriceUpdateDate><ItemCode>7290001247099</ItemCode><ItemType>1</ItemType><ItemName>נקטר ספרינג מנגו קרט</ItemName><ManufacturerName>ספרינג</ManufacturerName><ManufactureCountry>ישראל</ManufactureCountry><ManufacturerItemDescription>ספרינג נקטר מנגו 1 ל -קרט</ManufacturerItemDescription><SoldByWeight/><Quantity>1000.00</Quantity><UnitOfMeasure>מ"ל</UnitOfMeasure><QtyInPackage>לא ידוע</QtyInPackage><UnitOfMeasurePrice>0.0067</UnitOfMeasurePrice><AllowDiscount>1</AllowDiscount><ItemStatus>1</ItemStatus><ItemPrice>6.70</ItemPrice></item><item><PriceUpdateDate>2016-05-01 21:46:38</PriceUpdateDate><ItemCode>7290001247105</ItemCode><ItemType>1</ItemType><ItemName>נקטר ספרינג אפרסק קר</ItemName><ManufacturerName>ספרינג</ManufacturerName><ManufactureCountry>ישראל</ManufactureCountry><ManufacturerItemDescription>ספרינג נקטר אפרסק 1 ל-קרט</ManufacturerItemDescription><SoldByWeight/><Quantity>1000.00</Quantity><UnitOfMeasure>מ"ל</UnitOfMeasure><QtyInPackage>לא ידוע</QtyInPackage><UnitOfMeasurePrice>0.0067</UnitOfMeasurePrice><AllowDiscount>1</AllowDiscount><ItemStatus>1</ItemStatus><ItemPrice>6.70</ItemPrice></item><item><PriceUpdateDate>2016-05-01 21:46:38</PriceUpdateDate><ItemCode>7290001247112</ItemCode><ItemType>1</ItemType><ItemName>נקטר ספרינג לימונים</ItemName><ManufacturerName>ספרינג</ManufacturerName><ManufactureCountry>ישראל</ManufactureCountry><ManufacturerItemDescription>ספרינג נקטר לימונים 1 ל-ק</ManufacturerItemDescription><SoldByWeight/><Quantity>1000.00</Quantity><UnitOfMeasure>מ"ל</UnitOfMeasure><QtyInPackage>לא ידוע</QtyInPackage><UnitOfMeasurePrice>0.0067</UnitOfMeasurePrice><AllowDiscount>1</AllowDiscount><ItemStatus>1</ItemStatus><ItemPrice>6.70</ItemPrice></item><item><PriceUpdateDate>2016-05-01 21:46:38</PriceUpdateDate><ItemCode>7290001247129</ItemCode><ItemType>1</ItemType><ItemName>נקטר ספרינג תפוזים ק</ItemName><ManufacturerName>ספרינג</ManufacturerName><ManufactureCountry>ישראל</ManufactureCountry><ManufacturerItemDescription>ספרינג נקטר תפוזים 1 ל-קר</ManufacturerItemDescription><SoldByWeight/><Quantity>1000.00</Quantity><UnitOfMeasure>מ"ל</UnitOfMeasure><QtyInPackage>לא ידוע</QtyInPackage><UnitOfMeasurePrice>0.0067</UnitOfMeasurePrice><AllowDiscount>1</AllowDiscount><ItemStatus>1</ItemStatus><ItemPrice>6.70</ItemPrice></item><item><PriceUpdateDate>2016-05-01 21:46:38</PriceUpdateDate><ItemCode>7290001247143</ItemCode><ItemType>1</ItemType><ItemName>נקטר ספרינג תפוחים ק</ItemName><ManufacturerName>ספרינג</ManufacturerName><ManufactureCountry>ישראל</ManufactureCountry><ManufacturerItemDescription>ספרינג נקטר תפוחים 1 ל קר</ManufacturerItemDescription><SoldByWeight/><Quantity>1000.00</Quantity><UnitOfMeasure>מ"ל</UnitOfMeasure><QtyInPackage>לא ידוע</QtyInPackage><UnitOfMeasurePrice>0.0067</UnitOfMeasurePrice><AllowDiscount>1</AllowDiscount><ItemStatus>1</ItemStatus><ItemPrice>6.70</ItemPrice></item><item><PriceUpdateDate>2016-05-30 22:03:38</PriceUpdateDate><ItemCode>7290001247211</ItemCode><ItemType>1</ItemType><ItemName>קריסטל ענבים מוגז 2</ItemName><ManufacturerName>קריסטל ענבים</ManufacturerName><ManufactureCountry>ישראל</ManufactureCountry><ManufacturerItemDescription>קריסטל ענבים מוגז 2</ManufacturerItemDescription><SoldByWeight/><Quantity>2000.00</Quantity><UnitOfMeasure>מ"ל</UnitOfMeasure><QtyInPackage>לא ידוע</QtyInPackage><UnitOfMeasurePrice>0.0019</UnitOfMeasurePrice><AllowDiscount>0</AllowDiscount><ItemStatus>1</ItemStatus><ItemPrice>3.70</ItemPrice></item><item><PriceUpdateDate>2016-03-01 06:49:05</PriceUpdateDate><ItemCode>7290001247952</ItemCode><ItemType>1</ItemType><ItemName>ענבינה. 1.5 ליטר</ItemName><ManufacturerName>תפוזינה</ManufacturerName><ManufactureCountry>ישראל</ManufactureCountry><ManufacturerItemDescription>תפוזינה ענבים 1.5 ליטר</ManufacturerItemDescription><SoldByWeight/><Quantity>1500.00</Quantity><UnitOfMeasure>מ"ל</UnitOfMeasure><QtyInPackage>לא ידוע</QtyInPackage><UnitOfMeasurePrice>0.0050</UnitOfMeasurePrice><AllowDiscount>1</AllowDiscount><ItemStatus>1</ItemStatus><ItemPrice>7.50</ItemPrice></item><item><PriceUpdateDate>2015-12-22 09:40:12</PriceUpdateDate><ItemCode>7290001258101</ItemCode><ItemType>3</ItemType><ItemName>גבינת גאודה במשקל יע</ItemName><ManufacturerName>משק יעקבס</ManufacturerName><ManufactureCountry>ישראל</ManufactureCountry><ManufacturerItemDescription>גבינת גאודה במשקל יע</ManufacturerItemDescription><SoldByWeight/><Quantity>1.00</Quantity><UnitOfMeasure>ק"ג</UnitOfMeasure><QtyInPackage>לא ידוע</QtyInPackage><UnitOfMeasurePrice>115.0000</UnitOfMeasurePrice><AllowDiscount>1</AllowDiscount><ItemStatus>1</ItemStatus><ItemPrice>115.00</ItemPrice></item><item><PriceUpdateDate>2015-12-22 09:40:12</PriceUpdateDate><ItemCode>7290001258118</ItemCode><ItemType>3</ItemType><ItemName>קממבר בקר 26% במשקל</ItemName><ManufacturerName>משק יעקבס</ManufacturerName><ManufactureCountry>ישראל</ManufactureCountry><ManufacturerItemDescription>קממבר בקר 26% במשקל</ManufacturerItemDescription><SoldByWeight/><Quantity>1.00</Quantity><UnitOfMeasure>ק"ג</UnitOfMeasure><QtyInPackage>לא ידוע</QtyInPackage><UnitOfMeasurePrice>119.0000</UnitOfMeasurePrice><AllowDiscount>1</AllowDiscount><ItemStatus>1</ItemStatus><ItemPrice>119.00</ItemPrice></item><item><PriceUpdateDate>2015-12-22 09:40:12</PriceUpdateDate><ItemCode>7290001258248</ItemCode><ItemType>3</ItemType><ItemName>קממבר עיזים 26% במשק</ItemName><ManufacturerName>משק יעקבס</ManufacturerName><ManufactureCountry>ישראל</ManufactureCountry><ManufacturerItemDescription>קממבר עיזים 26% במשק</ManufacturerItemDescription><SoldByWeight/><Quantity>1.00</Quantity><UnitOfMeasure>ק"ג</UnitOfMeasure><QtyInPackage>לא ידוע</QtyInPackage><UnitOfMeasurePrice>149.0000</UnitOfMeasurePrice><AllowDiscount>1</AllowDiscount><ItemStatus>1</ItemStatus><ItemPrice>149.00</ItemPrice></item><item><PriceUpdateDate>2015-11-10 13:38:19</PriceUpdateDate><ItemCode>7290001265116</ItemCode><ItemType>1</ItemType><ItemName>תחליף חלב דייסלה  1N</ItemName><ManufacturerName>לא ידוע</ManufacturerName><ManufactureCountry>ישראל</ManufactureCountry><ManufacturerItemDescription>תחליף חלב דייסלה  1N</ManufacturerItemDescription><SoldByWeight/><Quantity>300.00</Quantity><UnitOfMeasure>גרם     </UnitOfMeasure><QtyInPackage>לא ידוע</QtyInPackage><UnitOfMeasurePrice>0.0857</UnitOfMeasurePrice><AllowDiscount>1</AllowDiscount><ItemStatus>1</ItemStatus><ItemPrice>25.70</ItemPrice></item><item><PriceUpdateDate>2016-05-01 21:46:38</PriceUpdateDate><ItemCode>7290001265642</ItemCode><ItemType>1</ItemType><ItemName>לה קט שלישייה  3*400</ItemName><ManufacturerName>לה קט</ManufacturerName><ManufactureCountry>צרפת</ManufactureCountry><ManufacturerItemDescription>מעדני לה קט 3*400 גרם</ManufacturerItemDescription><SoldByWeight/><Quantity>1200.00</Quantity><UnitOfMeasure>גרם     </UnitOfMeasure><QtyInPackage>לא ידוע</QtyInPackage><UnitOfMeasurePrice>0.0166</UnitOfMeasurePrice><AllowDiscount>1</AllowDiscount><ItemStatus>1</ItemStatus><ItemPrice>19.90</ItemPrice></item><item><PriceUpdateDate>2016-03-29 06:36:24</PriceUpdateDate><ItemCode>7290001274934</ItemCode><ItemType>1</ItemType><ItemName>מב גלידל פרי לימון 8</ItemName><ManufacturerName>פלדמן</ManufacturerName><ManufactureCountry>ישראל</ManufactureCountry><ManufacturerItemDescription>מב גלידל פרי לימון 8</ManufacturerItemDescription><SoldByWeight/><Quantity>640.00</Quantity><UnitOfMeasure>גרם     </UnitOfMeasure><QtyInPackage>לא ידוע</QtyInPackage><UnitOfMeasurePrice>0.0373</UnitOfMeasurePrice><AllowDiscount>1</AllowDiscount><ItemStatus>1</ItemStatus><ItemPrice>23.90</ItemPrice></item><item><PriceUpdateDate>2016-02-02 06:50:58</PriceUpdateDate><ItemCode>7290001305058</ItemCode><ItemType>1</ItemType><ItemName>מב סבון נוזלי פלמולי</ItemName><ManufacturerName>פלמוליב</ManufacturerName><ManufactureCountry>איטליה</ManufactureCountry><ManufacturerItemDescription>סנו משמיד עש    שם 2 יח'</ManufacturerItemDescription><SoldByWeight/><Quantity>500.00</Quantity><UnitOfMeasure>מ"ל</UnitOfMeasure><QtyInPackage>לא ידוע</QtyInPackage><UnitOfMeasurePrice>0.0298</UnitOfMeasurePrice><AllowDiscount>1</AllowDiscount><ItemStatus>1</ItemStatus><ItemPrice>14.90</ItemPrice></item><item><PriceUpdateDate>2016-05-30 22:03:39</PriceUpdateDate><ItemCode>7290001327029</ItemCode><ItemType>1</ItemType><ItemName>מאגדת מיקס קורנטו/שו</ItemName><ManufacturerName>שטראוס גלידה</ManufacturerName><ManufactureCountry>ישראל</ManufactureCountry><ManufacturerItemDescription>שלגון טעמקור+שוקובו+קורנט</ManufacturerItemDescription><SoldByWeight/><Quantity>452.00</Quantity><UnitOfMeasure>גרם     </UnitOfMeasure><QtyInPackage>לא ידוע</QtyInPackage><UnitOfMeasurePrice>0.0573</UnitOfMeasurePrice><AllowDiscount>1</AllowDiscount><ItemStatus>1</ItemStatus><ItemPrice>25.90</ItemPrice></item><item><PriceUpdateDate>2016-05-30 22:03:39</PriceUpdateDate><ItemCode>7290001327180</ItemCode><ItemType>1</ItemType><ItemName>גלידות קרמיסימו וניל</ItemName><ManufacturerName>קרמיסימו</ManufacturerName><ManufactureCountry>ישראל</ManufactureCountry><ManufacturerItemDescription>קרמיסימו וניל ציפס 1.33 ל</ManufacturerItemDescription><SoldByWeight/><Quantity>1330.00</Quantity><UnitOfMeasure>מ"ל</UnitOfMeasure><QtyInPackage>לא ידוע</QtyInPackage><UnitOfMeasurePrice>0.0150</UnitOfMeasurePrice><AllowDiscount>1</AllowDiscount><ItemStatus>1</ItemStatus><ItemPrice>19.90</ItemPrice></item><item><PriceUpdateDate>2016-05-30 22:03:39</PriceUpdateDate><ItemCode>7290001327197</ItemCode><ItemType>1</ItemType><ItemName>גלידות קרמיסימו שוקו</ItemName><ManufacturerName>קרמיסימו</ManufacturerName><ManufactureCountry>ישראל</ManufactureCountry><ManufacturerItemDescription>קרמיסימו שוקו וניל</ManufacturerItemDescription><SoldByWeight/><Quantity>1330.00</Quantity><UnitOfMeasure>מ"ל</UnitOfMeasure><QtyInPackage>לא ידוע</QtyInPackage><UnitOfMeasurePrice>0.0150</UnitOfMeasurePrice><AllowDiscount>1</AllowDiscount><ItemStatus>1</ItemStatus><ItemPrice>19.90</ItemPrice></item><item><PriceUpdateDate>2016-05-30 22:03:39</PriceUpdateDate><ItemCode>7290001327227</ItemCode><ItemType>1</ItemType><ItemName>גלידות קרמיסימו ריבת</ItemName><ManufacturerName>קרמיסימו</ManufacturerName><ManufactureCountry>ישראל</ManufactureCountry><ManufacturerItemDescription>קרמיסימו ריבת חלב</ManufacturerItemDescription><SoldByWeight/><Quantity>1330.00</Quantity><UnitOfMeasure>מ"ל</UnitOfMeasure><QtyInPackage>לא ידוע</QtyInPackage><UnitOfMeasurePrice>0.0150</UnitOfMeasurePrice><AllowDiscount>1</AllowDiscount><ItemStatus>1</ItemStatus><ItemPrice>19.90</ItemPrice></item><item><PriceUpdateDate>2016-05-30 22:03:39</PriceUpdateDate><ItemCode>7290001327357</ItemCode><ItemType>1</ItemType><ItemName>גלידות קרמיסימו וניל</ItemName><ManufacturerName>קרמיסימו</ManufacturerName><ManufactureCountry>ישראל</ManufactureCountry><ManufacturerItemDescription>קרמיסימו וניל 1.33 ל</ManufacturerItemDescription><SoldByWeight/><Quantity>1330.00</Quantity><UnitOfMeasure>מ"ל</UnitOfMeasure><QtyInPackage>לא ידוע</QtyInPackage><UnitOfMeasurePrice>0.0150</UnitOfMeasurePrice><AllowDiscount>1</AllowDiscount><ItemStatus>1</ItemStatus><ItemPrice>19.90</ItemPrice></item><item><PriceUpdateDate>2016-05-30 22:03:39</PriceUpdateDate><ItemCode>7290001327791</ItemCode><ItemType>1</ItemType><ItemName>גלידות קרמיסימו עוגי</ItemName><ManufacturerName>קרמיסימו</ManufacturerName><ManufactureCountry>ישראל</ManufactureCountry><ManufacturerItemDescription>קרמיסימו עוגיות 1.33 ל</ManufacturerItemDescription><SoldByWeight/><Quantity>1330.00</Quantity><UnitOfMeasure>מ"ל</UnitOfMeasure><QtyInPackage>לא ידוע</QtyInPackage><UnitOfMeasurePrice>0.0150</UnitOfMeasurePrice><AllowDiscount>1</AllowDiscount><ItemStatus>1</ItemStatus><ItemPrice>19.90</ItemPrice></item><item><PriceUpdateDate>2016-05-01 21:46:38</PriceUpdateDate><ItemCode>7290001327838</ItemCode><ItemType>1</ItemType><ItemName>מאגדת מיני מגנום שוק</ItemName><ManufacturerName>מגנום-גלידה</ManufacturerName><ManufactureCountry>ישראל</ManufactureCountry><ManufacturerItemDescription>מאגדת מיני מגנום וניל</ManufacturerItemDescription><SoldByWeight/><Quantity>270.00</Quantity><UnitOfMeasure>גרם     </UnitOfMeasure><QtyInPackage>לא ידוע</QtyInPackage><UnitOfMeasurePrice>0.1107</UnitOfMeasurePrice><AllowDiscount>1</AllowDiscount><ItemStatus>1</ItemStatus><ItemPrice>29.90</ItemPrice></item><item><PriceUpdateDate>2016-05-02 08:05:47</PriceUpdateDate><ItemCode>7290001407547</ItemCode><ItemType>1</ItemType><ItemName>מב טחינה בארכה משומש</ItemName><ManufacturerName>בארכה</ManufacturerName><ManufactureCountry>ישראל</ManufactureCountry><ManufacturerItemDescription>מב טחינה בארכה משומש</ManufacturerItemDescription><SoldByWeight/><Quantity>500.00</Quantity><UnitOfMeasure>גרם     </UnitOfMeasure><QtyInPackage>לא ידוע</QtyInPackage><UnitOfMeasurePrice>0.0318</UnitOfMeasurePrice><AllowDiscount>1</AllowDiscount><ItemStatus>1</ItemStatus><ItemPrice>15.90</ItemPrice></item><item><PriceUpdateDate>2016-05-02 08:08:18</PriceUpdateDate><ItemCode>7290001407752</ItemCode><ItemType>1</ItemType><ItemName>מב טחינה בארכה עם פט</ItemName><ManufacturerName>בארכה</ManufacturerName><ManufactureCountry>ישראל</ManufactureCountry><ManufacturerItemDescription>מב טחינה בארכה עם פט</ManufacturerItemDescription><SoldByWeight/><Quantity>500.00</Quantity><UnitOfMeasure>גרם     </UnitOfMeasure><QtyInPackage>לא ידוע</QtyInPackage><UnitOfMeasurePrice>0.0318</UnitOfMeasurePrice><AllowDiscount>1</AllowDiscount><ItemStatus>1</ItemStatus><ItemPrice>15.90</ItemPrice></item><item><PriceUpdateDate>2016-05-02 08:05:47</PriceUpdateDate><ItemCode>7290001407844</ItemCode><ItemType>1</ItemType><ItemName>מב חלבה קלאסית וניל</ItemName><ManufacturerName>בארכה</ManufacturerName><ManufactureCountry>ישראל</ManufactureCountry><ManufacturerItemDescription>חלבה קלאסית וניל 350 גרם</ManufacturerItemDescription><SoldByWeight/><Quantity>350.00</Quantity><UnitOfMeasure>גרם     </UnitOfMeasure><QtyInPackage>לא ידוע</QtyInPackage><UnitOfMeasurePrice>0.0369</UnitOfMeasurePrice><AllowDiscount>1</AllowDiscount><ItemStatus>1</ItemStatus><ItemPrice>12.90</ItemPrice></item><item><PriceUpdateDate>2014-11-03 06:37:54</PriceUpdateDate><ItemCode>7290001415115</ItemCode><ItemType>1</ItemType><ItemName>בייבי 900 גרם</ItemName><ManufacturerName>פילסברי</ManufacturerName><ManufactureCountry>ישראל</ManufactureCountry><ManufacturerItemDescription>בייבי 900 גרם</ManufacturerItemDescription><SoldByWeight/><Quantity>1000.00</Quantity><UnitOfMeasure>קג</UnitOfMeasure><QtyInPackage>לא ידוע</QtyInPackage><UnitOfMeasurePrice>0.0546</UnitOfMeasurePrice><AllowDiscount>1</AllowDiscount><ItemStatus>1</ItemStatus><ItemPrice>54.60</ItemPrice></item><item><PriceUpdateDate>2014-11-03 06:37:54</PriceUpdateDate><ItemCode>7290001415122</ItemCode><ItemType>1</ItemType><ItemName>בייבי ריבת חלב 900 ג</ItemName><ManufacturerName>פילסברי</ManufacturerName><ManufactureCountry>ישראל</ManufactureCountry><ManufacturerItemDescription>בייבי ריבת חלב 900 ג</ManufacturerItemDescription><SoldByWeight/><Quantity>1000.00</Quantity><UnitOfMeasure>קג</UnitOfMeasure><QtyInPackage>לא ידוע</QtyInPackage><UnitOfMeasurePrice>0.0546</UnitOfMeasurePrice><AllowDiscount>1</AllowDiscount><ItemStatus>1</ItemStatus><ItemPrice>54.60</ItemPrice></item><item><PriceUpdateDate>2014-11-03 06:37:54</PriceUpdateDate><ItemCode>7290001415139</ItemCode><ItemType>1</ItemType><ItemName>רולדה גבינה אוכמניות</ItemName><ManufacturerName>פילסברי</ManufacturerName><ManufactureCountry>ישראל</ManufactureCountry><ManufacturerItemDescription>רולדה גבינה אוכמניות</ManufacturerItemDescription><SoldByWeight/><Quantity>1000.00</Quantity><UnitOfMeasure>ק"ג     </UnitOfMeasure><QtyInPackage>לא ידוע</QtyInPackage><UnitOfMeasurePrice>0.0458</UnitOfMeasurePrice><AllowDiscount>1</AllowDiscount><ItemStatus>1</ItemStatus><ItemPrice>45.80</ItemPrice></item><item><PriceUpdateDate>2014-11-03 06:37:54</PriceUpdateDate><ItemCode>7290001415184</ItemCode><ItemType>1</ItemType><ItemName>רולדת ריבת חלב</ItemName><ManufacturerName>פילסברי</ManufacturerName><ManufactureCountry>ישראל</ManufactureCountry><ManufacturerItemDescription>רולדת ריבת חלב</ManufacturerItemDescription><SoldByWeight/><Quantity>1000.00</Quantity><UnitOfMeasure>ק"ג     </UnitOfMeasure><QtyInPackage>לא ידוע</QtyInPackage><UnitOfMeasurePrice>0.0428</UnitOfMeasurePrice><AllowDiscount>1</AllowDiscount><ItemStatus>1</ItemStatus><ItemPrice>42.80</ItemPrice></item><item><PriceUpdateDate>2015-11-10 09:55:15</PriceUpdateDate><ItemCode>7290001415214</ItemCode><ItemType>1</ItemType><ItemName>עוגת סבתא שוקולד 800</ItemName><ManufacturerName>פילסברי</ManufacturerName><ManufactureCountry>ישראל</ManufactureCountry><ManufacturerItemDescription>עוגת סבתא שוקולד 800</ManufacturerItemDescription><SoldByWeight/><Quantity>1000.00</Quantity><UnitOfMeasure>ק"ג     </UnitOfMeasure><QtyInPackage>לא ידוע</QtyInPackage><UnitOfMeasurePrice>0.0269</UnitOfMeasurePrice><AllowDiscount>1</AllowDiscount><ItemStatus>1</ItemStatus><ItemPrice>26.90</ItemPrice></item><item><PriceUpdateDate>2014-11-03 06:37:54</PriceUpdateDate><ItemCode>7290001415276</ItemCode><ItemType>1</ItemType><ItemName>עוגת שמרים שוקולד 50</ItemName><ManufacturerName>פילסברי</ManufacturerName><ManufactureCountry>ישראל</ManufactureCountry><ManufacturerItemDescription>עוגת שמרים שוקולד 50</ManufacturerItemDescription><SoldByWeight/><Quantity>1000.00</Quantity><UnitOfMeasure>ק"ג     </UnitOfMeasure><QtyInPackage>לא ידוע</QtyInPackage><UnitOfMeasurePrice>0.0198</UnitOfMeasurePrice><AllowDiscount>1</AllowDiscount><ItemStatus>1</ItemStatus><ItemPrice>19.80</ItemPrice></item><item><PriceUpdateDate>2015-10-06 12:10:18</PriceUpdateDate><ItemCode>7290001415283</ItemCode><ItemType>1</ItemType><ItemName>עוגת שמרים אגוזים 50</ItemName><ManufacturerName>פילסברי</ManufacturerName><ManufactureCountry>ישראל</ManufactureCountry><ManufacturerItemDescription>עוגת שמרים אגוזים 50</ManufacturerItemDescription><SoldByWeight/><Quantity>1000.00</Quantity><UnitOfMeasure>ק"ג     </UnitOfMeasure><QtyInPackage>לא ידוע</QtyInPackage><UnitOfMeasurePrice>0.0198</UnitOfMeasurePrice><AllowDiscount>1</AllowDiscount><ItemStatus>1</ItemStatus><ItemPrice>19.80</ItemPrice></item><item><PriceUpdateDate>2015-10-06 12:10:18</PriceUpdateDate><ItemCode>7290001415290</ItemCode><ItemType>1</ItemType><ItemName>עוגת שמרים קינמון 50</ItemName><ManufacturerName>פילסברי</ManufacturerName><ManufactureCountry>ישראל</ManufactureCountry><ManufacturerItemDescription>עוגת שמרים קינמון 50</ManufacturerItemDescription><SoldByWeight/><Quantity>1000.00</Quantity><UnitOfMeasure>ק"ג     </UnitOfMeasure><QtyInPackage>לא ידוע</QtyInPackage><UnitOfMeasurePrice>0.0198</UnitOfMeasurePrice><AllowDiscount>1</AllowDiscount><ItemStatus>1</ItemStatus><ItemPrice>19.80</ItemPrice></item><item><PriceUpdateDate>2015-10-20 09:04:43</PriceUpdateDate><ItemCode>7290001415863</ItemCode><ItemType>1</ItemType><ItemName>חלה עגולה פילסברי מת</ItemName><ManufacturerName>פילסברי</ManufacturerName><ManufactureCountry>ישראל</ManufactureCountry><ManufacturerItemDescription>חלת חג חצי אפויה</ManufacturerItemDescription><SoldByWeight/><Quantity>1000.00</Quantity><UnitOfMeasure>ק"ג     </UnitOfMeasure><QtyInPackage>לא ידוע</QtyInPackage><UnitOfMeasurePrice>0.0135</UnitOfMeasurePrice><AllowDiscount>1</AllowDiscount><ItemStatus>1</ItemStatus><ItemPrice>13.50</ItemPrice></item><item><PriceUpdateDate>2014-11-03 06:37:54</PriceUpdateDate><ItemCode>7290001461112</ItemCode><ItemType>1</ItemType><ItemName>לחם רוסטיק דגנים</ItemName><ManufacturerName>פילסברי</ManufacturerName><ManufactureCountry>ישראל</ManufactureCountry><ManufacturerItemDescription>לחם רוסטיק דגנים</ManufacturerItemDescription><SoldByWeight/><Quantity>1000.00</Quantity><UnitOfMeasure>קג</UnitOfMeasure><QtyInPackage>לא ידוע</QtyInPackage><UnitOfMeasurePrice>0.0143</UnitOfMeasurePrice><AllowDiscount>1</AllowDiscount><ItemStatus>1</ItemStatus><ItemPrice>14.30</ItemPrice></item><item><PriceUpdateDate>2015-10-11 08:12:37</PriceUpdateDate><ItemCode>7290001461457</ItemCode><ItemType>1</ItemType><ItemName>באגט רוסטיק קמח מלא</ItemName><ManufacturerName>בונזור</ManufacturerName><ManufactureCountry>ישראל</ManufactureCountry><ManufacturerItemDescription>באגט רוסטיק קמח מלא דגנים</ManufacturerItemDescription><SoldByWeight/><Quantity>1000.00</Quantity><UnitOfMeasure>ק"ג     </UnitOfMeasure><QtyInPackage>לא ידוע</QtyInPackage><UnitOfMeasurePrice>0.0077</UnitOfMeasurePrice><AllowDiscount>1</AllowDiscount><ItemStatus>1</ItemStatus><ItemPrice>7.70</ItemPrice></item><item><PriceUpdateDate>2014-11-03 06:37:54</PriceUpdateDate><ItemCode>7290001461495</ItemCode><ItemType>1</ItemType><ItemName>פיתה בריבוע מארז 5</ItemName><ManufacturerName>פילסברי</ManufacturerName><ManufactureCountry>ישראל</ManufactureCountry><ManufacturerItemDescription>פיתה מרובעת</ManufacturerItemDescription><SoldByWeight/><Quantity>1000.00</Quantity><UnitOfMeasure>קג</UnitOfMeasure><QtyInPackage>לא ידוע</QtyInPackage><UnitOfMeasurePrice>0.0091</UnitOfMeasurePrice><AllowDiscount>1</AllowDiscount><ItemStatus>1</ItemStatus><ItemPrice>9.10</ItemPrice></item><item><PriceUpdateDate>2015-10-11 18:10:45</PriceUpdateDate><ItemCode>7290001462010</ItemCode><ItemType>1</ItemType><ItemName>אריסה מרוקאית ביטון</ItemName><ManufacturerName>תבליני ביטון יוחאי</ManufacturerName><ManufactureCountry>ישראל</ManufactureCountry><ManufacturerItemDescription>אריסה מרוקאית 250 גרם</ManufacturerItemDescription><SoldByWeight/><Quantity>250.00</Quantity><UnitOfMeasure>גרם     </UnitOfMeasure><QtyInPackage>לא ידוע</QtyInPackage><UnitOfMeasurePrice>0.0648</UnitOfMeasurePrice><AllowDiscount>1</AllowDiscount><ItemStatus>1</ItemStatus><ItemPrice>16.20</ItemPrice></item><item><PriceUpdateDate>2015-11-16 11:40:30</PriceUpdateDate><ItemCode>7290001482506</ItemCode><ItemType>1</ItemType><ItemName>חומץ בלסמיויליפוד 50</ItemName><ManufacturerName>וילי פוד</ManufacturerName><ManufactureCountry>ישראל</ManufactureCountry><ManufacturerItemDescription>חומץ בלסמיויליפוד 50</ManufacturerItemDescription><SoldByWeight/><Quantity>500.00</Quantity><UnitOfMeasure>מ"ל</UnitOfMeasure><QtyInPackage>לא ידוע</QtyInPackage><UnitOfMeasurePrice>0.0436</UnitOfMeasurePrice><AllowDiscount>1</AllowDiscount><ItemStatus>1</ItemStatus><ItemPrice>21.80</ItemPrice></item><item><PriceUpdateDate>2015-10-21 14:06:43</PriceUpdateDate><ItemCode>7290001485019</ItemCode><ItemType>1</ItemType><ItemName>גבינת שמנת 5% טבעי 2</ItemName><ManufacturerName>טרה</ManufacturerName><ManufactureCountry>ישראל</ManufactureCountry><ManufacturerItemDescription>גבינת שמנת 200 5% גרם</ManufacturerItemDescription><SoldByWeight/><Quantity>200.00</Quantity><UnitOfMeasure>גרם     </UnitOfMeasure><QtyInPackage>לא ידוע</QtyInPackage><UnitOfMeasurePrice>0.0590</UnitOfMeasurePrice><AllowDiscount>1</AllowDiscount><ItemStatus>1</ItemStatus><ItemPrice>11.80</ItemPrice></item><item><PriceUpdateDate>2016-05-01 21:46:39</PriceUpdateDate><ItemCode>7290001491010</ItemCode><ItemType>1</ItemType><ItemName>תה ירוק יסמין 25 יח'</ItemName><ManufacturerName>ויסוצקי</ManufacturerName><ManufactureCountry>ישראל</ManufactureCountry><ManufacturerItemDescription>תה ירוק יסמין</ManufacturerItemDescription><SoldByWeight/><Quantity>38.00</Quantity><UnitOfMeasure>גרם     </UnitOfMeasure><QtyInPackage>לא ידוע</QtyInPackage><UnitOfMeasurePrice>0.6553</UnitOfMeasurePrice><AllowDiscount>1</AllowDiscount><ItemStatus>1</ItemStatus><ItemPrice>24.90</ItemPrice></item><item><PriceUpdateDate>2015-10-20 16:48:16</PriceUpdateDate><ItemCode>7290001491096</ItemCode><ItemType>1</ItemType><ItemName>תה ירוק 50 שק' לימון</ItemName><ManufacturerName>ויסוצקי</ManufacturerName><ManufactureCountry>ישראל</ManufactureCountry><ManufacturerItemDescription>תה ירוק 50 שק' לימון</ManufacturerItemDescription><SoldByWeight/><Quantity>0.00</Quantity><UnitOfMeasure>גרם     </UnitOfMeasure><QtyInPackage>לא ידוע</QtyInPackage><UnitOfMeasurePrice>0.0000</UnitOfMeasurePrice><AllowDiscount>1</AllowDiscount><ItemStatus>1</ItemStatus><ItemPrice>46.80</ItemPrice></item><item><PriceUpdateDate>2016-04-12 10:01:15</PriceUpdateDate><ItemCode>7290001567708</ItemCode><ItemType>1</ItemType><ItemName>נקניקיות וינר 400 ג'</ItemName><ManufacturerName>יחיעם</ManufacturerName><ManufactureCountry>ישראל</ManufactureCountry><ManufacturerItemDescription>נקניקיות וינר 400 ג'</ManufacturerItemDescription><SoldByWeight/><Quantity>400.00</Quantity><UnitOfMeasure>גרם     </UnitOfMeasure><QtyInPackage>לא ידוע</QtyInPackage><UnitOfMeasurePrice>0.0298</UnitOfMeasurePrice><AllowDiscount>1</AllowDiscount><ItemStatus>1</ItemStatus><ItemPrice>11.90</ItemPrice></item><item><PriceUpdateDate>2016-04-12 10:01:15</PriceUpdateDate><ItemCode>7290001567715</ItemCode><ItemType>1</ItemType><ItemName>נקניקיות עוף חריפות</ItemName><ManufacturerName>יחיעם</ManufacturerName><ManufactureCountry>ישראל</ManufactureCountry><ManufacturerItemDescription>נקניקיות עוף חריפות</ManufacturerItemDescription><SoldByWeight/><Quantity>400.00</Quantity><UnitOfMeasure>גרם     </UnitOfMeasure><QtyInPackage>לא ידוע</QtyInPackage><UnitOfMeasurePrice>0.0298</UnitOfMeasurePrice><AllowDiscount>1</AllowDiscount><ItemStatus>1</ItemStatus><ItemPrice>11.90</ItemPrice></item><item><PriceUpdateDate>2016-05-02 08:05:47</PriceUpdateDate><ItemCode>7290001589342</ItemCode><ItemType>1</ItemType><ItemName>מב ספירה תחליב מגן ל</ItemName><ManufacturerName>ספירה</ManufacturerName><ManufactureCountry>ישראל</ManufactureCountry><ManufacturerItemDescription>מב ספירה תחליב מגן ל</ManufacturerItemDescription><SoldByWeight/><Quantity>0.00</Quantity><UnitOfMeasure>מ"ל</UnitOfMeasure><QtyInPackage>לא ידוע</QtyInPackage><UnitOfMeasurePrice>0.0000</UnitOfMeasurePrice><AllowDiscount>1</AllowDiscount><ItemStatus>1</ItemStatus><ItemPrice>11.90</ItemPrice></item><item><PriceUpdateDate>2015-10-11 18:10:45</PriceUpdateDate><ItemCode>7290001594155</ItemCode><ItemType>1</ItemType><ItemName>קוקה קולה 0.5 ליטר.</ItemName><ManufacturerName>קוקה קולה</ManufacturerName><ManufactureCountry>ישראל</ManufactureCountry><ManufacturerItemDescription>קוקה קולה500 מל</ManufacturerItemDescription><SoldByWeight/><Quantity>500.00</Quantity><UnitOfMeasure>מ"ל</UnitOfMeasure><QtyInPackage>לא ידוע</QtyInPackage><UnitOfMeasurePrice>0.0146</UnitOfMeasurePrice><AllowDiscount>1</AllowDiscount><ItemStatus>1</ItemStatus><ItemPrice>7.30</ItemPrice></item><item><PriceUpdateDate>2015-10-11 18:10:45</PriceUpdateDate><ItemCode>7290001594179</ItemCode><ItemType>1</ItemType><ItemName>פאנטה אורנג' 5 0 ליט</ItemName><ManufacturerName>פאנטה אורנג</ManufacturerName><ManufactureCountry>ישראל</ManufactureCountry><ManufacturerItemDescription>פאנטה אורנג 500 בקבוק</ManufacturerItemDescription><SoldByWeight/><Quantity>500.00</Quantity><UnitOfMeasure>מ"ל</UnitOfMeasure><QtyInPackage>לא ידוע</QtyInPackage><UnitOfMeasurePrice>0.0146</UnitOfMeasurePrice><AllowDiscount>1</AllowDiscount><ItemStatus>1</ItemStatus><ItemPrice>7.30</ItemPrice></item><item><PriceUpdateDate>2015-10-11 18:10:45</PriceUpdateDate><ItemCode>7290001594186</ItemCode><ItemType>1</ItemType><ItemName>קוקה קולה דיאט 0.5 ל</ItemName><ManufacturerName>דיאט קוקה קולה</ManufacturerName><ManufactureCountry>ישראל</ManufactureCountry><ManufacturerItemDescription>קוקה קולה דיאט500 מל</ManufacturerItemDescription><SoldByWeight/><Quantity>500.00</Quantity><UnitOfMeasure>מ"ל</UnitOfMeasure><QtyInPackage>לא ידוע</QtyInPackage><UnitOfMeasurePrice>0.0146</UnitOfMeasurePrice><AllowDiscount>1</AllowDiscount><ItemStatus>1</ItemStatus><ItemPrice>7.30</ItemPrice></item><item><PriceUpdateDate>2015-10-20 16:11:24</PriceUpdateDate><ItemCode>7290001594858</ItemCode><ItemType>1</ItemType><ItemName>בירה טובורג רד בקבוק</ItemName><ManufacturerName>טובורג רד</ManufacturerName><ManufactureCountry>ישראל</ManufactureCountry><ManufacturerItemDescription>בירה טובורג רד בקבוק</ManufacturerItemDescription><SoldByWeight/><Quantity>1980.00</Quantity><UnitOfMeasure>מ"ל</UnitOfMeasure><QtyInPackage>לא ידוע</QtyInPackage><UnitOfMeasurePrice>0.0252</UnitOfMeasurePrice><AllowDiscount>1</AllowDiscount><ItemStatus>1</ItemStatus><ItemPrice>49.90</ItemPrice></item><item><PriceUpdateDate>2015-11-03 08:38:26</PriceUpdateDate><ItemCode>7290001670057</ItemCode><ItemType>1</ItemType><ItemName>מב כפיות חד פעמי לבן</ItemName><ManufacturerName>הנמל</ManufacturerName><ManufactureCountry>ישראל</ManufactureCountry><ManufacturerItemDescription>מב כפיות חד פעמי לבן</ManufacturerItemDescription><SoldByWeight/><Quantity>100.00</Quantity><UnitOfMeasure>בודד</UnitOfMeasure><QtyInPackage>לא ידוע</QtyInPackage><UnitOfMeasurePrice>0.0690</UnitOfMeasurePrice><AllowDiscount>1</AllowDiscount><ItemStatus>1</ItemStatus><ItemPrice>6.90</ItemPrice></item><item><PriceUpdateDate>2015-11-03 08:38:26</PriceUpdateDate><ItemCode>7290001670064</ItemCode><ItemType>1</ItemType><ItemName>מב סכין חד פעמי לבן</ItemName><ManufacturerName>הנמל</ManufacturerName><ManufactureCountry>ישראל</ManufactureCountry><ManufacturerItemDescription>מב סכין חד פעמי לבן</ManufacturerItemDescription><SoldByWeight/><Quantity>100.00</Quantity><UnitOfMeasure>בודד</UnitOfMeasure><QtyInPackage>לא ידוע</QtyInPackage><UnitOfMeasurePrice>0.0690</UnitOfMeasurePrice><AllowDiscount>1</AllowDiscount><ItemStatus>1</ItemStatus><ItemPrice>6.90</ItemPrice></item><item><PriceUpdateDate>2015-11-03 08:38:26</PriceUpdateDate><ItemCode>7290001670071</ItemCode><ItemType>1</ItemType><ItemName>מב כף חד פעמי לבן 10</ItemName><ManufacturerName>הנמל</ManufacturerName><ManufactureCountry>ישראל</ManufactureCountry><ManufacturerItemDescription>מב כף חד פעמי לבן 10</ManufacturerItemDescription><SoldByWeight/><Quantity>100.00</Quantity><UnitOfMeasure>בודד</UnitOfMeasure><QtyInPackage>לא ידוע</QtyInPackage><UnitOfMeasurePrice>0.0690</UnitOfMeasurePrice><AllowDiscount>1</AllowDiscount><ItemStatus>1</ItemStatus><ItemPrice>6.90</ItemPrice></item><item><PriceUpdateDate>2016-02-04 08:55:45</PriceUpdateDate><ItemCode>7290001670224</ItemCode><ItemType>1</ItemType><ItemName>מלית פרג 400 גרם</ItemName><ManufacturerName>פוליבה</ManufacturerName><ManufactureCountry>ישראל</ManufactureCountry><ManufacturerItemDescription>מלית פרג 400 גרם</ManufacturerItemDescription><SoldByWeight/><Quantity>400.00</Quantity><UnitOfMeasure>גרם     </UnitOfMeasure><QtyInPackage>לא ידוע</QtyInPackage><UnitOfMeasurePrice>0.0298</UnitOfMeasurePrice><AllowDiscount>1</AllowDiscount><ItemStatus>1</ItemStatus><ItemPrice>11.90</ItemPrice></item><item><PriceUpdateDate>2016-05-30 22:03:39</PriceUpdateDate><ItemCode>7290001670514</ItemCode><ItemType>1</ItemType><ItemName>מב מלית אוכמניות 400</ItemName><ManufacturerName>פוליבה</ManufacturerName><ManufactureCountry>ישראל</ManufactureCountry><ManufacturerItemDescription>מלית אוכמניות 400  גר</ManufacturerItemDescription><SoldByWeight/><Quantity>400.00</Quantity><UnitOfMeasure>גרם     </UnitOfMeasure><QtyInPackage>לא ידוע</QtyInPackage><UnitOfMeasurePrice>0.0298</UnitOfMeasurePrice><AllowDiscount>1</AllowDiscount><ItemStatus>1</ItemStatus><ItemPrice>11.90</ItemPrice></item><item><PriceUpdateDate>2016-05-30 22:03:39</PriceUpdateDate><ItemCode>7290001670873</ItemCode><ItemType>1</ItemType><ItemName>צלחות חד פעמיותבמשקל</ItemName><ManufacturerName>הנמל</ManufacturerName><ManufactureCountry>ישראל</ManufactureCountry><ManufacturerItemDescription>צלחות ח.פ .קשיח 1 קג</ManufacturerItemDescription><SoldByWeight/><Quantity>66.00</Quantity><UnitOfMeasure>בודד</UnitOfMeasure><QtyInPackage>לא ידוע</QtyInPackage><UnitOfMeasurePrice>0.3470</UnitOfMeasurePrice><AllowDiscount>1</AllowDiscount><ItemStatus>1</ItemStatus><ItemPrice>22.90</ItemPrice></item><item><PriceUpdateDate>2016-05-30 22:03:39</PriceUpdateDate><ItemCode>7290001710111</ItemCode><ItemType>1</ItemType><ItemName>מב נקנקיות מרגז 500</ItemName><ManufacturerName>מעדני הטלה והעגל</ManufacturerName><ManufactureCountry>ישראל</ManufactureCountry><ManufacturerItemDescription>מב נקנקיות מרגז 500</ManufacturerItemDescription><SoldByWeight/><Quantity>500.00</Quantity><UnitOfMeasure>יח'</UnitOfMeasure><QtyInPackage>לא ידוע</QtyInPackage><UnitOfMeasurePrice>0.0478</UnitOfMeasurePrice><AllowDiscount>1</AllowDiscount><ItemStatus>1</ItemStatus><ItemPrice>23.90</ItemPrice></item><item><PriceUpdateDate>2016-04-13 07:26:14</PriceUpdateDate><ItemCode>7290001710135</ItemCode><ItemType>3</ItemType><ItemName>מב סטייק עוף ארוז מו</ItemName><ManufacturerName>מעדני הטלה והעגל</ManufacturerName><ManufactureCountry>ישראל</ManufactureCountry><ManufacturerItemDescription>מב סטייק עוף ארוז מו</ManufacturerItemDescription><SoldByWeight/><Quantity>1.00</Quantity><UnitOfMeasure>ק"ג</UnitOfMeasure><QtyInPackage>לא ידוע</QtyInPackage><UnitOfMeasurePrice>26.9000</UnitOfMeasurePrice><AllowDiscount>1</AllowDiscount><ItemStatus>1</ItemStatus><ItemPrice>26.90</ItemPrice></item><item><PriceUpdateDate>2016-03-01 06:49:06</PriceUpdateDate><ItemCode>7290001713518</ItemCode><ItemType>1</ItemType><ItemName>מב סנט מוריץ נוזל לנ</ItemName><ManufacturerName>סנט מוריץ</ManufacturerName><ManufactureCountry>ישראל</ManufactureCountry><ManufacturerItemDescription>מב סנט מוריץ נוזל לנ</ManufacturerItemDescription><SoldByWeight/><Quantity>750.00</Quantity><UnitOfMeasure>מ"ל</UnitOfMeasure><QtyInPackage>לא ידוע</QtyInPackage><UnitOfMeasurePrice>0.0185</UnitOfMeasurePrice><AllowDiscount>1</AllowDiscount><ItemStatus>1</ItemStatus><ItemPrice>13.90</ItemPrice></item><item><PriceUpdateDate>2016-03-01 06:54:46</PriceUpdateDate><ItemCode>7290001737330</ItemCode><ItemType>3</ItemType><ItemName>חזה בקר טרי אל גאוצו</ItemName><ManufacturerName>נטו סחר</ManufacturerName><ManufactureCountry>לא ידוע</ManufactureCountry><ManufacturerItemDescription>חזה בקר טרי אל גאוצו</ManufacturerItemDescription><SoldByWeight/><Quantity>1.00</Quantity><UnitOfMeasure>ק"ג</UnitOfMeasure><QtyInPackage>לא ידוע</QtyInPackage><UnitOfMeasurePrice>54.9000</UnitOfMeasurePrice><AllowDiscount>1</AllowDiscount><ItemStatus>1</ItemStatus><ItemPrice>54.90</ItemPrice></item><item><PriceUpdateDate>2016-03-29 06:36:25</PriceUpdateDate><ItemCode>7290001791349</ItemCode><ItemType>1</ItemType><ItemName>מב סנו אקונומיקה פיס</ItemName><ManufacturerName>פיסגה סנו</ManufacturerName><ManufactureCountry>ישראל</ManufactureCountry><ManufacturerItemDescription>מב סנו אקונומיקה פיס</ManufacturerItemDescription><SoldByWeight/><Quantity>4000.00</Quantity><UnitOfMeasure>מ"ל</UnitOfMeasure><QtyInPackage>לא ידוע</QtyInPackage><UnitOfMeasurePrice>0.0025</UnitOfMeasurePrice><AllowDiscount>1</AllowDiscount><ItemStatus>1</ItemStatus><ItemPrice>10.00</ItemPrice></item><item><PriceUpdateDate>2016-05-02 08:05:47</PriceUpdateDate><ItemCode>7290001791776</ItemCode><ItemType>1</ItemType><ItemName>מב רולאון + אלוורה ד</ItemName><ManufacturerName>לא ידוע</ManufacturerName><ManufactureCountry>ישראל</ManufactureCountry><ManufacturerItemDescription>מב רולאון + אלוורה ד</ManufacturerItemDescription><SoldByWeight/><Quantity>14.00</Quantity><UnitOfMeasure>מ"ל</UnitOfMeasure><QtyInPackage>לא ידוע</QtyInPackage><UnitOfMeasurePrice>1.3500</UnitOfMeasurePrice><AllowDiscount>1</AllowDiscount><ItemStatus>1</ItemStatus><ItemPrice>18.90</ItemPrice></item><item><PriceUpdateDate>2016-05-01 21:46:39</PriceUpdateDate><ItemCode>7290001814147</ItemCode><ItemType>1</ItemType><ItemName>ממרח פרה שוקולד 500</ItemName><ManufacturerName>פרה</ManufacturerName><ManufactureCountry>ישראל</ManufactureCountry><ManufacturerItemDescription>ממרח שוקולד פרה 500 גר</ManufacturerItemDescription><SoldByWeight/><Quantity>500.00</Quantity><UnitOfMeasure>גרם     </UnitOfMeasure><QtyInPackage>לא ידוע</QtyInPackage><UnitOfMeasurePrice>0.0278</UnitOfMeasurePrice><AllowDiscount>1</AllowDiscount><ItemStatus>1</ItemStatus><ItemPrice>13.90</ItemPrice></item><item><PriceUpdateDate>2016-02-16 15:55:40</PriceUpdateDate><ItemCode>7290001814222</ItemCode><ItemType>1</ItemType><ItemName>שוקולד פרה עדשים 100</ItemName><ManufacturerName>פרה</ManufacturerName><ManufactureCountry>ישראל</ManufactureCountry><ManufacturerItemDescription>שוקולד פרה עדשים 100 גר</ManufacturerItemDescription><SoldByWeight/><Quantity>100.00</Quantity><UnitOfMeasure>גרם     </UnitOfMeasure><QtyInPackage>לא ידוע</QtyInPackage><UnitOfMeasurePrice>0.0690</UnitOfMeasurePrice><AllowDiscount>0</AllowDiscount><ItemStatus>1</ItemStatus><ItemPrice>6.90</ItemPrice></item><item><PriceUpdateDate>2016-02-18 10:31:52</PriceUpdateDate><ItemCode>7290001817063</ItemCode><ItemType>1</ItemType><ItemName>טופי מזל וברכות 850</ItemName><ManufacturerName>עלית</ManufacturerName><ManufactureCountry>ישראל</ManufactureCountry><ManufacturerItemDescription>טופי מזל וברכות 850 ג</ManufacturerItemDescription><SoldByWeight/><Quantity>850.00</Quantity><UnitOfMeasure>גרם     </UnitOfMeasure><QtyInPackage>לא ידוע</QtyInPackage><UnitOfMeasurePrice>0.0222</UnitOfMeasurePrice><AllowDiscount>1</AllowDiscount><ItemStatus>1</ItemStatus><ItemPrice>18.90</ItemPrice></item><item><PriceUpdateDate>2015-10-11 18:10:45</PriceUpdateDate><ItemCode>7290001817377</ItemCode><ItemType>1</ItemType><ItemName>צ'יטוס פיצה 60 גרם</ItemName><ManufacturerName>צ'יטוס</ManufacturerName><ManufactureCountry>ישראל</ManufactureCountry><ManufacturerItemDescription>צ'יטוס פיצה 60 גרם</ManufacturerItemDescription><SoldByWeight/><Quantity>14.00</Quantity><UnitOfMeasure>גרם     </UnitOfMeasure><QtyInPackage>לא ידוע</QtyInPackage><UnitOfMeasurePrice>0.3071</UnitOfMeasurePrice><AllowDiscount>1</AllowDiscount><ItemStatus>1</ItemStatus><ItemPrice>4.30</ItemPrice></item><item><PriceUpdateDate>2016-03-29 13:00:30</PriceUpdateDate><ItemCode>7290001817582</ItemCode><ItemType>1</ItemType><ItemName>מארז חטיף צ'יטוס כאפ</ItemName><ManufacturerName>צ'יטוס</ManufacturerName><ManufactureCountry>ישראל</ManufactureCountry><ManufacturerItemDescription>מארז חטיף צ'יטוס כאפ</ManufacturerItemDescription><SoldByWeight/><Quantity>150.00</Quantity><UnitOfMeasure>גרם     </UnitOfMeasure><QtyInPackage>לא ידוע</QtyInPackage><UnitOfMeasurePrice>0.0867</UnitOfMeasurePrice><AllowDiscount>1</AllowDiscount><ItemStatus>1</ItemStatus><ItemPrice>13.00</ItemPrice></item><item><PriceUpdateDate>2015-10-11 18:10:45</PriceUpdateDate><ItemCode>7290001817728</ItemCode><ItemType>1</ItemType><ItemName>צ'יטוס כאפה קטשופ 55</ItemName><ManufacturerName>צ'יטוס</ManufacturerName><ManufactureCountry>ישראל</ManufactureCountry><ManufacturerItemDescription>צ'יטוס כאפה קטשופ 55</ManufacturerItemDescription><SoldByWeight/><Quantity>14.00</Quantity><UnitOfMeasure>גרם     </UnitOfMeasure><QtyInPackage>לא ידוע</QtyInPackage><UnitOfMeasurePrice>0.3071</UnitOfMeasurePrice><AllowDiscount>1</AllowDiscount><ItemStatus>1</ItemStatus><ItemPrice>4.30</ItemPrice></item><item><PriceUpdateDate>2014-11-03 06:38:38</PriceUpdateDate><ItemCode>7290001865125</ItemCode><ItemType>1</ItemType><ItemName>אשפתון גלילונית גדול</ItemName><ManufacturerName>גלילונית</ManufacturerName><ManufactureCountry>ישראל</ManufactureCountry><ManufacturerItemDescription>גלילונית גדולה לפח מטבח10</ManufacturerItemDescription><SoldByWeight/><Quantity>0.00</Quantity><UnitOfMeasure>יח'</UnitOfMeasure><QtyInPackage>לא ידוע</QtyInPackage><UnitOfMeasurePrice>0.0000</UnitOfMeasurePrice><AllowDiscount>1</AllowDiscount><ItemStatus>1</ItemStatus><ItemPrice>19.10</ItemPrice></item><item><PriceUpdateDate>2016-02-02 06:50:59</PriceUpdateDate><ItemCode>7290001865439</ItemCode><ItemType>1</ItemType><ItemName>מב אל סבון נוזלי פמל</ItemName><ManufacturerName>פמילי</ManufacturerName><ManufactureCountry>ישראל</ManufactureCountry><ManufacturerItemDescription>פמילי אלסבון נוזלי וניל+מ</ManufacturerItemDescription><SoldByWeight/><Quantity>1000.00</Quantity><UnitOfMeasure>מ"ל</UnitOfMeasure><QtyInPackage>לא ידוע</QtyInPackage><UnitOfMeasurePrice>0.0119</UnitOfMeasurePrice><AllowDiscount>1</AllowDiscount><ItemStatus>1</ItemStatus><ItemPrice>11.90</ItemPrice></item><item><PriceUpdateDate>2016-02-02 06:50:59</PriceUpdateDate><ItemCode>7290001865453</ItemCode><ItemType>1</ItemType><ItemName>מב אל סבון נוזלי פמל</ItemName><ManufacturerName>פמילי</ManufacturerName><ManufactureCountry>ישראל</ManufactureCountry><ManufacturerItemDescription>פמילי אלסבון נוזלי לבנדר+</ManufacturerItemDescription><SoldByWeight/><Quantity>1000.00</Quantity><UnitOfMeasure>מ"ל</UnitOfMeasure><QtyInPackage>לא ידוע</QtyInPackage><UnitOfMeasurePrice>0.0119</UnitOfMeasurePrice><AllowDiscount>1</AllowDiscount><ItemStatus>1</ItemStatus><ItemPrice>11.90</ItemPrice></item><item><PriceUpdateDate>2016-02-02 06:50:59</PriceUpdateDate><ItemCode>7290001865460</ItemCode><ItemType>1</ItemType><ItemName>מב אל סבון נוזלי פמל</ItemName><ManufacturerName>פמילי</ManufacturerName><ManufactureCountry>ישראל</ManufactureCountry><ManufacturerItemDescription>מב אל סבון נוזלי פמל</ManufacturerItemDescription><SoldByWeight/><Quantity>1000.00</Quantity><UnitOfMeasure>מ"ל</UnitOfMeasure><QtyInPackage>לא ידוע</QtyInPackage><UnitOfMeasurePrice>0.0119</UnitOfMeasurePrice><AllowDiscount>1</AllowDiscount><ItemStatus>1</ItemStatus><ItemPrice>11.90</ItemPrice></item><item><PriceUpdateDate>2015-11-12 17:28:18</PriceUpdateDate><ItemCode>7290001917527</ItemCode><ItemType>1</ItemType><ItemName>פדיות קוסמטיות שלישי</ItemName><ManufacturerName>פרש וואנס</ManufacturerName><ManufactureCountry>ישראל</ManufactureCountry><ManufacturerItemDescription>פדיות קוסמטיות שלישי</ManufacturerItemDescription><SoldByWeight/><Quantity>1.00</Quantity><UnitOfMeasure>יח'</UnitOfMeasure><QtyInPackage>לא ידוע</QtyInPackage><UnitOfMeasurePrice>20.9000</UnitOfMeasurePrice><AllowDiscount>1</AllowDiscount><ItemStatus>1</ItemStatus><ItemPrice>20.90</ItemPrice></item><item><PriceUpdateDate>2015-10-11 18:10:45</PriceUpdateDate><ItemCode>7290001946404</ItemCode><ItemType>1</ItemType><ItemName>שום כתוש ביטון 250 ג</ItemName><ManufacturerName>תבליני ביטון יוחאי</ManufacturerName><ManufactureCountry>ישראל</ManufactureCountry><ManufacturerItemDescription>שום כתוש ביטון 250 ג</ManufacturerItemDescription><SoldByWeight/><Quantity>250.00</Quantity><UnitOfMeasure>גרם     </UnitOfMeasure><QtyInPackage>לא ידוע</QtyInPackage><UnitOfMeasurePrice>0.0648</UnitOfMeasurePrice><AllowDiscount>1</AllowDiscount><ItemStatus>1</ItemStatus><ItemPrice>16.20</ItemPrice></item><item><PriceUpdateDate>2016-05-30 22:03:40</PriceUpdateDate><ItemCode>7290001975435</ItemCode><ItemType>1</ItemType><ItemName>מיץ פריגת אשכוליות א</ItemName><ManufacturerName>פריגת</ManufacturerName><ManufactureCountry>ישראל</ManufactureCountry><ManufacturerItemDescription>משקל פריגת פאלפ אשכוליו א</ManufacturerItemDescription><SoldByWeight/><Quantity>1500.00</Quantity><UnitOfMeasure>מ"ל</UnitOfMeasure><QtyInPackage>לא ידוע</QtyInPackage><UnitOfMeasurePrice>0.0045</UnitOfMeasurePrice><AllowDiscount>0</AllowDiscount><ItemStatus>1</ItemStatus><ItemPrice>6.80</ItemPrice></item><item><PriceUpdateDate>2016-05-01 21:46:39</PriceUpdateDate><ItemCode>7290001985311</ItemCode><ItemType>1</ItemType><ItemName>מאגדת מיני מגנום לבן</ItemName><ManufacturerName>מגנום-גלידה</ManufacturerName><ManufactureCountry>ישראל</ManufactureCountry><ManufacturerItemDescription>מאגדת מיני מאגנום שקדים</ManufacturerItemDescription><SoldByWeight/><Quantity>270.00</Quantity><UnitOfMeasure>גרם     </UnitOfMeasure><QtyInPackage>לא ידוע</QtyInPackage><UnitOfMeasurePrice>0.1107</UnitOfMeasurePrice><AllowDiscount>1</AllowDiscount><ItemStatus>1</ItemStatus><ItemPrice>29.90</ItemPrice></item><item><PriceUpdateDate>2016-01-05 08:49:11</PriceUpdateDate><ItemCode>7290001990094</ItemCode><ItemType>1</ItemType><ItemName>סוכר חום סוגת 1 ק"ג</ItemName><ManufacturerName>סוגת</ManufacturerName><ManufactureCountry>ישראל</ManufactureCountry><ManufacturerItemDescription>סוכר חום צנצנת 1 קג</ManufacturerItemDescription><SoldByWeight/><Quantity>1000.00</Quantity><UnitOfMeasure>גרם     </UnitOfMeasure><QtyInPackage>לא ידוע</QtyInPackage><UnitOfMeasurePrice>0.0150</UnitOfMeasurePrice><AllowDiscount>1</AllowDiscount><ItemStatus>1</ItemStatus><ItemPrice>15.00</ItemPrice></item><item><PriceUpdateDate>2015-11-12 13:34:48</PriceUpdateDate><ItemCode>7290001990117</ItemCode><ItemType>1</ItemType><ItemName>שומשום סוגת 100 גרם</ItemName><ManufacturerName>סוגת</ManufacturerName><ManufactureCountry>ישראל</ManufactureCountry><ManufacturerItemDescription>שומשום 100 גרם</ManufacturerItemDescription><SoldByWeight/><Quantity>100.00</Quantity><UnitOfMeasure>גרם     </UnitOfMeasure><QtyInPackage>לא ידוע</QtyInPackage><UnitOfMeasurePrice>0.0450</UnitOfMeasurePrice><AllowDiscount>1</AllowDiscount><ItemStatus>1</ItemStatus><ItemPrice>4.50</ItemPrice></item><item><PriceUpdateDate>2015-11-12 13:34:57</PriceUpdateDate><ItemCode>7290001990148</ItemCode><ItemType>1</ItemType><ItemName>סוכר גולדן קלאסי 1ק"</ItemName><ManufacturerName>סוגת</ManufacturerName><ManufactureCountry>ישראל</ManufactureCountry><ManufacturerItemDescription>סוכר גולדן קלאסי 1 קג</ManufacturerItemDescription><SoldByWeight/><Quantity>1000.00</Quantity><UnitOfMeasure>גרם     </UnitOfMeasure><QtyInPackage>לא ידוע</QtyInPackage><UnitOfMeasurePrice>0.0141</UnitOfMeasurePrice><AllowDiscount>1</AllowDiscount><ItemStatus>1</ItemStatus><ItemPrice>14.10</ItemPrice></item><item><PriceUpdateDate>2015-11-12 13:35:43</PriceUpdateDate><ItemCode>7290001990261</ItemCode><ItemType>1</ItemType><ItemName>חומוס 1 ק''ג</ItemName><ManufacturerName>סוגת</ManufacturerName><ManufactureCountry>ישראל</ManufactureCountry><ManufacturerItemDescription>חומוס 1 ק''ג</ManufacturerItemDescription><SoldByWeight/><Quantity>1000.00</Quantity><UnitOfMeasure>גרם     </UnitOfMeasure><QtyInPackage>לא ידוע</QtyInPackage><UnitOfMeasurePrice>0.0158</UnitOfMeasurePrice><AllowDiscount>1</AllowDiscount><ItemStatus>1</ItemStatus><ItemPrice>15.80</ItemPrice></item><item><PriceUpdateDate>2015-11-12 13:32:17</PriceUpdateDate><ItemCode>7290001990391</ItemCode><ItemType>1</ItemType><ItemName>אפונה 1 ק"ג.</ItemName><ManufacturerName>סוגת</ManufacturerName><ManufactureCountry>ישראל</ManufactureCountry><ManufacturerItemDescription>אפונה 1 ק"ג.</ManufacturerItemDescription><SoldByWeight/><Quantity>1000.00</Quantity><UnitOfMeasure>גרם     </UnitOfMeasure><QtyInPackage>לא ידוע</QtyInPackage><UnitOfMeasurePrice>0.0143</UnitOfMeasurePrice><AllowDiscount>1</AllowDiscount><ItemStatus>1</ItemStatus><ItemPrice>14.30</ItemPrice></item><item><PriceUpdateDate>2015-11-12 13:37:19</PriceUpdateDate><ItemCode>7290001990407</ItemCode><ItemType>1</ItemType><ItemName>עדשים ירוקים סוגת 1</ItemName><ManufacturerName>סוגת</ManufacturerName><ManufactureCountry>ישראל</ManufactureCountry><ManufacturerItemDescription>עדשים ירוקות 1 קג</ManufacturerItemDescription><SoldByWeight/><Quantity>1000.00</Quantity><UnitOfMeasure>גרם     </UnitOfMeasure><QtyInPackage>לא ידוע</QtyInPackage><UnitOfMeasurePrice>0.0145</UnitOfMeasurePrice><AllowDiscount>1</AllowDiscount><ItemStatus>1</ItemStatus><ItemPrice>14.50</ItemPrice></item><item><PriceUpdateDate>2016-05-01 21:46:39</PriceUpdateDate><ItemCode>7290002000143</ItemCode><ItemType>1</ItemType><ItemName>פנג'ל קרם ידיים 80 מ</ItemName><ManufacturerName>פנג'ל</ManufacturerName><ManufactureCountry>ישראל</ManufactureCountry><ManufacturerItemDescription>פנגל קרם ידיים 80 גרם קלא</ManufacturerItemDescription><SoldByWeight/><Quantity>80.00</Quantity><UnitOfMeasure>מ"ל</UnitOfMeasure><QtyInPackage>לא ידוע</QtyInPackage><UnitOfMeasurePrice>0.1363</UnitOfMeasurePrice><AllowDiscount>1</AllowDiscount><ItemStatus>1</ItemStatus><ItemPrice>10.90</ItemPrice></item><item><PriceUpdateDate>2016-05-02 08:05:47</PriceUpdateDate><ItemCode>7290002000266</ItemCode><ItemType>1</ItemType><ItemName>מב שעווה למיקרו תפוח</ItemName><ManufacturerName>מגע המשי</ManufacturerName><ManufactureCountry>ישראל</ManufactureCountry><ManufacturerItemDescription>שעווה למיקרו מגע משי תפוח</ManufacturerItemDescription><SoldByWeight/><Quantity>500.00</Quantity><UnitOfMeasure>גרם     </UnitOfMeasure><QtyInPackage>לא ידוע</QtyInPackage><UnitOfMeasurePrice>0.0358</UnitOfMeasurePrice><AllowDiscount>1</AllowDiscount><ItemStatus>1</ItemStatus><ItemPrice>17.90</ItemPrice></item><item><PriceUpdateDate>2014-11-03 06:38:38</PriceUpdateDate><ItemCode>7290002002635</ItemCode><ItemType>1</ItemType><ItemName>שעווה למקומות רגישים</ItemName><ManufacturerName>מגע המשי</ManufacturerName><ManufactureCountry>ישראל</ManufactureCountry><ManufacturerItemDescription>שעווה למקומות רגישים</ManufacturerItemDescription><SoldByWeight/><Quantity>80.00</Quantity><UnitOfMeasure>גרם     </UnitOfMeasure><QtyInPackage>לא ידוע</QtyInPackage><UnitOfMeasurePrice>0.2375</UnitOfMeasurePrice><AllowDiscount>1</AllowDiscount><ItemStatus>1</ItemStatus><ItemPrice>19.00</ItemPrice></item><item><PriceUpdateDate>2015-11-12 17:28:18</PriceUpdateDate><ItemCode>7290002002857</ItemCode><ItemType>1</ItemType><ItemName>נייר להסרת שיער 50 י</ItemName><ManufacturerName>מגע המשי</ManufacturerName><ManufactureCountry>צרפת</ManufactureCountry><ManufacturerItemDescription>נייר מגע המשי להסרת שיער</ManufacturerItemDescription><SoldByWeight/><Quantity>1.00</Quantity><UnitOfMeasure>יח'</UnitOfMeasure><QtyInPackage>לא ידוע</QtyInPackage><UnitOfMeasurePrice>25.0000</UnitOfMeasurePrice><AllowDiscount>1</AllowDiscount><ItemStatus>1</ItemStatus><ItemPrice>25.00</ItemPrice></item><item><PriceUpdateDate>2015-11-12 17:23:22</PriceUpdateDate><ItemCode>7290002007029</ItemCode><ItemType>1</ItemType><ItemName>קוקוס 100 גרם</ItemName><ManufacturerName>הנמל</ManufacturerName><ManufactureCountry>ישראל</ManufactureCountry><ManufacturerItemDescription>קוקוס 100 גרם</ManufacturerItemDescription><SoldByWeight/><Quantity>100.00</Quantity><UnitOfMeasure>גרם     </UnitOfMeasure><QtyInPackage>לא ידוע</QtyInPackage><UnitOfMeasurePrice>0.0420</UnitOfMeasurePrice><AllowDiscount>1</AllowDiscount><ItemStatus>1</ItemStatus><ItemPrice>4.20</ItemPrice></item><item><PriceUpdateDate>2015-10-21 14:06:19</PriceUpdateDate><ItemCode>7290002007234</ItemCode><ItemType>1</ItemType><ItemName>אבקת סוכר הנמל 100 ג</ItemName><ManufacturerName>הנמל</ManufacturerName><ManufactureCountry>ישראל</ManufactureCountry><ManufacturerItemDescription>אבקת סוכר100 גר</ManufacturerItemDescription><SoldByWeight/><Quantity>100.00</Quantity><UnitOfMeasure>גרם     </UnitOfMeasure><QtyInPackage>לא ידוע</QtyInPackage><UnitOfMeasurePrice>0.0250</UnitOfMeasurePrice><AllowDiscount>1</AllowDiscount><ItemStatus>1</ItemStatus><ItemPrice>2.50</ItemPrice></item><item><PriceUpdateDate>2014-11-03 06:37:18</PriceUpdateDate><ItemCode>7290002007302</ItemCode><ItemType>1</ItemType><ItemName>מזרה סוכריות צנצנת 1</ItemName><ManufacturerName>פוליבה</ManufacturerName><ManufactureCountry>ישראל</ManufactureCountry><ManufacturerItemDescription>מזרה סוכריות צנצנת 1</ManufacturerItemDescription><SoldByWeight/><Quantity>100.00</Quantity><UnitOfMeasure>גרם     </UnitOfMeasure><QtyInPackage>לא ידוע</QtyInPackage><UnitOfMeasurePrice>0.0530</UnitOfMeasurePrice><AllowDiscount>1</AllowDiscount><ItemStatus>1</ItemStatus><ItemPrice>5.30</ItemPrice></item><item><PriceUpdateDate>2015-10-21 14:06:19</PriceUpdateDate><ItemCode>7290002007371</ItemCode><ItemType>1</ItemType><ItemName>פרורי לחם 500 גרם</ItemName><ManufacturerName>הנמל</ManufacturerName><ManufactureCountry>ישראל</ManufactureCountry><ManufacturerItemDescription>פרורי לחם 500 גרם</ManufacturerItemDescription><SoldByWeight/><Quantity>500.00</Quantity><UnitOfMeasure>גרם     </UnitOfMeasure><QtyInPackage>לא ידוע</QtyInPackage><UnitOfMeasurePrice>0.0120</UnitOfMeasurePrice><AllowDiscount>1</AllowDiscount><ItemStatus>1</ItemStatus><ItemPrice>6.00</ItemPrice></item><item><PriceUpdateDate>2014-11-03 06:37:18</PriceUpdateDate><ItemCode>7290002007395</ItemCode><ItemType>1</ItemType><ItemName>דובדבנים 100 גרם</ItemName><ManufacturerName>הנמל</ManufacturerName><ManufactureCountry>ישראל</ManufactureCountry><ManufacturerItemDescription>דובדבן מסוכר 100 גרם</ManufacturerItemDescription><SoldByWeight/><Quantity>100.00</Quantity><UnitOfMeasure>גרם     </UnitOfMeasure><QtyInPackage>לא ידוע</QtyInPackage><UnitOfMeasurePrice>0.0700</UnitOfMeasurePrice><AllowDiscount>1</AllowDiscount><ItemStatus>1</ItemStatus><ItemPrice>7.00</ItemPrice></item><item><PriceUpdateDate>2015-11-12 17:23:22</PriceUpdateDate><ItemCode>7290002007487</ItemCode><ItemType>1</ItemType><ItemName>צמר פלדה 100 גרם</ItemName><ManufacturerName>הנמל</ManufacturerName><ManufactureCountry>ישראל</ManufactureCountry><ManufacturerItemDescription>צמר פלדה 100 גרם</ManufacturerItemDescription><SoldByWeight/><Quantity>100.00</Quantity><UnitOfMeasure>גרם     </UnitOfMeasure><QtyInPackage>לא ידוע</QtyInPackage><UnitOfMeasurePrice>0.0480</UnitOfMeasurePrice><AllowDiscount>1</AllowDiscount><ItemStatus>1</ItemStatus><ItemPrice>4.80</ItemPrice></item><item><PriceUpdateDate>2014-11-03 06:37:18</PriceUpdateDate><ItemCode>7290002007623</ItemCode><ItemType>1</ItemType><ItemName>כוסות חד פעמיות  ליי</ItemName><ManufacturerName>הנמל</ManufacturerName><ManufactureCountry>ישראל</ManufactureCountry><ManufacturerItemDescription>כוסות יין 50 יח</ManufacturerItemDescription><SoldByWeight/><Quantity>0.00</Quantity><UnitOfMeasure>יח'</UnitOfMeasure><QtyInPackage>לא ידוע</QtyInPackage><UnitOfMeasurePrice>0.0000</UnitOfMeasurePrice><AllowDiscount>1</AllowDiscount><ItemStatus>1</ItemStatus><ItemPrice>3.70</ItemPrice></item><item><PriceUpdateDate>2015-11-12 17:23:22</PriceUpdateDate><ItemCode>7290002007852</ItemCode><ItemType>1</ItemType><ItemName>תמציות אפיה וניל 55</ItemName><ManufacturerName>הנמל</ManufacturerName><ManufactureCountry>ישראל</ManufactureCountry><ManufacturerItemDescription>תמצית אפיה וניל55 מל</ManufacturerItemDescription><SoldByWeight/><Quantity>55.00</Quantity><UnitOfMeasure>מ"ל</UnitOfMeasure><QtyInPackage>לא ידוע</QtyInPackage><UnitOfMeasurePrice>0.0709</UnitOfMeasurePrice><AllowDiscount>1</AllowDiscount><ItemStatus>1</ItemStatus><ItemPrice>3.90</ItemPrice></item><item><PriceUpdateDate>2016-02-02 06:50:59</PriceUpdateDate><ItemCode>7290002007890</ItemCode><ItemType>1</ItemType><ItemName>כוסות חד פעמיות שקוף</ItemName><ManufacturerName>הנמל</ManufacturerName><ManufactureCountry>ישראל</ManufactureCountry><ManufacturerItemDescription>כוסות חד פעמיות שקוף</ManufacturerItemDescription><SoldByWeight/><Quantity>100.00</Quantity><UnitOfMeasure>בודד</UnitOfMeasure><QtyInPackage>לא ידוע</QtyInPackage><UnitOfMeasurePrice>0.0640</UnitOfMeasurePrice><AllowDiscount>0</AllowDiscount><ItemStatus>1</ItemStatus><ItemPrice>6.40</ItemPrice></item><item><PriceUpdateDate>2015-11-12 17:23:22</PriceUpdateDate><ItemCode>7290002007975</ItemCode><ItemType>1</ItemType><ItemName>צלחות חד פעמי קטנות</ItemName><ManufacturerName>הנמל</ManufacturerName><ManufactureCountry>ישראל</ManufactureCountry><ManufacturerItemDescription>צלחות חד פעמי קטנות</ManufacturerItemDescription><SoldByWeight/><Quantity>0.00</Quantity><UnitOfMeasure>יח'</UnitOfMeasure><QtyInPackage>לא ידוע</QtyInPackage><UnitOfMeasurePrice>0.0000</UnitOfMeasurePrice><AllowDiscount>1</AllowDiscount><ItemStatus>1</ItemStatus><ItemPrice>7.00</ItemPrice></item><item><PriceUpdateDate>2015-11-03 08:38:27</PriceUpdateDate><ItemCode>7290002007982</ItemCode><ItemType>1</ItemType><ItemName>מב מזלגות חד פעמיות</ItemName><ManufacturerName>הנמל</ManufacturerName><ManufactureCountry>ישראל</ManufactureCountry><ManufacturerItemDescription>מב מזלגות חד פעמיות</ManufacturerItemDescription><SoldByWeight/><Quantity>100.00</Quantity><UnitOfMeasure>בודד</UnitOfMeasure><QtyInPackage>לא ידוע</QtyInPackage><UnitOfMeasurePrice>0.0690</UnitOfMeasurePrice><AllowDiscount>1</AllowDiscount><ItemStatus>1</ItemStatus><ItemPrice>6.90</ItemPrice></item><item><PriceUpdateDate>2016-03-01 06:49:06</PriceUpdateDate><ItemCode>7290002007999</ItemCode><ItemType>1</ItemType><ItemName>מב צלחות חד פעמיות ג</ItemName><ManufacturerName>הנמל</ManufacturerName><ManufactureCountry>ישראל</ManufactureCountry><ManufacturerItemDescription>מב צלחות חד פעמיות ג</ManufacturerItemDescription><SoldByWeight/><Quantity>50.00</Quantity><UnitOfMeasure>בודד</UnitOfMeasure><QtyInPackage>לא ידוע</QtyInPackage><UnitOfMeasurePrice>0.1380</UnitOfMeasurePrice><AllowDiscount>1</AllowDiscount><ItemStatus>1</ItemStatus><ItemPrice>6.90</ItemPrice></item><item><PriceUpdateDate>2016-03-29 06:36:25</PriceUpdateDate><ItemCode>7290002008040</ItemCode><ItemType>1</ItemType><ItemName>מב שיפודי עץ במבוק 3</ItemName><ManufacturerName>הנמל</ManufacturerName><ManufactureCountry>ישראל</ManufactureCountry><ManufacturerItemDescription>שיפודי עץ30 סמ</ManufacturerItemDescription><SoldByWeight/><Quantity>0.00</Quantity><UnitOfMeasure>יח'</UnitOfMeasure><QtyInPackage>לא ידוע</QtyInPackage><UnitOfMeasurePrice>0.0000</UnitOfMeasurePrice><AllowDiscount>1</AllowDiscount><ItemStatus>1</ItemStatus><ItemPrice>2.50</ItemPrice></item><item><PriceUpdateDate>2015-11-12 17:23:22</PriceUpdateDate><ItemCode>7290002008057</ItemCode><ItemType>1</ItemType><ItemName>תמציות אפיהרום 55 מ"</ItemName><ManufacturerName>הנמל</ManufacturerName><ManufactureCountry>ישראל</ManufactureCountry><ManufacturerItemDescription>תמצית אפיה רום55 מל</ManufacturerItemDescription><SoldByWeight/><Quantity>55.00</Quantity><UnitOfMeasure>מ"ל</UnitOfMeasure><QtyInPackage>לא ידוע</QtyInPackage><UnitOfMeasurePrice>0.0709</UnitOfMeasurePrice><AllowDiscount>1</AllowDiscount><ItemStatus>1</ItemStatus><ItemPrice>3.90</ItemPrice></item><item><PriceUpdateDate>2014-11-03 06:37:18</PriceUpdateDate><ItemCode>7290002008071</ItemCode><ItemType>1</ItemType><ItemName>נייר עטרות מ''ס 2 10</ItemName><ManufacturerName>הנמל</ManufacturerName><ManufactureCountry>ישראל</ManufactureCountry><ManufacturerItemDescription>גביעי ניר מס</ManufacturerItemDescription><SoldByWeight/><Quantity>0.00</Quantity><UnitOfMeasure>יח'</UnitOfMeasure><QtyInPackage>לא ידוע</QtyInPackage><UnitOfMeasurePrice>0.0000</UnitOfMeasurePrice><AllowDiscount>1</AllowDiscount><ItemStatus>1</ItemStatus><ItemPrice>5.70</ItemPrice></item><item><PriceUpdateDate>2015-11-11 08:27:41</PriceUpdateDate><ItemCode>7290002008118</ItemCode><ItemType>1</ItemType><ItemName>צמרוני עץ ארוז 100 י</ItemName><ManufacturerName>הנמל</ManufacturerName><ManufactureCountry>ישראל</ManufactureCountry><ManufacturerItemDescription>צמרוני עץ ארוז 100 י</ManufacturerItemDescription><SoldByWeight/><Quantity>100.00</Quantity><UnitOfMeasure>יח'</UnitOfMeasure><QtyInPackage>לא ידוע</QtyInPackage><UnitOfMeasurePrice>0.0190</UnitOfMeasurePrice><AllowDiscount>1</AllowDiscount><ItemStatus>1</ItemStatus><ItemPrice>1.90</ItemPrice></item><item><PriceUpdateDate>2016-02-04 08:55:45</PriceUpdateDate><ItemCode>7290002008170</ItemCode><ItemType>1</ItemType><ItemName>נייר עטרות מ''ס 3 10</ItemName><ManufacturerName>הנמל</ManufacturerName><ManufactureCountry>ישראל</ManufactureCountry><ManufacturerItemDescription>נייר עטרות מ''ס 3 10</ManufacturerItemDescription><SoldByWeight/><Quantity>0.00</Quantity><UnitOfMeasure>יח'</UnitOfMeasure><QtyInPackage>לא ידוע</QtyInPackage><UnitOfMeasurePrice>0.0000</UnitOfMeasurePrice><AllowDiscount>1</AllowDiscount><ItemStatus>1</ItemStatus><ItemPrice>5.90</ItemPrice></item><item><PriceUpdateDate>2015-11-12 17:23:22</PriceUpdateDate><ItemCode>7290002008187</ItemCode><ItemType>1</ItemType><ItemName>קש מתקפל צבעוני 40 י</ItemName><ManufacturerName>הנמל</ManufacturerName><ManufactureCountry>ישראל</ManufactureCountry><ManufacturerItemDescription>קש שתיה מתקפלים 40 יח</ManufacturerItemDescription><SoldByWeight/><Quantity>0.00</Quantity><UnitOfMeasure>יח'</UnitOfMeasure><QtyInPackage>לא ידוע</QtyInPackage><UnitOfMeasurePrice>0.0000</UnitOfMeasurePrice><AllowDiscount>1</AllowDiscount><ItemStatus>1</ItemStatus><ItemPrice>1.90</ItemPrice></item><item><PriceUpdateDate>2015-11-12 17:23:22</PriceUpdateDate><ItemCode>7290002008224</ItemCode><ItemType>1</ItemType><ItemName>מזרה סוכריות צבעוני</ItemName><ManufacturerName>הנמל</ManufacturerName><ManufactureCountry>ישראל</ManufactureCountry><ManufacturerItemDescription>סוכריות מזרה לעוגהעגולצבע</ManufacturerItemDescription><SoldByWeight/><Quantity>100.00</Quantity><UnitOfMeasure>גרם     </UnitOfMeasure><QtyInPackage>לא ידוע</QtyInPackage><UnitOfMeasurePrice>0.0540</UnitOfMeasurePrice><AllowDiscount>1</AllowDiscount><ItemStatus>1</ItemStatus><ItemPrice>5.40</ItemPrice></item><item><PriceUpdateDate>2014-11-03 06:37:18</PriceUpdateDate><ItemCode>7290002008309</ItemCode><ItemType>1</ItemType><ItemName>נייר עטרות מ''ס 4 10</ItemName><ManufacturerName>הנמל</ManufacturerName><ManufactureCountry>ישראל</ManufactureCountry><ManufacturerItemDescription>נייר עטרות מ''ס 4 10</ManufacturerItemDescription><SoldByWeight/><Quantity>0.00</Quantity><UnitOfMeasure>יח'</UnitOfMeasure><QtyInPackage>לא ידוע</QtyInPackage><UnitOfMeasurePrice>0.0000</UnitOfMeasurePrice><AllowDiscount>1</AllowDiscount><ItemStatus>1</ItemStatus><ItemPrice>5.70</ItemPrice></item><item><PriceUpdateDate>2014-11-03 06:37:18</PriceUpdateDate><ItemCode>7290002008439</ItemCode><ItemType>1</ItemType><ItemName>נייר לסנדויץ 100 יחי</ItemName><ManufacturerName>הנמל</ManufacturerName><ManufactureCountry>ישראל</ManufactureCountry><ManufacturerItemDescription>נייר לסנדויץ 100 יחי</ManufacturerItemDescription><SoldByWeight/><Quantity>0.00</Quantity><UnitOfMeasure>יח'</UnitOfMeasure><QtyInPackage>לא ידוע</QtyInPackage><UnitOfMeasurePrice>0.0000</UnitOfMeasurePrice><AllowDiscount>1</AllowDiscount><ItemStatus>1</ItemStatus><ItemPrice>6.70</ItemPrice></item><item><PriceUpdateDate>2014-11-03 06:37:18</PriceUpdateDate><ItemCode>7290002008460</ItemCode><ItemType>1</ItemType><ItemName>עטרות חום</ItemName><ManufacturerName>הנמל</ManufacturerName><ManufactureCountry>ישראל</ManufactureCountry><ManufacturerItemDescription>עטרות חום</ManufacturerItemDescription><SoldByWeight/><Quantity>0.00</Quantity><UnitOfMeasure>יח'</UnitOfMeasure><QtyInPackage>לא ידוע</QtyInPackage><UnitOfMeasurePrice>0.0000</UnitOfMeasurePrice><AllowDiscount>1</AllowDiscount><ItemStatus>1</ItemStatus><ItemPrice>4.70</ItemPrice></item><item><PriceUpdateDate>2015-11-12 17:23:22</PriceUpdateDate><ItemCode>7290002008491</ItemCode><ItemType>1</ItemType><ItemName>מזרה סוכריות שוקו צנ</ItemName><ManufacturerName>פוליבה</ManufacturerName><ManufactureCountry>ישראל</ManufactureCountry><ManufacturerItemDescription>סוכריות לעוגה שוקו 100 גר</ManufacturerItemDescription><SoldByWeight/><Quantity>100.00</Quantity><UnitOfMeasure>גרם     </UnitOfMeasure><QtyInPackage>לא ידוע</QtyInPackage><UnitOfMeasurePrice>0.0540</UnitOfMeasurePrice><AllowDiscount>1</AllowDiscount><ItemStatus>1</ItemStatus><ItemPrice>5.40</ItemPrice></item><item><PriceUpdateDate>2016-03-16 15:40:41</PriceUpdateDate><ItemCode>7290002008507</ItemCode><ItemType>1</ItemType><ItemName>נייר אפיה 50יח</ItemName><ManufacturerName>הנמל</ManufacturerName><ManufactureCountry>ישראל</ManufactureCountry><ManufacturerItemDescription>נייר אפיה</ManufacturerItemDescription><SoldByWeight/><Quantity>0.00</Quantity><UnitOfMeasure>יח'</UnitOfMeasure><QtyInPackage>לא ידוע</QtyInPackage><UnitOfMeasurePrice>0.0000</UnitOfMeasurePrice><AllowDiscount>0</AllowDiscount><ItemStatus>1</ItemStatus><ItemPrice>9.90</ItemPrice></item><item><PriceUpdateDate>2015-11-11 08:27:41</PriceUpdateDate><ItemCode>7290002008668</ItemCode><ItemType>1</ItemType><ItemName>צמרונים לאוזניים 200</ItemName><ManufacturerName>הנמל</ManufacturerName><ManufactureCountry>ישראל</ManufactureCountry><ManufacturerItemDescription>צמרונים לאוזניים 200</ManufacturerItemDescription><SoldByWeight/><Quantity>0.00</Quantity><UnitOfMeasure>יח'</UnitOfMeasure><QtyInPackage>לא ידוע</QtyInPackage><UnitOfMeasurePrice>0.0000</UnitOfMeasurePrice><AllowDiscount>1</AllowDiscount><ItemStatus>1</ItemStatus><ItemPrice>5.30</ItemPrice></item><item><PriceUpdateDate>2015-10-21 14:06:19</PriceUpdateDate><ItemCode>7290002008743</ItemCode><ItemType>1</ItemType><ItemName>סוכר וניל 100 גרם</ItemName><ManufacturerName>הנמל</ManufacturerName><ManufactureCountry>ישראל</ManufactureCountry><ManufacturerItemDescription>סוכר וניל</ManufacturerItemDescription><SoldByWeight/><Quantity>100.00</Quantity><UnitOfMeasure>גרם     </UnitOfMeasure><QtyInPackage>לא ידוע</QtyInPackage><UnitOfMeasurePrice>0.0350</UnitOfMeasurePrice><AllowDiscount>1</AllowDiscount><ItemStatus>1</ItemStatus><ItemPrice>3.50</ItemPrice></item><item><PriceUpdateDate>2015-10-21 14:06:19</PriceUpdateDate><ItemCode>7290002008750</ItemCode><ItemType>1</ItemType><ItemName>אבקת אפיה 100 גרם</ItemName><ManufacturerName>מיה</ManufacturerName><ManufactureCountry>ישראל</ManufactureCountry><ManufacturerItemDescription>אבקת אפיה</ManufacturerItemDescription><SoldByWeight/><Quantity>100.00</Quantity><UnitOfMeasure>גרם     </UnitOfMeasure><QtyInPackage>לא ידוע</QtyInPackage><UnitOfMeasurePrice>0.0330</UnitOfMeasurePrice><AllowDiscount>1</AllowDiscount><ItemStatus>1</ItemStatus><ItemPrice>3.30</ItemPrice></item><item><PriceUpdateDate>2015-11-12 17:23:22</PriceUpdateDate><ItemCode>7290002008774</ItemCode><ItemType>1</ItemType><ItemName>שומשום 200 גרם</ItemName><ManufacturerName>הנמל</ManufacturerName><ManufactureCountry>ישראל</ManufactureCountry><ManufacturerItemDescription>שומשום 200 גרם</ManufacturerItemDescription><SoldByWeight/><Quantity>200.00</Quantity><UnitOfMeasure>גרם     </UnitOfMeasure><QtyInPackage>לא ידוע</QtyInPackage><UnitOfMeasurePrice>0.0355</UnitOfMeasurePrice><AllowDiscount>1</AllowDiscount><ItemStatus>1</ItemStatus><ItemPrice>7.10</ItemPrice></item><item><PriceUpdateDate>2014-11-03 06:37:18</PriceUpdateDate><ItemCode>7290002008934</ItemCode><ItemType>1</ItemType><ItemName>סוכריות לעוגה ג'מבו</ItemName><ManufacturerName>פוליבה</ManufacturerName><ManufactureCountry>ישראל</ManufactureCountry><ManufacturerItemDescription>סוכריות לעוגה ג'מבו</ManufacturerItemDescription><SoldByWeight/><Quantity>0.00</Quantity><UnitOfMeasure>יח'</UnitOfMeasure><QtyInPackage>לא ידוע</QtyInPackage><UnitOfMeasurePrice>0.0000</UnitOfMeasurePrice><AllowDiscount>1</AllowDiscount><ItemStatus>1</ItemStatus><ItemPrice>9.00</ItemPrice></item><item><PriceUpdateDate>2014-11-03 06:37:18</PriceUpdateDate><ItemCode>7290002008989</ItemCode><ItemType>1</ItemType><ItemName>קישקשים 220 יח' צבעו</ItemName><ManufacturerName>הנמל</ManufacturerName><ManufactureCountry>סין</ManufactureCountry><ManufacturerItemDescription>קש שתיה קישקשים 225 יח</ManufacturerItemDescription><SoldByWeight/><Quantity>0.00</Quantity><UnitOfMeasure>יח'</UnitOfMeasure><QtyInPackage>לא ידוע</QtyInPackage><UnitOfMeasurePrice>0.0000</UnitOfMeasurePrice><AllowDiscount>1</AllowDiscount><ItemStatus>1</ItemStatus><ItemPrice>8.20</ItemPrice></item><item><PriceUpdateDate>2016-01-20 07:30:32</PriceUpdateDate><ItemCode>7290002013884</ItemCode><ItemType>3</ItemType><ItemName>פסטרמה תבור ללא חומר</ItemName><ManufacturerName>זוגלובק</ManufacturerName><ManufactureCountry>לא ידוע</ManufactureCountry><ManufacturerItemDescription>פסטרמה תבור ללא חומר</ManufacturerItemDescription><SoldByWeight/><Quantity>1.00</Quantity><UnitOfMeasure>ק"ג</UnitOfMeasure><QtyInPackage>לא ידוע</QtyInPackage><UnitOfMeasurePrice>89.9000</UnitOfMeasurePrice><AllowDiscount>1</AllowDiscount><ItemStatus>1</ItemStatus><ItemPrice>89.90</ItemPrice></item><item><PriceUpdateDate>2016-01-20 07:30:32</PriceUpdateDate><ItemCode>7290002013891</ItemCode><ItemType>3</ItemType><ItemName>פסטרמה ברביקיו ללא ח</ItemName><ManufacturerName>זוגלובק</ManufacturerName><ManufactureCountry>לא ידוע</ManufactureCountry><ManufacturerItemDescription>פסטרמה ברביקיו ללא ח</ManufacturerItemDescription><SoldByWeight/><Quantity>1.00</Quantity><UnitOfMeasure>ק"ג</UnitOfMeasure><QtyInPackage>לא ידוע</QtyInPackage><UnitOfMeasurePrice>89.9000</UnitOfMeasurePrice><AllowDiscount>1</AllowDiscount><ItemStatus>1</ItemStatus><ItemPrice>89.90</ItemPrice></item><item><PriceUpdateDate>2016-02-08 08:07:15</PriceUpdateDate><ItemCode>7290002019114</ItemCode><ItemType>1</ItemType><ItemName>רסק עגבניות 28% A2 6</ItemName><ManufacturerName>פרי ניר</ManufacturerName><ManufactureCountry>ישראל</ManufactureCountry><ManufacturerItemDescription>רסק עגבניות 28% A2 6</ManufacturerItemDescription><SoldByWeight/><Quantity>600.00</Quantity><UnitOfMeasure>גרם     </UnitOfMeasure><QtyInPackage>לא ידוע</QtyInPackage><UnitOfMeasurePrice>0.0123</UnitOfMeasurePrice><AllowDiscount>1</AllowDiscount><ItemStatus>1</ItemStatus><ItemPrice>7.40</ItemPrice></item><item><PriceUpdateDate>2015-11-12 18:17:54</PriceUpdateDate><ItemCode>7290002019763</ItemCode><ItemType>1</ItemType><ItemName>עגבניות מרוסקות 800</ItemName><ManufacturerName>לא ממותג</ManufacturerName><ManufactureCountry>ישראל</ManufactureCountry><ManufacturerItemDescription>עגבניות מרוסקות 800</ManufacturerItemDescription><SoldByWeight/><Quantity>800.00</Quantity><UnitOfMeasure>גרם     </UnitOfMeasure><QtyInPackage>לא ידוע</QtyInPackage><UnitOfMeasurePrice>0.0101</UnitOfMeasurePrice><AllowDiscount>1</AllowDiscount><ItemStatus>1</ItemStatus><ItemPrice>8.10</ItemPrice></item><item><PriceUpdateDate>2016-05-01 21:46:39</PriceUpdateDate><ItemCode>7290002022046</ItemCode><ItemType>1</ItemType><ItemName>מרשמלו ורוד לבן 180</ItemName><ManufacturerName>כרמית</ManufacturerName><ManufactureCountry>ישראל</ManufactureCountry><ManufacturerItemDescription>מרשמלו מושי 180 גרם</ManufacturerItemDescription><SoldByWeight/><Quantity>180.00</Quantity><UnitOfMeasure>גרם     </UnitOfMeasure><QtyInPackage>לא ידוע</QtyInPackage><UnitOfMeasurePrice>0.0400</UnitOfMeasurePrice><AllowDiscount>1</AllowDiscount><ItemStatus>1</ItemStatus><ItemPrice>7.20</ItemPrice></item><item><PriceUpdateDate>2014-11-03 06:38:04</PriceUpdateDate><ItemCode>7290002024002</ItemCode><ItemType>3</ItemType><ItemName>חומוס במשקל</ItemName><ManufacturerName>סלטי שמיר</ManufacturerName><ManufactureCountry>ישראל</ManufactureCountry><ManufacturerItemDescription>חומוס במשקל</ManufacturerItemDescription><SoldByWeight/><Quantity>1.00</Quantity><UnitOfMeasure>ק"ג</UnitOfMeasure><QtyInPackage>לא ידוע</QtyInPackage><UnitOfMeasurePrice>19.0000</UnitOfMeasurePrice><AllowDiscount>1</AllowDiscount><ItemStatus>1</ItemStatus><ItemPrice>19.00</ItemPrice></item><item><PriceUpdateDate>2016-05-02 08:05:47</PriceUpdateDate><ItemCode>7290002026297</ItemCode><ItemType>1</ItemType><ItemName>גלידה וניל חרוסת 500</ItemName><ManufacturerName>בן&amp;גריס</ManufacturerName><ManufactureCountry>ישראל</ManufactureCountry><ManufacturerItemDescription>גלידה וניל צרפתי 500 מל</ManufacturerItemDescription><SoldByWeight/><Quantity>500.00</Quantity><UnitOfMeasure>מ"ל</UnitOfMeasure><QtyInPackage>לא ידוע</QtyInPackage><UnitOfMeasurePrice>0.0398</UnitOfMeasurePrice><AllowDiscount>1</AllowDiscount><ItemStatus>1</ItemStatus><ItemPrice>19.90</ItemPrice></item><item><PriceUpdateDate>2014-11-03 06:37:35</PriceUpdateDate><ItemCode>7290002037040</ItemCode><ItemType>1</ItemType><ItemName>חלה קלה 500גרם</ItemName><ManufacturerName>מאפית ברמן</ManufacturerName><ManufactureCountry>ישראל</ManufactureCountry><ManufacturerItemDescription>חלה קלה 500גרם</ManufacturerItemDescription><SoldByWeight/><Quantity>500.00</Quantity><UnitOfMeasure>גרם     </UnitOfMeasure><QtyInPackage>לא ידוע</QtyInPackage><UnitOfMeasurePrice>0.0356</UnitOfMeasurePrice><AllowDiscount>1</AllowDiscount><ItemStatus>1</ItemStatus><ItemPrice>17.80</ItemPrice></item><item><PriceUpdateDate>2016-05-20 06:39:17</PriceUpdateDate><ItemCode>7290002037057</ItemCode><ItemType>1</ItemType><ItemName>לחם לבן פרוס 500 גרם</ItemName><ManufacturerName>וודש</ManufacturerName><ManufactureCountry>ישראל</ManufactureCountry><ManufacturerItemDescription>לחם לבן פרוס 500 גרם</ManufacturerItemDescription><SoldByWeight/><Quantity>500.00</Quantity><UnitOfMeasure>גרם     </UnitOfMeasure><QtyInPackage>לא ידוע</QtyInPackage><UnitOfMeasurePrice>0.0121</UnitOfMeasurePrice><AllowDiscount>1</AllowDiscount><ItemStatus>1</ItemStatus><ItemPrice>6.04</ItemPrice></item><item><PriceUpdateDate>2016-05-20 06:39:17</PriceUpdateDate><ItemCode>7290002037163</ItemCode><ItemType>1</ItemType><ItemName>לחם אחיד פרוס 750 גר</ItemName><ManufacturerName>וודש</ManufacturerName><ManufactureCountry>ישראל</ManufactureCountry><ManufacturerItemDescription>לחם אחיד פרוס 750 גר</ManufacturerItemDescription><SoldByWeight/><Quantity>750.00</Quantity><UnitOfMeasure>גרם     </UnitOfMeasure><QtyInPackage>לא ידוע</QtyInPackage><UnitOfMeasurePrice>0.0091</UnitOfMeasurePrice><AllowDiscount>1</AllowDiscount><ItemStatus>1</ItemStatus><ItemPrice>6.79</ItemPrice></item><item><PriceUpdateDate>2015-11-12 17:39:19</PriceUpdateDate><ItemCode>7290002037309</ItemCode><ItemType>1</ItemType><ItemName>לחמניות בורגר שישיה</ItemName><ManufacturerName>וודש</ManufacturerName><ManufactureCountry>ישראל</ManufactureCountry><ManufacturerItemDescription>לחמניות בורגר שישיה</ManufacturerItemDescription><SoldByWeight/><Quantity>450.00</Quantity><UnitOfMeasure>גרם     </UnitOfMeasure><QtyInPackage>לא ידוע</QtyInPackage><UnitOfMeasurePrice>0.0329</UnitOfMeasurePrice><AllowDiscount>1</AllowDiscount><ItemStatus>1</ItemStatus><ItemPrice>14.80</ItemPrice></item><item><PriceUpdateDate>2016-05-01 21:46:39</PriceUpdateDate><ItemCode>7290002037637</ItemCode><ItemType>1</ItemType><ItemName>חליות מתוקות 4יח</ItemName><ManufacturerName>וודש</ManufacturerName><ManufactureCountry>ישראל</ManufactureCountry><ManufacturerItemDescription>חליות מתוקות 4יח</ManufacturerItemDescription><SoldByWeight/><Quantity>360.00</Quantity><UnitOfMeasure>גרם     </UnitOfMeasure><QtyInPackage>לא ידוע</QtyInPackage><UnitOfMeasurePrice>0.0442</UnitOfMeasurePrice><AllowDiscount>1</AllowDiscount><ItemStatus>1</ItemStatus><ItemPrice>15.90</ItemPrice></item><item><PriceUpdateDate>2016-05-30 22:03:40</PriceUpdateDate><ItemCode>7290002040019</ItemCode><ItemType>1</ItemType><ItemName>קוסקוס 350 גרם</ItemName><ManufacturerName>קוסקוס מזון</ManufacturerName><ManufactureCountry>ישראל</ManufactureCountry><ManufacturerItemDescription>קוסקוס 350 גרם</ManufacturerItemDescription><SoldByWeight/><Quantity>350.00</Quantity><UnitOfMeasure>גרם     </UnitOfMeasure><QtyInPackage>לא ידוע</QtyInPackage><UnitOfMeasurePrice>0.0140</UnitOfMeasurePrice><AllowDiscount>1</AllowDiscount><ItemStatus>1</ItemStatus><ItemPrice>4.90</ItemPrice></item><item><PriceUpdateDate>2016-05-30 22:03:40</PriceUpdateDate><ItemCode>7290002040064</ItemCode><ItemType>1</ItemType><ItemName>קוסקוס שקית דק 350 ג</ItemName><ManufacturerName>קוסקוס מזון</ManufacturerName><ManufactureCountry>ישראל</ManufactureCountry><ManufacturerItemDescription>קוסקוס שקית דק 350 ג</ManufacturerItemDescription><SoldByWeight/><Quantity>350.00</Quantity><UnitOfMeasure>גרם     </UnitOfMeasure><QtyInPackage>לא ידוע</QtyInPackage><UnitOfMeasurePrice>0.0140</UnitOfMeasurePrice><AllowDiscount>1</AllowDiscount><ItemStatus>1</ItemStatus><ItemPrice>4.90</ItemPrice></item><item><PriceUpdateDate>2016-05-30 22:03:40</PriceUpdateDate><ItemCode>7290002040071</ItemCode><ItemType>1</ItemType><ItemName>קוסקוס שקית עבה 350</ItemName><ManufacturerName>קוסקוס מזון</ManufacturerName><ManufactureCountry>ישראל</ManufactureCountry><ManufacturerItemDescription>קוסקוס שקית עבה 350</ManufacturerItemDescription><SoldByWeight/><Quantity>350.00</Quantity><UnitOfMeasure>גרם     </UnitOfMeasure><QtyInPackage>לא ידוע</QtyInPackage><UnitOfMeasurePrice>0.0140</UnitOfMeasurePrice><AllowDiscount>1</AllowDiscount><ItemStatus>1</ItemStatus><ItemPrice>4.90</ItemPrice></item><item><PriceUpdateDate>2015-09-09 11:16:02</PriceUpdateDate><ItemCode>7290002050018</ItemCode><ItemType>1</ItemType><ItemName>גרעיני אבטיח 170 גרם</ItemName><ManufacturerName>זארובי</ManufacturerName><ManufactureCountry>לא ידוע</ManufactureCountry><ManufacturerItemDescription>גרעיני אבטיח 170 גרם</ManufacturerItemDescription><SoldByWeight/><Quantity>170.00</Quantity><UnitOfMeasure>גרם     </UnitOfMeasure><QtyInPackage>לא ידוע</QtyInPackage><UnitOfMeasurePrice>0.0700</UnitOfMeasurePrice><AllowDiscount>1</AllowDiscount><ItemStatus>1</ItemStatus><ItemPrice>11.90</ItemPrice></item><item><PriceUpdateDate>2015-11-12 16:51:31</PriceUpdateDate><ItemCode>7290002053118</ItemCode><ItemType>1</ItemType><ItemName>אטריות ביצים מ''ס 14</ItemName><ManufacturerName>לא ידוע</ManufacturerName><ManufactureCountry>ישראל</ManufactureCountry><ManufacturerItemDescription>אטריות ביצים מ''ס 14</ManufacturerItemDescription><SoldByWeight/><Quantity>200.00</Quantity><UnitOfMeasure>גרם     </UnitOfMeasure><QtyInPackage>לא ידוע</QtyInPackage><UnitOfMeasurePrice>0.0445</UnitOfMeasurePrice><AllowDiscount>1</AllowDiscount><ItemStatus>1</ItemStatus><ItemPrice>8.90</ItemPrice></item><item><PriceUpdateDate>2015-11-03 08:38:27</PriceUpdateDate><ItemCode>7290002053361</ItemCode><ItemType>1</ItemType><ItemName>נודלס תאילנדי 400 גר</ItemName><ManufacturerName>לא ממותג</ManufacturerName><ManufactureCountry>ישראל</ManufactureCountry><ManufacturerItemDescription>נודלס אריזת ענק 400 גרם</ManufacturerItemDescription><SoldByWeight/><Quantity>400.00</Quantity><UnitOfMeasure>גרם     </UnitOfMeasure><QtyInPackage>לא ידוע</QtyInPackage><UnitOfMeasurePrice>0.0415</UnitOfMeasurePrice><AllowDiscount>1</AllowDiscount><ItemStatus>1</ItemStatus><ItemPrice>16.60</ItemPrice></item><item><PriceUpdateDate>2016-05-30 22:03:40</PriceUpdateDate><ItemCode>7290002061137</ItemCode><ItemType>1</ItemType><ItemName>מב קרם דפילטור אורנה</ItemName><ManufacturerName>אורנה 19</ManufacturerName><ManufactureCountry>ישראל</ManufactureCountry><ManufacturerItemDescription>מב קרם דפילטור אורנה</ManufacturerItemDescription><SoldByWeight/><Quantity>80.00</Quantity><UnitOfMeasure>מ"ל</UnitOfMeasure><QtyInPackage>לא ידוע</QtyInPackage><UnitOfMeasurePrice>0.1863</UnitOfMeasurePrice><AllowDiscount>1</AllowDiscount><ItemStatus>1</ItemStatus><ItemPrice>14.90</ItemPrice></item><item><PriceUpdateDate>2016-05-30 22:03:40</PriceUpdateDate><ItemCode>7290002065555</ItemCode><ItemType>1</ItemType><ItemName>מב 6 לחמניות בשקית</ItemName><ManufacturerName>אנג'ל</ManufacturerName><ManufactureCountry>ישראל</ManufactureCountry><ManufacturerItemDescription>לחמניות ארוכות 450 1/6 גר</ManufacturerItemDescription><SoldByWeight/><Quantity>450.00</Quantity><UnitOfMeasure>גרם     </UnitOfMeasure><QtyInPackage>לא ידוע</QtyInPackage><UnitOfMeasurePrice>0.0220</UnitOfMeasurePrice><AllowDiscount>1</AllowDiscount><ItemStatus>1</ItemStatus><ItemPrice>9.90</ItemPrice></item><item><PriceUpdateDate>2016-03-01 06:49:06</PriceUpdateDate><ItemCode>7290002065616</ItemCode><ItemType>1</ItemType><ItemName>לחם שיפון גרעינים 75</ItemName><ManufacturerName>אנג'ל</ManufacturerName><ManufactureCountry>ישראל</ManufactureCountry><ManufacturerItemDescription>לחם שיפון גרעינים 750 גרם</ManufacturerItemDescription><SoldByWeight/><Quantity>750.00</Quantity><UnitOfMeasure>גרם     </UnitOfMeasure><QtyInPackage>לא ידוע</QtyInPackage><UnitOfMeasurePrice>0.0172</UnitOfMeasurePrice><AllowDiscount>1</AllowDiscount><ItemStatus>1</ItemStatus><ItemPrice>12.90</ItemPrice></item><item><PriceUpdateDate>2016-03-01 06:49:06</PriceUpdateDate><ItemCode>7290002065623</ItemCode><ItemType>1</ItemType><ItemName>לחם שיפון כפרי 750 ג</ItemName><ManufacturerName>אנג'ל</ManufacturerName><ManufactureCountry>ישראל</ManufactureCountry><ManufacturerItemDescription>לחם שיפון כפרי 750 גרם</ManufacturerItemDescription><SoldByWeight/><Quantity>750.00</Quantity><UnitOfMeasure>גרם     </UnitOfMeasure><QtyInPackage>לא ידוע</QtyInPackage><UnitOfMeasurePrice>0.0172</UnitOfMeasurePrice><AllowDiscount>1</AllowDiscount><ItemStatus>1</ItemStatus><ItemPrice>12.90</ItemPrice></item><item><PriceUpdateDate>2016-05-30 22:03:41</PriceUpdateDate><ItemCode>7290002077176</ItemCode><ItemType>3</ItemType><ItemName>נתחי פילה סלמון</ItemName><ManufacturerName>דלידג</ManufacturerName><ManufactureCountry>ישראל</ManufactureCountry><ManufacturerItemDescription>נתחי פילה סלמון</ManufacturerItemDescription><SoldByWeight/><Quantity>1.00</Quantity><UnitOfMeasure>ק"ג</UnitOfMeasure><QtyInPackage>לא ידוע</QtyInPackage><UnitOfMeasurePrice>74.9000</UnitOfMeasurePrice><AllowDiscount>1</AllowDiscount><ItemStatus>1</ItemStatus><ItemPrice>74.90</ItemPrice></item><item><PriceUpdateDate>2015-11-12 18:17:44</PriceUpdateDate><ItemCode>7290002077268</ItemCode><ItemType>1</ItemType><ItemName>מיני קציצת דג לבישול</ItemName><ManufacturerName>לא ממותג</ManufacturerName><ManufactureCountry>ישראל</ManufactureCountry><ManufacturerItemDescription>מיני קציצת דג לבישול</ManufacturerItemDescription><SoldByWeight/><Quantity>500.00</Quantity><UnitOfMeasure>גרם     </UnitOfMeasure><QtyInPackage>לא ידוע</QtyInPackage><UnitOfMeasurePrice>0.0464</UnitOfMeasurePrice><AllowDiscount>1</AllowDiscount><ItemStatus>1</ItemStatus><ItemPrice>23.20</ItemPrice></item><item><PriceUpdateDate>2016-05-20 06:39:26</PriceUpdateDate><ItemCode>7290002079477</ItemCode><ItemType>1</ItemType><ItemName>לחם אחיד פרוס 750גרם</ItemName><ManufacturerName>מאפית אלומות</ManufacturerName><ManufactureCountry>ישראל</ManufactureCountry><ManufacturerItemDescription>לחם אחיד פרוס 750גרם</ManufacturerItemDescription><SoldByWeight/><Quantity>750.00</Quantity><UnitOfMeasure>גרם     </UnitOfMeasure><QtyInPackage>לא ידוע</QtyInPackage><UnitOfMeasurePrice>0.0091</UnitOfMeasurePrice><AllowDiscount>1</AllowDiscount><ItemStatus>1</ItemStatus><ItemPrice>6.79</ItemPrice></item><item><PriceUpdateDate>2016-05-02 08:05:47</PriceUpdateDate><ItemCode>7290002079927</ItemCode><ItemType>1</ItemType><ItemName>מב לחם דגנים מלא לחם</ItemName><ManufacturerName>לא ממותג</ManufacturerName><ManufactureCountry>ישראל</ManufactureCountry><ManufacturerItemDescription>מב לחם דגנים מלא לחם</ManufacturerItemDescription><SoldByWeight/><Quantity>750.00</Quantity><UnitOfMeasure>גרם     </UnitOfMeasure><QtyInPackage>לא ידוע</QtyInPackage><UnitOfMeasurePrice>0.0172</UnitOfMeasurePrice><AllowDiscount>1</AllowDiscount><ItemStatus>1</ItemStatus><ItemPrice>12.90</ItemPrice></item><item><PriceUpdateDate>2016-01-05 08:49:11</PriceUpdateDate><ItemCode>7290002079996</ItemCode><ItemType>1</ItemType><ItemName>מב לחם  אחיד קל פרוס</ItemName><ManufacturerName>דוידוביץ</ManufacturerName><ManufactureCountry>ישראל</ManufactureCountry><ManufacturerItemDescription>מב לחם  אחיד קל פרוס</ManufacturerItemDescription><SoldByWeight/><Quantity>750.00</Quantity><UnitOfMeasure>גרם     </UnitOfMeasure><QtyInPackage>לא ידוע</QtyInPackage><UnitOfMeasurePrice>0.0185</UnitOfMeasurePrice><AllowDiscount>1</AllowDiscount><ItemStatus>1</ItemStatus><ItemPrice>13.90</ItemPrice></item><item><PriceUpdateDate>2016-03-29 13:00:30</PriceUpdateDate><ItemCode>7290002107019</ItemCode><ItemType>1</ItemType><ItemName>גבינה צפתית מעודנת 5</ItemName><ManufacturerName>משק צוריאל</ManufacturerName><ManufactureCountry>ישראל</ManufactureCountry><ManufacturerItemDescription>צפתית מעודנת 250 5% ג</ManufacturerItemDescription><SoldByWeight/><Quantity>250.00</Quantity><UnitOfMeasure>גרם     </UnitOfMeasure><QtyInPackage>לא ידוע</QtyInPackage><UnitOfMeasurePrice>0.0768</UnitOfMeasurePrice><AllowDiscount>1</AllowDiscount><ItemStatus>1</ItemStatus><ItemPrice>19.20</ItemPrice></item><item><PriceUpdateDate>2016-05-01 21:46:39</PriceUpdateDate><ItemCode>7290002107071</ItemCode><ItemType>1</ItemType><ItemName>גבינה פטה עיזים מעוד</ItemName><ManufacturerName>משק צוריאל</ManufacturerName><ManufactureCountry>ישראל</ManufactureCountry><ManufacturerItemDescription>פטה עיזים מעודנת 200 16%</ManufacturerItemDescription><SoldByWeight/><Quantity>200.00</Quantity><UnitOfMeasure>גרם     </UnitOfMeasure><QtyInPackage>לא ידוע</QtyInPackage><UnitOfMeasurePrice>0.1260</UnitOfMeasurePrice><AllowDiscount>1</AllowDiscount><ItemStatus>1</ItemStatus><ItemPrice>25.20</ItemPrice></item><item><PriceUpdateDate>2015-10-21 14:06:43</PriceUpdateDate><ItemCode>7290002107491</ItemCode><ItemType>1</ItemType><ItemName>גבינת עיזים טבעי 5%</ItemName><ManufacturerName>משק צוריאל</ManufacturerName><ManufactureCountry>ישראל</ManufactureCountry><ManufacturerItemDescription>גבינת עיזים 5% למריחה טעם</ManufacturerItemDescription><SoldByWeight/><Quantity>250.00</Quantity><UnitOfMeasure>מ"ל</UnitOfMeasure><QtyInPackage>לא ידוע</QtyInPackage><UnitOfMeasurePrice>0.0660</UnitOfMeasurePrice><AllowDiscount>1</AllowDiscount><ItemStatus>1</ItemStatus><ItemPrice>16.50</ItemPrice></item><item><PriceUpdateDate>2015-10-21 14:06:43</PriceUpdateDate><ItemCode>7290002107965</ItemCode><ItemType>1</ItemType><ItemName>גבינת טבורוג 500 גרם</ItemName><ManufacturerName>משק צוריאל</ManufacturerName><ManufactureCountry>ישראל</ManufactureCountry><ManufacturerItemDescription>גבינת טבורוג 500 גרם</ManufacturerItemDescription><SoldByWeight/><Quantity>500.00</Quantity><UnitOfMeasure>גרם     </UnitOfMeasure><QtyInPackage>לא ידוע</QtyInPackage><UnitOfMeasurePrice>0.0508</UnitOfMeasurePrice><AllowDiscount>1</AllowDiscount><ItemStatus>1</ItemStatus><ItemPrice>25.40</ItemPrice></item><item><PriceUpdateDate>2015-11-12 18:17:44</PriceUpdateDate><ItemCode>7290002109334</ItemCode><ItemType>1</ItemType><ItemName>קציצת דג סלמון לבישו</ItemName><ManufacturerName>דלידג</ManufacturerName><ManufactureCountry>ישראל</ManufactureCountry><ManufacturerItemDescription>קציצת דג סלמון לבישו</ManufacturerItemDescription><SoldByWeight/><Quantity>750.00</Quantity><UnitOfMeasure>גרם     </UnitOfMeasure><QtyInPackage>לא ידוע</QtyInPackage><UnitOfMeasurePrice>0.0420</UnitOfMeasurePrice><AllowDiscount>1</AllowDiscount><ItemStatus>1</ItemStatus><ItemPrice>31.50</ItemPrice></item><item><PriceUpdateDate>2016-05-31 12:02:37</PriceUpdateDate><ItemCode>7290002109488</ItemCode><ItemType>1</ItemType><ItemName>מב קבב אמיתי 100% 44</ItemName><ManufacturerName>טיבון ויל</ManufacturerName><ManufactureCountry>ישראל</ManufactureCountry><ManufacturerItemDescription>מב קבב אמיתי 100% 44</ManufacturerItemDescription><SoldByWeight/><Quantity>440.00</Quantity><UnitOfMeasure>גרם     </UnitOfMeasure><QtyInPackage>לא ידוע</QtyInPackage><UnitOfMeasurePrice>0.0430</UnitOfMeasurePrice><AllowDiscount>1</AllowDiscount><ItemStatus>1</ItemStatus><ItemPrice>18.90</ItemPrice></item><item><PriceUpdateDate>2014-11-03 06:37:19</PriceUpdateDate><ItemCode>7290002118381</ItemCode><ItemType>1</ItemType><ItemName>צמרונים בחבית</ItemName><ManufacturerName>לא ידוע</ManufacturerName><ManufactureCountry>ישראל</ManufactureCountry><ManufacturerItemDescription>צמרונים בחבית</ManufacturerItemDescription><SoldByWeight/><Quantity>0.00</Quantity><UnitOfMeasure>יח'</UnitOfMeasure><QtyInPackage>לא ידוע</QtyInPackage><UnitOfMeasurePrice>0.0000</UnitOfMeasurePrice><AllowDiscount>1</AllowDiscount><ItemStatus>1</ItemStatus><ItemPrice>3.70</ItemPrice></item><item><PriceUpdateDate>2014-11-03 06:37:19</PriceUpdateDate><ItemCode>7290002118435</ItemCode><ItemType>1</ItemType><ItemName>צמרוני אוזניים</ItemName><ManufacturerName>הנמל</ManufacturerName><ManufactureCountry>ישראל</ManufactureCountry><ManufacturerItemDescription>צמרוני אוזניים</ManufacturerItemDescription><SoldByWeight/><Quantity>0.00</Quantity><UnitOfMeasure>יח'</UnitOfMeasure><QtyInPackage>לא ידוע</QtyInPackage><UnitOfMeasurePrice>0.0000</UnitOfMeasurePrice><AllowDiscount>1</AllowDiscount><ItemStatus>1</ItemStatus><ItemPrice>8.20</ItemPrice></item><item><PriceUpdateDate>2016-05-30 22:03:41</PriceUpdateDate><ItemCode>7290002130567</ItemCode><ItemType>1</ItemType><ItemName>דבש 350 גרם</ItemName><ManufacturerName>יד מרדכי</ManufacturerName><ManufactureCountry>ישראל</ManufactureCountry><ManufacturerItemDescription>דבש דבורים טהור350 גר</ManufacturerItemDescription><SoldByWeight/><Quantity>350.00</Quantity><UnitOfMeasure>גרם     </UnitOfMeasure><QtyInPackage>לא ידוע</QtyInPackage><UnitOfMeasurePrice>0.0540</UnitOfMeasurePrice><AllowDiscount>1</AllowDiscount><ItemStatus>1</ItemStatus><ItemPrice>18.90</ItemPrice></item><item><PriceUpdateDate>2016-02-16 15:21:12</PriceUpdateDate><ItemCode>7290002130574</ItemCode><ItemType>1</ItemType><ItemName>דבש 500 גרם</ItemName><ManufacturerName>יד מרדכי</ManufacturerName><ManufactureCountry>ישראל</ManufactureCountry><ManufacturerItemDescription>דבש דבורים טהור500 גר</ManufacturerItemDescription><SoldByWeight/><Quantity>500.00</Quantity><UnitOfMeasure>גרם     </UnitOfMeasure><QtyInPackage>לא ידוע</QtyInPackage><UnitOfMeasurePrice>0.0598</UnitOfMeasurePrice><AllowDiscount>1</AllowDiscount><ItemStatus>1</ItemStatus><ItemPrice>29.90</ItemPrice></item><item><PriceUpdateDate>2015-10-21 13:56:09</PriceUpdateDate><ItemCode>7290002130581</ItemCode><ItemType>1</ItemType><ItemName>דבש 1 ק"ג</ItemName><ManufacturerName>יד מרדכי</ManufacturerName><ManufactureCountry>ישראל</ManufactureCountry><ManufacturerItemDescription>דבש 1 ק"ג</ManufacturerItemDescription><SoldByWeight/><Quantity>1000.00</Quantity><UnitOfMeasure>גרם     </UnitOfMeasure><QtyInPackage>לא ידוע</QtyInPackage><UnitOfMeasurePrice>0.0555</UnitOfMeasurePrice><AllowDiscount>1</AllowDiscount><ItemStatus>1</ItemStatus><ItemPrice>55.50</ItemPrice></item><item><PriceUpdateDate>2016-05-02 08:05:47</PriceUpdateDate><ItemCode>7290002132011</ItemCode><ItemType>1</ItemType><ItemName>עוגיות מזרחיות עבאדי</ItemName><ManufacturerName>עבדי</ManufacturerName><ManufactureCountry>ישראל</ManufactureCountry><ManufacturerItemDescription>עוגיות מזרחיות עבאדי500 ג</ManufacturerItemDescription><SoldByWeight/><Quantity>500.00</Quantity><UnitOfMeasure>גרם     </UnitOfMeasure><QtyInPackage>לא ידוע</QtyInPackage><UnitOfMeasurePrice>0.0358</UnitOfMeasurePrice><AllowDiscount>1</AllowDiscount><ItemStatus>1</ItemStatus><ItemPrice>17.90</ItemPrice></item><item><PriceUpdateDate>2016-01-05 08:49:12</PriceUpdateDate><ItemCode>7290002133032</ItemCode><ItemType>1</ItemType><ItemName>פתיתי קשקבל 250 גרם</ItemName><ManufacturerName>מחלבת השומרון</ManufacturerName><ManufactureCountry>ישראל</ManufactureCountry><ManufacturerItemDescription>פתיתי קשקבל 250 גרם</ManufacturerItemDescription><SoldByWeight/><Quantity>250.00</Quantity><UnitOfMeasure>גרם     </UnitOfMeasure><QtyInPackage>לא ידוע</QtyInPackage><UnitOfMeasurePrice>0.1132</UnitOfMeasurePrice><AllowDiscount>1</AllowDiscount><ItemStatus>1</ItemStatus><ItemPrice>28.30</ItemPrice></item><item><PriceUpdateDate>2016-05-30 22:03:41</PriceUpdateDate><ItemCode>7290002133094</ItemCode><ItemType>3</ItemType><ItemName>מב גבינת ברינזה צאן</ItemName><ManufacturerName>מחלבת השומרון</ManufacturerName><ManufactureCountry>ישראל</ManufactureCountry><ManufacturerItemDescription>מב גבינת ברינזה צאן</ManufacturerItemDescription><SoldByWeight/><Quantity>1.00</Quantity><UnitOfMeasure>ק"ג</UnitOfMeasure><QtyInPackage>לא ידוע</QtyInPackage><UnitOfMeasurePrice>65.0000</UnitOfMeasurePrice><AllowDiscount>1</AllowDiscount><ItemStatus>1</ItemStatus><ItemPrice>65.00</ItemPrice></item><item><PriceUpdateDate>2015-06-30 06:46:28</PriceUpdateDate><ItemCode>7290002133162</ItemCode><ItemType>1</ItemType><ItemName>בולגרית של פעם 5% 25</ItemName><ManufacturerName>מחלבת השומרון</ManufacturerName><ManufactureCountry>ישראל</ManufactureCountry><ManufacturerItemDescription>בולגרית של פעם 5% 25</ManufacturerItemDescription><SoldByWeight/><Quantity>250.00</Quantity><UnitOfMeasure>גרם     </UnitOfMeasure><QtyInPackage>לא ידוע</QtyInPackage><UnitOfMeasurePrice>0.0756</UnitOfMeasurePrice><AllowDiscount>1</AllowDiscount><ItemStatus>1</ItemStatus><ItemPrice>18.90</ItemPrice></item><item><PriceUpdateDate>2016-06-01 09:41:31</PriceUpdateDate><ItemCode>7290002133247</ItemCode><ItemType>1</ItemType><ItemName>מב לאבנה עם שמן וזעת</ItemName><ManufacturerName>מחלבת השומרון</ManufacturerName><ManufactureCountry>ישראל</ManufactureCountry><ManufacturerItemDescription>מב לאבנה עם שמן וזעת</ManufacturerItemDescription><SoldByWeight/><Quantity>250.00</Quantity><UnitOfMeasure>גרם     </UnitOfMeasure><QtyInPackage>לא ידוע</QtyInPackage><UnitOfMeasurePrice>0.0436</UnitOfMeasurePrice><AllowDiscount>1</AllowDiscount><ItemStatus>1</ItemStatus><ItemPrice>10.90</ItemPrice></item><item><PriceUpdateDate>2014-11-03 06:37:35</PriceUpdateDate><ItemCode>7290002133537</ItemCode><ItemType>1</ItemType><ItemName>יוגורט עיזים 180 גרם</ItemName><ManufacturerName>מחלבת השומרון</ManufacturerName><ManufactureCountry>ישראל</ManufactureCountry><ManufacturerItemDescription>יוגורט עיזים 180 גרם</ManufacturerItemDescription><SoldByWeight/><Quantity>180.00</Quantity><UnitOfMeasure>גרם     </UnitOfMeasure><QtyInPackage>לא ידוע</QtyInPackage><UnitOfMeasurePrice>0.0367</UnitOfMeasurePrice><AllowDiscount>1</AllowDiscount><ItemStatus>1</ItemStatus><ItemPrice>6.60</ItemPrice></item><item><PriceUpdateDate>2016-03-14 06:44:49</PriceUpdateDate><ItemCode>7290002133612</ItemCode><ItemType>1</ItemType><ItemName>יוגורט יווני 180 גרם</ItemName><ManufacturerName>מחלבת השומרון</ManufacturerName><ManufactureCountry>ישראל</ManufactureCountry><ManufacturerItemDescription>יוגורט יווני 180 גרם</ManufacturerItemDescription><SoldByWeight/><Quantity>180.00</Quantity><UnitOfMeasure>גרם     </UnitOfMeasure><QtyInPackage>לא ידוע</QtyInPackage><UnitOfMeasurePrice>0.0328</UnitOfMeasurePrice><AllowDiscount>1</AllowDiscount><ItemStatus>1</ItemStatus><ItemPrice>5.90</ItemPrice></item><item><PriceUpdateDate>2016-03-29 06:36:26</PriceUpdateDate><ItemCode>7290002133889</ItemCode><ItemType>1</ItemType><ItemName>מב בולגרית מעודנת 5%</ItemName><ManufacturerName>מחלבת השומרון</ManufacturerName><ManufactureCountry>ישראל</ManufactureCountry><ManufacturerItemDescription>מב בולגרית מעודנת 5%</ManufacturerItemDescription><SoldByWeight/><Quantity>250.00</Quantity><UnitOfMeasure>גרם     </UnitOfMeasure><QtyInPackage>לא ידוע</QtyInPackage><UnitOfMeasurePrice>0.0596</UnitOfMeasurePrice><AllowDiscount>1</AllowDiscount><ItemStatus>1</ItemStatus><ItemPrice>14.90</ItemPrice></item><item><PriceUpdateDate>2014-11-03 06:37:35</PriceUpdateDate><ItemCode>7290002133926</ItemCode><ItemType>1</ItemType><ItemName>יוגורט של פעם 180 גר</ItemName><ManufacturerName>מחלבת השומרון</ManufacturerName><ManufactureCountry>ישראל</ManufactureCountry><ManufacturerItemDescription>יוגורט של פעם 180 גר</ManufacturerItemDescription><SoldByWeight/><Quantity>180.00</Quantity><UnitOfMeasure>גרם     </UnitOfMeasure><QtyInPackage>לא ידוע</QtyInPackage><UnitOfMeasurePrice>0.0339</UnitOfMeasurePrice><AllowDiscount>1</AllowDiscount><ItemStatus>1</ItemStatus><ItemPrice>6.10</ItemPrice></item><item><PriceUpdateDate>2014-11-03 06:37:35</PriceUpdateDate><ItemCode>7290002133940</ItemCode><ItemType>1</ItemType><ItemName>יוגורט כבשים 180 גרם</ItemName><ManufacturerName>מחלבת השומרון</ManufacturerName><ManufactureCountry>ישראל</ManufactureCountry><ManufacturerItemDescription>יוגורט כבשים 180 גרם</ManufacturerItemDescription><SoldByWeight/><Quantity>180.00</Quantity><UnitOfMeasure>גרם     </UnitOfMeasure><QtyInPackage>לא ידוע</QtyInPackage><UnitOfMeasurePrice>0.0367</UnitOfMeasurePrice><AllowDiscount>1</AllowDiscount><ItemStatus>1</ItemStatus><ItemPrice>6.60</ItemPrice></item><item><PriceUpdateDate>2015-08-04 09:21:43</PriceUpdateDate><ItemCode>7290002133986</ItemCode><ItemType>3</ItemType><ItemName>חמאת עיזים במשקל</ItemName><ManufacturerName>מחלבת השומרון</ManufacturerName><ManufactureCountry>לא ידוע</ManufactureCountry><ManufacturerItemDescription>חמאת עיזים במשקל</ManufacturerItemDescription><SoldByWeight/><Quantity>1.00</Quantity><UnitOfMeasure>ק"ג</UnitOfMeasure><QtyInPackage>לא ידוע</QtyInPackage><UnitOfMeasurePrice>69.0000</UnitOfMeasurePrice><AllowDiscount>1</AllowDiscount><ItemStatus>1</ItemStatus><ItemPrice>69.00</ItemPrice></item><item><PriceUpdateDate>2016-02-22 09:24:42</PriceUpdateDate><ItemCode>7290002157540</ItemCode><ItemType>3</ItemType><ItemName>שריר בקר טרי אל גאוצ</ItemName><ManufacturerName>נטו סחר</ManufacturerName><ManufactureCountry>לא ידוע</ManufactureCountry><ManufacturerItemDescription>שריר בקר טרי אל גאוצ</ManufacturerItemDescription><SoldByWeight/><Quantity>1.00</Quantity><UnitOfMeasure>ק"ג</UnitOfMeasure><QtyInPackage>לא ידוע</QtyInPackage><UnitOfMeasurePrice>54.9000</UnitOfMeasurePrice><AllowDiscount>1</AllowDiscount><ItemStatus>1</ItemStatus><ItemPrice>54.90</ItemPrice></item><item><PriceUpdateDate>2016-01-05 08:49:12</PriceUpdateDate><ItemCode>7290002190141</ItemCode><ItemType>1</ItemType><ItemName>ריבת חלב בצנצנת 450</ItemName><ManufacturerName>קומידה</ManufacturerName><ManufactureCountry>ישראל</ManufactureCountry><ManufacturerItemDescription>ריבת חלב 450  גרם</ManufacturerItemDescription><SoldByWeight/><Quantity>450.00</Quantity><UnitOfMeasure>גרם     </UnitOfMeasure><QtyInPackage>לא ידוע</QtyInPackage><UnitOfMeasurePrice>0.0382</UnitOfMeasurePrice><AllowDiscount>1</AllowDiscount><ItemStatus>1</ItemStatus><ItemPrice>17.20</ItemPrice></item><item><PriceUpdateDate>2016-06-01 06:30:47</PriceUpdateDate><ItemCode>7290002239215</ItemCode><ItemType>1</ItemType><ItemName>מב אפונה וגזר 800 גר</ItemName><ManufacturerName>פרי הגליל</ManufacturerName><ManufactureCountry>ישראל</ManufactureCountry><ManufacturerItemDescription>מב אפונה וגזר 800 גר</ManufacturerItemDescription><SoldByWeight/><Quantity>800.00</Quantity><UnitOfMeasure>גרם     </UnitOfMeasure><QtyInPackage>לא ידוע</QtyInPackage><UnitOfMeasurePrice>0.0136</UnitOfMeasurePrice><AllowDiscount>1</AllowDiscount><ItemStatus>1</ItemStatus><ItemPrice>10.90</ItemPrice></item><item><PriceUpdateDate>2016-06-01 06:30:48</PriceUpdateDate><ItemCode>7290002239420</ItemCode><ItemType>1</ItemType><ItemName>מב גרעיני תירס קפוא</ItemName><ManufacturerName>פרי הגליל</ManufacturerName><ManufactureCountry>ישראל</ManufactureCountry><ManufacturerItemDescription>מב גרעיני תירס קפוא</ManufacturerItemDescription><SoldByWeight/><Quantity>800.00</Quantity><UnitOfMeasure>גרם     </UnitOfMeasure><QtyInPackage>לא ידוע</QtyInPackage><UnitOfMeasurePrice>0.0136</UnitOfMeasurePrice><AllowDiscount>1</AllowDiscount><ItemStatus>1</ItemStatus><ItemPrice>10.90</ItemPrice></item><item><PriceUpdateDate>2016-05-30 22:03:42</PriceUpdateDate><ItemCode>7290002253006</ItemCode><ItemType>1</ItemType><ItemName>שום דורות בצנצנת 200</ItemName><ManufacturerName>דורות</ManufacturerName><ManufactureCountry>ישראל</ManufactureCountry><ManufacturerItemDescription>שום כתוש דורות בצנצנת 200</ManufacturerItemDescription><SoldByWeight/><Quantity>200.00</Quantity><UnitOfMeasure>גרם     </UnitOfMeasure><QtyInPackage>לא ידוע</QtyInPackage><UnitOfMeasurePrice>0.0675</UnitOfMeasurePrice><AllowDiscount>1</AllowDiscount><ItemStatus>1</ItemStatus><ItemPrice>13.50</ItemPrice></item><item><PriceUpdateDate>2016-05-01 21:46:40</PriceUpdateDate><ItemCode>7290002253105</ItemCode><ItemType>1</ItemType><ItemName>קוביות שום טרי במגשי</ItemName><ManufacturerName>דורות</ManufacturerName><ManufactureCountry>ישראל</ManufactureCountry><ManufacturerItemDescription>שום כתוש מגשית 80 גר</ManufacturerItemDescription><SoldByWeight/><Quantity>80.00</Quantity><UnitOfMeasure>גרם     </UnitOfMeasure><QtyInPackage>לא ידוע</QtyInPackage><UnitOfMeasurePrice>0.1613</UnitOfMeasurePrice><AllowDiscount>1</AllowDiscount><ItemStatus>1</ItemStatus><ItemPrice>12.90</ItemPrice></item><item><PriceUpdateDate>2016-05-01 21:46:40</PriceUpdateDate><ItemCode>7290002253150</ItemCode><ItemType>1</ItemType><ItemName>בזיליקום טרי קצוץ 70</ItemName><ManufacturerName>דורות</ManufacturerName><ManufactureCountry>ישראל</ManufactureCountry><ManufacturerItemDescription>בזיליקום קצוץ 70 גר מגשית</ManufacturerItemDescription><SoldByWeight/><Quantity>14.00</Quantity><UnitOfMeasure>גרם     </UnitOfMeasure><QtyInPackage>לא ידוע</QtyInPackage><UnitOfMeasurePrice>0.8214</UnitOfMeasurePrice><AllowDiscount>1</AllowDiscount><ItemStatus>1</ItemStatus><ItemPrice>11.50</ItemPrice></item><item><PriceUpdateDate>2016-05-01 21:46:40</PriceUpdateDate><ItemCode>7290002253167</ItemCode><ItemType>1</ItemType><ItemName>פטרוזיליה טרייה קצוצ</ItemName><ManufacturerName>דורות</ManufacturerName><ManufactureCountry>ישראל</ManufactureCountry><ManufacturerItemDescription>פטרוזיליה טרייה קצוצה 70</ManufacturerItemDescription><SoldByWeight/><Quantity>14.00</Quantity><UnitOfMeasure>גרם     </UnitOfMeasure><QtyInPackage>לא ידוע</QtyInPackage><UnitOfMeasurePrice>0.8214</UnitOfMeasurePrice><AllowDiscount>1</AllowDiscount><ItemStatus>1</ItemStatus><ItemPrice>11.50</ItemPrice></item><item><PriceUpdateDate>2016-05-01 21:46:40</PriceUpdateDate><ItemCode>7290002253181</ItemCode><ItemType>1</ItemType><ItemName>כוסברה טרייה קצוצה 7</ItemName><ManufacturerName>דורות</ManufacturerName><ManufactureCountry>ישראל</ManufactureCountry><ManufacturerItemDescription>כוסברה טריה קצוצה</ManufacturerItemDescription><SoldByWeight/><Quantity>14.00</Quantity><UnitOfMeasure>גרם     </UnitOfMeasure><QtyInPackage>לא ידוע</QtyInPackage><UnitOfMeasurePrice>0.8214</UnitOfMeasurePrice><AllowDiscount>1</AllowDiscount><ItemStatus>1</ItemStatus><ItemPrice>11.50</ItemPrice></item><item><PriceUpdateDate>2016-05-01 21:46:40</PriceUpdateDate><ItemCode>7290002253198</ItemCode><ItemType>1</ItemType><ItemName>גינג'ר כתוש קפוא 90</ItemName><ManufacturerName>דורות</ManufacturerName><ManufactureCountry>ישראל</ManufactureCountry><ManufacturerItemDescription>גינגר כתוש קפוא מגשית</ManufacturerItemDescription><SoldByWeight/><Quantity>90.00</Quantity><UnitOfMeasure>גרם     </UnitOfMeasure><QtyInPackage>לא ידוע</QtyInPackage><UnitOfMeasurePrice>0.1422</UnitOfMeasurePrice><AllowDiscount>1</AllowDiscount><ItemStatus>1</ItemStatus><ItemPrice>12.80</ItemPrice></item><item><PriceUpdateDate>2016-02-02 06:51:00</PriceUpdateDate><ItemCode>7290002259664</ItemCode><ItemType>1</ItemType><ItemName>דיימונד קצר 60 מטר</ItemName><ManufacturerName>דיימונד</ManufacturerName><ManufactureCountry>ישראל</ManufactureCountry><ManufacturerItemDescription>דיימונד קצר 60 מטר</ManufacturerItemDescription><SoldByWeight/><Quantity>1.00</Quantity><UnitOfMeasure>יח'</UnitOfMeasure><QtyInPackage>לא ידוע</QtyInPackage><UnitOfMeasurePrice>61.1000</UnitOfMeasurePrice><AllowDiscount>1</AllowDiscount><ItemStatus>1</ItemStatus><ItemPrice>61.10</ItemPrice></item><item><PriceUpdateDate>2016-05-30 22:03:42</PriceUpdateDate><ItemCode>7290002319047</ItemCode><ItemType>1</ItemType><ItemName>מב אגוזי מלך מיה 100</ItemName><ManufacturerName>מיה</ManufacturerName><ManufactureCountry>ישראל</ManufactureCountry><ManufacturerItemDescription>מב אגוזי מלך מיה 100</ManufacturerItemDescription><SoldByWeight/><Quantity>100.00</Quantity><UnitOfMeasure>גרם     </UnitOfMeasure><QtyInPackage>לא ידוע</QtyInPackage><UnitOfMeasurePrice>0.0990</UnitOfMeasurePrice><AllowDiscount>1</AllowDiscount><ItemStatus>1</ItemStatus><ItemPrice>9.90</ItemPrice></item><item><PriceUpdateDate>2014-11-03 06:37:33</PriceUpdateDate><ItemCode>7290002319214</ItemCode><ItemType>1</ItemType><ItemName>קוואקר מיה 200 גרם</ItemName><ManufacturerName>מיה</ManufacturerName><ManufactureCountry>ישראל</ManufactureCountry><ManufacturerItemDescription>קוואקר מיה 200 גרם</ManufacturerItemDescription><SoldByWeight/><Quantity>200.00</Quantity><UnitOfMeasure>גרם     </UnitOfMeasure><QtyInPackage>לא ידוע</QtyInPackage><UnitOfMeasurePrice>0.0235</UnitOfMeasurePrice><AllowDiscount>1</AllowDiscount><ItemStatus>1</ItemStatus><ItemPrice>4.70</ItemPrice></item><item><PriceUpdateDate>2015-10-21 13:53:41</PriceUpdateDate><ItemCode>7290002319443</ItemCode><ItemType>1</ItemType><ItemName>כמון מיה 80 גרם בקופ</ItemName><ManufacturerName>מיה</ManufacturerName><ManufactureCountry>ישראל</ManufactureCountry><ManufacturerItemDescription>כמון מיה 80 גרם בקופ</ManufacturerItemDescription><SoldByWeight/><Quantity>80.00</Quantity><UnitOfMeasure>גרם     </UnitOfMeasure><QtyInPackage>לא ידוע</QtyInPackage><UnitOfMeasurePrice>0.0963</UnitOfMeasurePrice><AllowDiscount>1</AllowDiscount><ItemStatus>1</ItemStatus><ItemPrice>7.70</ItemPrice></item><item><PriceUpdateDate>2015-10-21 13:53:41</PriceUpdateDate><ItemCode>7290002319658</ItemCode><ItemType>1</ItemType><ItemName>תבלין לסטייק 80 גרם</ItemName><ManufacturerName>מיה</ManufacturerName><ManufactureCountry>ישראל</ManufactureCountry><ManufacturerItemDescription>תבלין לסטייק 80 גרם</ManufacturerItemDescription><SoldByWeight/><Quantity>80.00</Quantity><UnitOfMeasure>גרם     </UnitOfMeasure><QtyInPackage>לא ידוע</QtyInPackage><UnitOfMeasurePrice>0.0963</UnitOfMeasurePrice><AllowDiscount>1</AllowDiscount><ItemStatus>1</ItemStatus><ItemPrice>7.70</ItemPrice></item><item><PriceUpdateDate>2014-11-03 06:37:33</PriceUpdateDate><ItemCode>7290002319733</ItemCode><ItemType>1</ItemType><ItemName>פקאן מקולף 100 גרם</ItemName><ManufacturerName>מיה</ManufacturerName><ManufactureCountry>ישראל</ManufactureCountry><ManufacturerItemDescription>פקאן מקולף 100 גרם</ManufacturerItemDescription><SoldByWeight/><Quantity>100.00</Quantity><UnitOfMeasure>גרם     </UnitOfMeasure><QtyInPackage>לא ידוע</QtyInPackage><UnitOfMeasurePrice>0.1630</UnitOfMeasurePrice><AllowDiscount>1</AllowDiscount><ItemStatus>1</ItemStatus><ItemPrice>16.30</ItemPrice></item><item><PriceUpdateDate>2016-05-30 22:03:43</PriceUpdateDate><ItemCode>7290002323198</ItemCode><ItemType>1</ItemType><ItemName>ספרינג 1.5 ליטר טעם</ItemName><ManufacturerName>ספרינג</ManufacturerName><ManufactureCountry>ישראל</ManufactureCountry><ManufacturerItemDescription>ספרינג מיץ תפוחים1.5 ל</ManufacturerItemDescription><SoldByWeight/><Quantity>1500.00</Quantity><UnitOfMeasure>מ"ל</UnitOfMeasure><QtyInPackage>לא ידוע</QtyInPackage><UnitOfMeasurePrice>0.0039</UnitOfMeasurePrice><AllowDiscount>1</AllowDiscount><ItemStatus>1</ItemStatus><ItemPrice>5.90</ItemPrice></item><item><PriceUpdateDate>2016-05-30 22:03:43</PriceUpdateDate><ItemCode>7290002323815</ItemCode><ItemType>1</ItemType><ItemName>קריסטל תפוזים 2 ליטר</ItemName><ManufacturerName>קריסטל משק"ל</ManufacturerName><ManufactureCountry>ישראל</ManufactureCountry><ManufacturerItemDescription>קריסטל תפוזים 2 ליטר</ManufacturerItemDescription><SoldByWeight/><Quantity>2000.00</Quantity><UnitOfMeasure>מ"ל</UnitOfMeasure><QtyInPackage>לא ידוע</QtyInPackage><UnitOfMeasurePrice>0.0019</UnitOfMeasurePrice><AllowDiscount>0</AllowDiscount><ItemStatus>1</ItemStatus><ItemPrice>3.70</ItemPrice></item><item><PriceUpdateDate>2016-05-30 22:03:43</PriceUpdateDate><ItemCode>7290002323839</ItemCode><ItemType>1</ItemType><ItemName>קריסטל ענבים 2 ליטר</ItemName><ManufacturerName>קריסטל משק"ל</ManufacturerName><ManufactureCountry>ישראל</ManufactureCountry><ManufacturerItemDescription>קריסטל ענבים 2 ליטר</ManufacturerItemDescription><SoldByWeight/><Quantity>2000.00</Quantity><UnitOfMeasure>מ"ל</UnitOfMeasure><QtyInPackage>לא ידוע</QtyInPackage><UnitOfMeasurePrice>0.0019</UnitOfMeasurePrice><AllowDiscount>0</AllowDiscount><ItemStatus>1</ItemStatus><ItemPrice>3.70</ItemPrice></item><item><PriceUpdateDate>2016-05-30 22:03:43</PriceUpdateDate><ItemCode>7290002323846</ItemCode><ItemType>1</ItemType><ItemName>קריסטל מנגו קל 2 ליט</ItemName><ManufacturerName>קריסטל משק"ל</ManufacturerName><ManufactureCountry>ישראל</ManufactureCountry><ManufacturerItemDescription>קריסטל מנגו קל 2 ליט</ManufacturerItemDescription><SoldByWeight/><Quantity>2000.00</Quantity><UnitOfMeasure>מ"ל</UnitOfMeasure><QtyInPackage>לא ידוע</QtyInPackage><UnitOfMeasurePrice>0.0019</UnitOfMeasurePrice><AllowDiscount>0</AllowDiscount><ItemStatus>1</ItemStatus><ItemPrice>3.70</ItemPrice></item><item><PriceUpdateDate>2016-03-16 15:40:42</PriceUpdateDate><ItemCode>7290002327059</ItemCode><ItemType>1</ItemType><ItemName>בצק עלים 1 ק"ג</ItemName><ManufacturerName>שלושת האופים</ManufacturerName><ManufactureCountry>ישראל</ManufactureCountry><ManufacturerItemDescription>בצק עלים מרודד 1 קג</ManufacturerItemDescription><SoldByWeight/><Quantity>1000.00</Quantity><UnitOfMeasure>גרם     </UnitOfMeasure><QtyInPackage>לא ידוע</QtyInPackage><UnitOfMeasurePrice>0.0199</UnitOfMeasurePrice><AllowDiscount>1</AllowDiscount><ItemStatus>1</ItemStatus><ItemPrice>19.90</ItemPrice></item><item><PriceUpdateDate>2015-11-12 18:17:54</PriceUpdateDate><ItemCode>7290002327103</ItemCode><ItemType>1</ItemType><ItemName>ג'חנון 900 גרם</ItemName><ManufacturerName>שלושת האופים</ManufacturerName><ManufactureCountry>ישראל</ManufactureCountry><ManufacturerItemDescription>ג'חנון 900 גרם</ManufacturerItemDescription><SoldByWeight/><Quantity>900.00</Quantity><UnitOfMeasure>גרם     </UnitOfMeasure><QtyInPackage>לא ידוע</QtyInPackage><UnitOfMeasurePrice>0.0253</UnitOfMeasurePrice><AllowDiscount>1</AllowDiscount><ItemStatus>1</ItemStatus><ItemPrice>22.80</ItemPrice></item><item><PriceUpdateDate>2016-05-30 22:03:43</PriceUpdateDate><ItemCode>7290002327912</ItemCode><ItemType>1</ItemType><ItemName>מב מיני בורקס גבינה</ItemName><ManufacturerName>שלושת האופים</ManufacturerName><ManufactureCountry>ישראל</ManufactureCountry><ManufacturerItemDescription>מיני בורקס קוקטייל גבינה</ManufacturerItemDescription><SoldByWeight/><Quantity>700.00</Quantity><UnitOfMeasure>גרם     </UnitOfMeasure><QtyInPackage>לא ידוע</QtyInPackage><UnitOfMeasurePrice>0.0227</UnitOfMeasurePrice><AllowDiscount>1</AllowDiscount><ItemStatus>1</ItemStatus><ItemPrice>15.90</ItemPrice></item><item><PriceUpdateDate>2015-11-12 17:30:01</PriceUpdateDate><ItemCode>7290002331025</ItemCode><ItemType>1</ItemType><ItemName>מים נביעות 0.5TO GO</ItemName><ManufacturerName>נביעות</ManufacturerName><ManufactureCountry>ישראל</ManufactureCountry><ManufacturerItemDescription>נביעות1/2 ל.ספורט</ManufacturerItemDescription><SoldByWeight/><Quantity>500.00</Quantity><UnitOfMeasure>מ"ל</UnitOfMeasure><QtyInPackage>לא ידוע</QtyInPackage><UnitOfMeasurePrice>0.0106</UnitOfMeasurePrice><AllowDiscount>1</AllowDiscount><ItemStatus>1</ItemStatus><ItemPrice>5.30</ItemPrice></item><item><PriceUpdateDate>2016-03-01 06:49:07</PriceUpdateDate><ItemCode>7290002331117</ItemCode><ItemType>1</ItemType><ItemName>מים נביעות ענבים עדי</ItemName><ManufacturerName>נביעות</ManufacturerName><ManufactureCountry>ישראל</ManufactureCountry><ManufacturerItemDescription>נביעות +ענבים 1.5 ליטר</ManufacturerItemDescription><SoldByWeight/><Quantity>1500.00</Quantity><UnitOfMeasure>מ"ל</UnitOfMeasure><QtyInPackage>לא ידוע</QtyInPackage><UnitOfMeasurePrice>0.0058</UnitOfMeasurePrice><AllowDiscount>1</AllowDiscount><ItemStatus>1</ItemStatus><ItemPrice>8.70</ItemPrice></item><item><PriceUpdateDate>2016-03-01 06:49:07</PriceUpdateDate><ItemCode>7290002331148</ItemCode><ItemType>1</ItemType><ItemName>מים נביעות תפוח עדין</ItemName><ManufacturerName>נביעות</ManufacturerName><ManufactureCountry>ישראל</ManufactureCountry><ManufacturerItemDescription>נביעות +תפוח 1.5 ליטר</ManufacturerItemDescription><SoldByWeight/><Quantity>1500.00</Quantity><UnitOfMeasure>מ"ל</UnitOfMeasure><QtyInPackage>לא ידוע</QtyInPackage><UnitOfMeasurePrice>0.0058</UnitOfMeasurePrice><AllowDiscount>1</AllowDiscount><ItemStatus>1</ItemStatus><ItemPrice>8.70</ItemPrice></item><item><PriceUpdateDate>2015-10-20 17:11:32</PriceUpdateDate><ItemCode>7290002331162</ItemCode><ItemType>1</ItemType><ItemName>מים נביעות 1.5 ליטר</ItemName><ManufacturerName>נביעות</ManufacturerName><ManufactureCountry>ישראל</ManufactureCountry><ManufacturerItemDescription>נביעות1.5 ל .מים מינרלים</ManufacturerItemDescription><SoldByWeight/><Quantity>1500.00</Quantity><UnitOfMeasure>מ"ל</UnitOfMeasure><QtyInPackage>לא ידוע</QtyInPackage><UnitOfMeasurePrice>0.0028</UnitOfMeasurePrice><AllowDiscount>1</AllowDiscount><ItemStatus>1</ItemStatus><ItemPrice>4.20</ItemPrice></item><item><PriceUpdateDate>2016-03-01 06:49:07</PriceUpdateDate><ItemCode>7290002331179</ItemCode><ItemType>1</ItemType><ItemName>מיים נביעות אפרסק עד</ItemName><ManufacturerName>נביעות</ManufacturerName><ManufactureCountry>ישראל</ManufactureCountry><ManufacturerItemDescription>נביעות +אפרסק 1.5 ליטר</ManufacturerItemDescription><SoldByWeight/><Quantity>1500.00</Quantity><UnitOfMeasure>מ"ל</UnitOfMeasure><QtyInPackage>לא ידוע</QtyInPackage><UnitOfMeasurePrice>0.0058</UnitOfMeasurePrice><AllowDiscount>1</AllowDiscount><ItemStatus>1</ItemStatus><ItemPrice>8.70</ItemPrice></item><item><PriceUpdateDate>2016-05-30 22:03:43</PriceUpdateDate><ItemCode>7290002331322</ItemCode><ItemType>1</ItemType><ItemName>מים נביעות שישייה 1.</ItemName><ManufacturerName>נביעות</ManufacturerName><ManufactureCountry>ישראל</ManufactureCountry><ManufacturerItemDescription>נביעות 1.5 1/6 מים מינרלי</ManufacturerItemDescription><SoldByWeight/><Quantity>9000.00</Quantity><UnitOfMeasure>מ"ל</UnitOfMeasure><QtyInPackage>לא ידוע</QtyInPackage><UnitOfMeasurePrice>0.0015</UnitOfMeasurePrice><AllowDiscount>1</AllowDiscount><ItemStatus>1</ItemStatus><ItemPrice>13.90</ItemPrice></item><item><PriceUpdateDate>2016-05-30 22:03:43</PriceUpdateDate><ItemCode>7290002331360</ItemCode><ItemType>1</ItemType><ItemName>נביעות חצי ליטר שישי</ItemName><ManufacturerName>נביעות</ManufacturerName><ManufactureCountry>ישראל</ManufactureCountry><ManufacturerItemDescription>נביעות TO GO מל</ManufacturerItemDescription><SoldByWeight/><Quantity>3000.00</Quantity><UnitOfMeasure>מ"ל</UnitOfMeasure><QtyInPackage>לא ידוע</QtyInPackage><UnitOfMeasurePrice>0.0066</UnitOfMeasurePrice><AllowDiscount>1</AllowDiscount><ItemStatus>1</ItemStatus><ItemPrice>19.70</ItemPrice></item><item><PriceUpdateDate>2015-11-12 17:30:01</PriceUpdateDate><ItemCode>7290002331421</ItemCode><ItemType>1</ItemType><ItemName>מים נביעות TO GO שיש</ItemName><ManufacturerName>נביעות</ManufacturerName><ManufactureCountry>ישראל</ManufactureCountry><ManufacturerItemDescription>נביעות755 1/6 TO GO מל</ManufacturerItemDescription><SoldByWeight/><Quantity>4530.00</Quantity><UnitOfMeasure>מ"ל</UnitOfMeasure><QtyInPackage>לא ידוע</QtyInPackage><UnitOfMeasurePrice>0.0049</UnitOfMeasurePrice><AllowDiscount>1</AllowDiscount><ItemStatus>1</ItemStatus><ItemPrice>22.40</ItemPrice></item><item><PriceUpdateDate>2015-10-11 18:10:46</PriceUpdateDate><ItemCode>7290002331490</ItemCode><ItemType>1</ItemType><ItemName>נביעות 1 ליטר</ItemName><ManufacturerName>נביעות</ManufacturerName><ManufactureCountry>ישראל</ManufactureCountry><ManufacturerItemDescription>נביעות 1 ליטר</ManufacturerItemDescription><SoldByWeight/><Quantity>1000.00</Quantity><UnitOfMeasure>מ"ל</UnitOfMeasure><QtyInPackage>לא ידוע</QtyInPackage><UnitOfMeasurePrice>0.0036</UnitOfMeasurePrice><AllowDiscount>1</AllowDiscount><ItemStatus>1</ItemStatus><ItemPrice>3.60</ItemPrice></item><item><PriceUpdateDate>2016-05-02 08:05:47</PriceUpdateDate><ItemCode>7290002353324</ItemCode><ItemType>1</ItemType><ItemName>עוגיות אוראו קרם וני</ItemName><ManufacturerName>אוראו</ManufacturerName><ManufactureCountry>ספרד</ManufactureCountry><ManufacturerItemDescription>דפי לזניה       ם</ManufacturerItemDescription><SoldByWeight/><Quantity>176.00</Quantity><UnitOfMeasure>גרם     </UnitOfMeasure><QtyInPackage>לא ידוע</QtyInPackage><UnitOfMeasurePrice>0.0506</UnitOfMeasurePrice><AllowDiscount>1</AllowDiscount><ItemStatus>1</ItemStatus><ItemPrice>8.90</ItemPrice></item><item><PriceUpdateDate>2015-11-12 16:50:34</PriceUpdateDate><ItemCode>7290002353836</ItemCode><ItemType>1</ItemType><ItemName>סרדין רוברט בשמן זית</ItemName><ManufacturerName>רוברט</ManufacturerName><ManufactureCountry>ישראל</ManufactureCountry><ManufacturerItemDescription>סרדינים בשמן זיתוברט125ג</ManufacturerItemDescription><SoldByWeight/><Quantity>85.00</Quantity><UnitOfMeasure>גרם     </UnitOfMeasure><QtyInPackage>לא ידוע</QtyInPackage><UnitOfMeasurePrice>0.1141</UnitOfMeasurePrice><AllowDiscount>1</AllowDiscount><ItemStatus>1</ItemStatus><ItemPrice>9.70</ItemPrice></item><item><PriceUpdateDate>2016-05-01 21:46:40</PriceUpdateDate><ItemCode>7290002360124</ItemCode><ItemType>1</ItemType><ItemName>חליטת תה צמחים ורד ה</ItemName><ManufacturerName>פומפדור</ManufacturerName><ManufactureCountry>גרמניה</ManufactureCountry><ManufacturerItemDescription>פטוציני</ManufacturerItemDescription><SoldByWeight/><Quantity>14.00</Quantity><UnitOfMeasure>גרם     </UnitOfMeasure><QtyInPackage>לא ידוע</QtyInPackage><UnitOfMeasurePrice>1.3000</UnitOfMeasurePrice><AllowDiscount>1</AllowDiscount><ItemStatus>1</ItemStatus><ItemPrice>18.20</ItemPrice></item><item><PriceUpdateDate>2016-05-01 21:46:40</PriceUpdateDate><ItemCode>7290002360230</ItemCode><ItemType>1</ItemType><ItemName>חרדל גרגרים 250 גרם</ItemName><ManufacturerName>ברוניר</ManufacturerName><ManufactureCountry>צרפת</ManufactureCountry><ManufacturerItemDescription>חרדל דיזון גרגירים 210 גר</ManufacturerItemDescription><SoldByWeight/><Quantity>250.00</Quantity><UnitOfMeasure>גרם     </UnitOfMeasure><QtyInPackage>לא ידוע</QtyInPackage><UnitOfMeasurePrice>0.0512</UnitOfMeasurePrice><AllowDiscount>1</AllowDiscount><ItemStatus>1</ItemStatus><ItemPrice>12.80</ItemPrice></item><item><PriceUpdateDate>2016-05-01 21:46:40</PriceUpdateDate><ItemCode>7290002360285</ItemCode><ItemType>1</ItemType><ItemName>חליטת תה צמחים קמומי</ItemName><ManufacturerName>פומפדור</ManufacturerName><ManufactureCountry>גרמניה</ManufactureCountry><ManufacturerItemDescription>מי פה אלמקס      400 מ"ל</ManufacturerItemDescription><SoldByWeight/><Quantity>14.00</Quantity><UnitOfMeasure>גרם     </UnitOfMeasure><QtyInPackage>לא ידוע</QtyInPackage><UnitOfMeasurePrice>1.3000</UnitOfMeasurePrice><AllowDiscount>1</AllowDiscount><ItemStatus>1</ItemStatus><ItemPrice>18.20</ItemPrice></item><item><PriceUpdateDate>2016-05-01 21:46:41</PriceUpdateDate><ItemCode>7290002371526</ItemCode><ItemType>1</ItemType><ItemName>מב סלסולי פסטרמה שום</ItemName><ManufacturerName>טירת צבי</ManufacturerName><ManufactureCountry>ישראל</ManufactureCountry><ManufacturerItemDescription>מב סלסולי פסטרמה שום</ManufacturerItemDescription><SoldByWeight/><Quantity>120.00</Quantity><UnitOfMeasure>גרם     </UnitOfMeasure><QtyInPackage>לא ידוע</QtyInPackage><UnitOfMeasurePrice>0.1075</UnitOfMeasurePrice><AllowDiscount>1</AllowDiscount><ItemStatus>1</ItemStatus><ItemPrice>12.90</ItemPrice></item><item><PriceUpdateDate>2016-05-01 21:46:41</PriceUpdateDate><ItemCode>7290002371533</ItemCode><ItemType>1</ItemType><ItemName>מב סלסולי פסטרמה ודב</ItemName><ManufacturerName>טירת צבי</ManufacturerName><ManufactureCountry>ישראל</ManufactureCountry><ManufacturerItemDescription>סלסולי פסטרמה דבש 120 גר</ManufacturerItemDescription><SoldByWeight/><Quantity>120.00</Quantity><UnitOfMeasure>גרם     </UnitOfMeasure><QtyInPackage>לא ידוע</QtyInPackage><UnitOfMeasurePrice>0.1075</UnitOfMeasurePrice><AllowDiscount>1</AllowDiscount><ItemStatus>1</ItemStatus><ItemPrice>12.90</ItemPrice></item><item><PriceUpdateDate>2016-05-26 09:19:18</PriceUpdateDate><ItemCode>7290002371540</ItemCode><ItemType>1</ItemType><ItemName>מב נקניק קורנדביף 12</ItemName><ManufacturerName>טירת צבי</ManufacturerName><ManufactureCountry>ישראל</ManufactureCountry><ManufacturerItemDescription>קורנדביף 120 גר</ManufacturerItemDescription><SoldByWeight/><Quantity>120.00</Quantity><UnitOfMeasure>גרם     </UnitOfMeasure><QtyInPackage>לא ידוע</QtyInPackage><UnitOfMeasurePrice>0.1075</UnitOfMeasurePrice><AllowDiscount>1</AllowDiscount><ItemStatus>1</ItemStatus><ItemPrice>12.90</ItemPrice></item><item><PriceUpdateDate>2015-11-12 14:31:32</PriceUpdateDate><ItemCode>7290002371571</ItemCode><ItemType>3</ItemType><ItemName>פסטרמה פרגיות לבאגט</ItemName><ManufacturerName>טירת צבי</ManufacturerName><ManufactureCountry>ישראל</ManufactureCountry><ManufacturerItemDescription>פסטרמה פרגיות לבאגט</ManufacturerItemDescription><SoldByWeight/><Quantity>1.00</Quantity><UnitOfMeasure>ק"ג</UnitOfMeasure><QtyInPackage>לא ידוע</QtyInPackage><UnitOfMeasurePrice>88.7000</UnitOfMeasurePrice><AllowDiscount>1</AllowDiscount><ItemStatus>1</ItemStatus><ItemPrice>88.70</ItemPrice></item><item><PriceUpdateDate>2015-12-29 12:25:32</PriceUpdateDate><ItemCode>7290002374312</ItemCode><ItemType>1</ItemType><ItemName>שמן קנולה מילומור 1</ItemName><ManufacturerName>מילומור</ManufacturerName><ManufactureCountry>ישראל</ManufactureCountry><ManufacturerItemDescription>שמן קנולה 6% מילומור1 ל</ManufacturerItemDescription><SoldByWeight/><Quantity>1000.00</Quantity><UnitOfMeasure>מ"ל</UnitOfMeasure><QtyInPackage>לא ידוע</QtyInPackage><UnitOfMeasurePrice>0.0099</UnitOfMeasurePrice><AllowDiscount>0</AllowDiscount><ItemStatus>1</ItemStatus><ItemPrice>9.90</ItemPrice></item><item><PriceUpdateDate>2015-10-21 13:57:12</PriceUpdateDate><ItemCode>7290002374329</ItemCode><ItemType>1</ItemType><ItemName>שמן קנולה מילומור 2</ItemName><ManufacturerName>מילומור</ManufacturerName><ManufactureCountry>ישראל</ManufactureCountry><ManufacturerItemDescription>שמן קנולה מילומור 2</ManufacturerItemDescription><SoldByWeight/><Quantity>2000.00</Quantity><UnitOfMeasure>מ"ל</UnitOfMeasure><QtyInPackage>לא ידוע</QtyInPackage><UnitOfMeasurePrice>0.0119</UnitOfMeasurePrice><AllowDiscount>1</AllowDiscount><ItemStatus>1</ItemStatus><ItemPrice>23.90</ItemPrice></item><item><PriceUpdateDate>2016-05-30 22:03:44</PriceUpdateDate><ItemCode>7290002374640</ItemCode><ItemType>1</ItemType><ItemName>שמן קנולה פלוס אומגה</ItemName><ManufacturerName>עץ הזית</ManufacturerName><ManufactureCountry>ישראל</ManufactureCountry><ManufacturerItemDescription>שמן קנולה פלוס אומגה</ManufacturerItemDescription><SoldByWeight/><Quantity>1000.00</Quantity><UnitOfMeasure>מ"ל</UnitOfMeasure><QtyInPackage>לא ידוע</QtyInPackage><UnitOfMeasurePrice>0.0183</UnitOfMeasurePrice><AllowDiscount>1</AllowDiscount><ItemStatus>1</ItemStatus><ItemPrice>18.30</ItemPrice></item><item><PriceUpdateDate>2016-03-29 13:00:30</PriceUpdateDate><ItemCode>7290002385073</ItemCode><ItemType>3</ItemType><ItemName>בולגרית 3% מעודנת גד</ItemName><ManufacturerName>גד</ManufacturerName><ManufactureCountry>ישראל</ManufactureCountry><ManufacturerItemDescription>בולגרית 3% מעודנת גד</ManufacturerItemDescription><SoldByWeight/><Quantity>1.00</Quantity><UnitOfMeasure>ק"ג</UnitOfMeasure><QtyInPackage>לא ידוע</QtyInPackage><UnitOfMeasurePrice>59.0000</UnitOfMeasurePrice><AllowDiscount>1</AllowDiscount><ItemStatus>1</ItemStatus><ItemPrice>59.00</ItemPrice></item><item><PriceUpdateDate>2014-11-03 06:37:36</PriceUpdateDate><ItemCode>7290002385127</ItemCode><ItemType>3</ItemType><ItemName>לבנה שמן זית וזעתר</ItemName><ManufacturerName>גד</ManufacturerName><ManufactureCountry>ישראל</ManufactureCountry><ManufacturerItemDescription>לבנה שמן זית וזעתר</ManufacturerItemDescription><SoldByWeight/><Quantity>1.00</Quantity><UnitOfMeasure>ק"ג</UnitOfMeasure><QtyInPackage>לא ידוע</QtyInPackage><UnitOfMeasurePrice>46.0000</UnitOfMeasurePrice><AllowDiscount>1</AllowDiscount><ItemStatus>1</ItemStatus><ItemPrice>46.00</ItemPrice></item><item><PriceUpdateDate>2016-05-31 12:02:27</PriceUpdateDate><ItemCode>7290002385431</ItemCode><ItemType>3</ItemType><ItemName>בולגרית 16% מסורתית</ItemName><ManufacturerName>גד</ManufacturerName><ManufactureCountry>ישראל</ManufactureCountry><ManufacturerItemDescription>בולגרית 16% מסורתית</ManufacturerItemDescription><SoldByWeight/><Quantity>1.00</Quantity><UnitOfMeasure>ק"ג</UnitOfMeasure><QtyInPackage>לא ידוע</QtyInPackage><UnitOfMeasurePrice>59.0000</UnitOfMeasurePrice><AllowDiscount>1</AllowDiscount><ItemStatus>1</ItemStatus><ItemPrice>59.00</ItemPrice></item><item><PriceUpdateDate>2016-06-17 09:13:52</PriceUpdateDate><ItemCode>7290002385745</ItemCode><ItemType>3</ItemType><ItemName>גבינה פקורינו משולשת</ItemName><ManufacturerName>גד</ManufacturerName><ManufactureCountry>ישראל</ManufactureCountry><ManufacturerItemDescription>גבינה פקורינו משולשת</ManufacturerItemDescription><SoldByWeight/><Quantity>1.00</Quantity><UnitOfMeasure>ק"ג</UnitOfMeasure><QtyInPackage>לא ידוע</QtyInPackage><UnitOfMeasurePrice>149.0000</UnitOfMeasurePrice><AllowDiscount>1</AllowDiscount><ItemStatus>1</ItemStatus><ItemPrice>149.00</ItemPrice></item><item><PriceUpdateDate>2016-05-30 22:03:44</PriceUpdateDate><ItemCode>7290002407348</ItemCode><ItemType>1</ItemType><ItemName>שמן זית ג'השאן כתית</ItemName><ManufacturerName>ג'השאן</ManufacturerName><ManufactureCountry>ישראל</ManufactureCountry><ManufacturerItemDescription>שמן זית ג'השאן כתית</ManufacturerItemDescription><SoldByWeight/><Quantity>750.00</Quantity><UnitOfMeasure>מ"ל</UnitOfMeasure><QtyInPackage>לא ידוע</QtyInPackage><UnitOfMeasurePrice>0.0532</UnitOfMeasurePrice><AllowDiscount>1</AllowDiscount><ItemStatus>1</ItemStatus><ItemPrice>39.90</ItemPrice></item><item><PriceUpdateDate>2016-05-30 22:03:44</PriceUpdateDate><ItemCode>7290002410072</ItemCode><ItemType>1</ItemType><ItemName>בצק עלים חמסי 1 ק"ג</ItemName><ManufacturerName>חמסי</ManufacturerName><ManufactureCountry>ישראל</ManufactureCountry><ManufacturerItemDescription>בצק עלים חמסי 1 ק"ג</ManufacturerItemDescription><SoldByWeight/><Quantity>1000.00</Quantity><UnitOfMeasure>גרם     </UnitOfMeasure><QtyInPackage>לא ידוע</QtyInPackage><UnitOfMeasurePrice>0.0149</UnitOfMeasurePrice><AllowDiscount>1</AllowDiscount><ItemStatus>1</ItemStatus><ItemPrice>14.90</ItemPrice></item><item><PriceUpdateDate>2016-05-30 22:03:45</PriceUpdateDate><ItemCode>7290002410638</ItemCode><ItemType>1</ItemType><ItemName>סטייק עין  פרוס במגש</ItemName><ManufacturerName>מעדני הטלה והעגל</ManufacturerName><ManufactureCountry>ישראל</ManufactureCountry><ManufacturerItemDescription>סטייק עין  פרוס במגש</ManufacturerItemDescription><SoldByWeight/><Quantity>800.00</Quantity><UnitOfMeasure>גרם     </UnitOfMeasure><QtyInPackage>לא ידוע</QtyInPackage><UnitOfMeasurePrice>0.0749</UnitOfMeasurePrice><AllowDiscount>1</AllowDiscount><ItemStatus>1</ItemStatus><ItemPrice>59.90</ItemPrice></item><item><PriceUpdateDate>2016-03-01 06:43:17</PriceUpdateDate><ItemCode>7290002410713</ItemCode><ItemType>1</ItemType><ItemName>קישקע 500 גרם מעדני</ItemName><ManufacturerName>מעדני הטלה והעגל</ManufacturerName><ManufactureCountry>ישראל</ManufactureCountry><ManufacturerItemDescription>קישקע 500 גרם מעדני</ManufacturerItemDescription><SoldByWeight/><Quantity>500.00</Quantity><UnitOfMeasure>גרם     </UnitOfMeasure><QtyInPackage>לא ידוע</QtyInPackage><UnitOfMeasurePrice>0.0298</UnitOfMeasurePrice><AllowDiscount>1</AllowDiscount><ItemStatus>1</ItemStatus><ItemPrice>14.90</ItemPrice></item><item><PriceUpdateDate>2016-05-30 22:03:45</PriceUpdateDate><ItemCode>7290002439080</ItemCode><ItemType>1</ItemType><ItemName>מב פיצה ביס שלושת הא</ItemName><ManufacturerName>נטו סחר</ManufacturerName><ManufactureCountry>לא ידוע</ManufactureCountry><ManufacturerItemDescription>מב פיצה ביס שלושת הא</ManufacturerItemDescription><SoldByWeight/><Quantity>700.00</Quantity><UnitOfMeasure>גרם     </UnitOfMeasure><QtyInPackage>לא ידוע</QtyInPackage><UnitOfMeasurePrice>0.0270</UnitOfMeasurePrice><AllowDiscount>1</AllowDiscount><ItemStatus>1</ItemStatus><ItemPrice>18.90</ItemPrice></item><item><PriceUpdateDate>2016-06-07 12:24:35</PriceUpdateDate><ItemCode>7290002439196</ItemCode><ItemType>1</ItemType><ItemName>מב עוגת פס גבינה פיר</ItemName><ManufacturerName>ריצ</ManufacturerName><ManufactureCountry>לא ידוע</ManufactureCountry><ManufacturerItemDescription>מב עוגת פס גבינה פיר</ManufacturerItemDescription><SoldByWeight/><Quantity>500.00</Quantity><UnitOfMeasure>גרם     </UnitOfMeasure><QtyInPackage>לא ידוע</QtyInPackage><UnitOfMeasurePrice>0.0498</UnitOfMeasurePrice><AllowDiscount>1</AllowDiscount><ItemStatus>1</ItemStatus><ItemPrice>24.90</ItemPrice></item><item><PriceUpdateDate>2016-06-07 12:24:35</PriceUpdateDate><ItemCode>7290002439240</ItemCode><ItemType>1</ItemType><ItemName>מב עוגת פס גבינה אפו</ItemName><ManufacturerName>ריצ</ManufacturerName><ManufactureCountry>לא ידוע</ManufactureCountry><ManufacturerItemDescription>מב עוגת פס גבינה אפו</ManufacturerItemDescription><SoldByWeight/><Quantity>500.00</Quantity><UnitOfMeasure>גרם     </UnitOfMeasure><QtyInPackage>לא ידוע</QtyInPackage><UnitOfMeasurePrice>0.0498</UnitOfMeasurePrice><AllowDiscount>1</AllowDiscount><ItemStatus>1</ItemStatus><ItemPrice>24.90</ItemPrice></item><item><PriceUpdateDate>2016-05-30 22:03:45</PriceUpdateDate><ItemCode>7290002439400</ItemCode><ItemType>1</ItemType><ItemName>מב פיצה ביס גבינה וז</ItemName><ManufacturerName>נטו סחר</ManufacturerName><ManufactureCountry>לא ידוע</ManufactureCountry><ManufacturerItemDescription>מב פיצה ביס גבינה וז</ManufacturerItemDescription><SoldByWeight/><Quantity>700.00</Quantity><UnitOfMeasure>גרם     </UnitOfMeasure><QtyInPackage>לא ידוע</QtyInPackage><UnitOfMeasurePrice>0.0270</UnitOfMeasurePrice><AllowDiscount>1</AllowDiscount><ItemStatus>1</ItemStatus><ItemPrice>18.90</ItemPrice></item><item><PriceUpdateDate>2016-02-02 06:51:01</PriceUpdateDate><ItemCode>7290002439424</ItemCode><ItemType>1</ItemType><ItemName>פיצה אישית 100% גבינ</ItemName><ManufacturerName>נטו סחר</ManufacturerName><ManufactureCountry>לא ידוע</ManufactureCountry><ManufacturerItemDescription>פיצה אישית 100% גבינ</ManufacturerItemDescription><SoldByWeight/><Quantity>800.00</Quantity><UnitOfMeasure>גרם     </UnitOfMeasure><QtyInPackage>לא ידוע</QtyInPackage><UnitOfMeasurePrice>0.0317</UnitOfMeasurePrice><AllowDiscount>1</AllowDiscount><ItemStatus>1</ItemStatus><ItemPrice>25.40</ItemPrice></item><item><PriceUpdateDate>2016-03-01 06:54:46</PriceUpdateDate><ItemCode>7290002439868</ItemCode><ItemType>3</ItemType><ItemName>צלי כתף בקר טרי אל ג</ItemName><ManufacturerName>נטו סחר</ManufacturerName><ManufactureCountry>לא ידוע</ManufactureCountry><ManufacturerItemDescription>צלי כתף בקר טרי אל ג</ManufacturerItemDescription><SoldByWeight/><Quantity>1.00</Quantity><UnitOfMeasure>ק"ג</UnitOfMeasure><QtyInPackage>לא ידוע</QtyInPackage><UnitOfMeasurePrice>79.9000</UnitOfMeasurePrice><AllowDiscount>1</AllowDiscount><ItemStatus>1</ItemStatus><ItemPrice>79.90</ItemPrice></item><item><PriceUpdateDate>2016-02-02 06:51:01</PriceUpdateDate><ItemCode>7290002447405</ItemCode><ItemType>3</ItemType><ItemName>קיט בקר צוואר צלעות</ItemName><ManufacturerName>אדום אדום</ManufacturerName><ManufactureCountry>ישראל</ManufactureCountry><ManufacturerItemDescription>קיט צוואר צלעות טרי לקג</ManufacturerItemDescription><SoldByWeight/><Quantity>1.00</Quantity><UnitOfMeasure>ק"ג</UnitOfMeasure><QtyInPackage>לא ידוע</QtyInPackage><UnitOfMeasurePrice>69.9000</UnitOfMeasurePrice><AllowDiscount>1</AllowDiscount><ItemStatus>1</ItemStatus><ItemPrice>69.90</ItemPrice></item><item><PriceUpdateDate>2015-02-16 07:53:20</PriceUpdateDate><ItemCode>7290002447436</ItemCode><ItemType>3</ItemType><ItemName>כתף בקר עגל טרי לקדי</ItemName><ManufacturerName>אדום אדום</ManufacturerName><ManufactureCountry>ישראל</ManufactureCountry><ManufacturerItemDescription>כתף לקדירה עגל טרי לקג</ManufacturerItemDescription><SoldByWeight/><Quantity>1.00</Quantity><UnitOfMeasure>ק"ג</UnitOfMeasure><QtyInPackage>לא ידוע</QtyInPackage><UnitOfMeasurePrice>69.9000</UnitOfMeasurePrice><AllowDiscount>1</AllowDiscount><ItemStatus>1</ItemStatus><ItemPrice>69.90</ItemPrice></item><item><PriceUpdateDate>2015-02-27 09:45:51</PriceUpdateDate><ItemCode>7290002447443</ItemCode><ItemType>3</ItemType><ItemName>צלי כתף בקר עגל טרי</ItemName><ManufacturerName>אדום אדום</ManufacturerName><ManufactureCountry>ישראל</ManufactureCountry><ManufacturerItemDescription>צלי כתף טרי</ManufacturerItemDescription><SoldByWeight/><Quantity>1.00</Quantity><UnitOfMeasure>ק"ג</UnitOfMeasure><QtyInPackage>לא ידוע</QtyInPackage><UnitOfMeasurePrice>99.0000</UnitOfMeasurePrice><AllowDiscount>1</AllowDiscount><ItemStatus>1</ItemStatus><ItemPrice>99.00</ItemPrice></item><item><PriceUpdateDate>2015-02-27 09:45:51</PriceUpdateDate><ItemCode>7290002447450</ItemCode><ItemType>3</ItemType><ItemName>פילה  מדומה מעגל בקר</ItemName><ManufacturerName>אדום אדום</ManufacturerName><ManufactureCountry>ישראל</ManufactureCountry><ManufacturerItemDescription>פילה מדומה טרי</ManufacturerItemDescription><SoldByWeight/><Quantity>1.00</Quantity><UnitOfMeasure>ק"ג</UnitOfMeasure><QtyInPackage>לא ידוע</QtyInPackage><UnitOfMeasurePrice>95.0000</UnitOfMeasurePrice><AllowDiscount>1</AllowDiscount><ItemStatus>1</ItemStatus><ItemPrice>95.00</ItemPrice></item><item><PriceUpdateDate>2014-11-13 07:46:07</PriceUpdateDate><ItemCode>7290002447467</ItemCode><ItemType>3</ItemType><ItemName>אסדו בקר טרי אדום אד</ItemName><ManufacturerName>אדום אדום</ManufacturerName><ManufactureCountry>ישראל</ManufactureCountry><ManufacturerItemDescription>אסדו טרי</ManufacturerItemDescription><SoldByWeight/><Quantity>1.00</Quantity><UnitOfMeasure>ק"ג</UnitOfMeasure><QtyInPackage>לא ידוע</QtyInPackage><UnitOfMeasurePrice>64.9000</UnitOfMeasurePrice><AllowDiscount>1</AllowDiscount><ItemStatus>1</ItemStatus><ItemPrice>64.90</ItemPrice></item><item><PriceUpdateDate>2016-02-02 06:51:01</PriceUpdateDate><ItemCode>7290002447474</ItemCode><ItemType>3</ItemType><ItemName>צוואר בקר עגל טרי אד</ItemName><ManufacturerName>אדום אדום</ManufacturerName><ManufactureCountry>ישראל</ManufactureCountry><ManufacturerItemDescription>צוואר בקר עגל טרי אד</ManufacturerItemDescription><SoldByWeight/><Quantity>1.00</Quantity><UnitOfMeasure>ק"ג</UnitOfMeasure><QtyInPackage>לא ידוע</QtyInPackage><UnitOfMeasurePrice>69.9000</UnitOfMeasurePrice><AllowDiscount>1</AllowDiscount><ItemStatus>1</ItemStatus><ItemPrice>69.90</ItemPrice></item><item><PriceUpdateDate>2016-02-04 08:54:49</PriceUpdateDate><ItemCode>7290002447481</ItemCode><ItemType>3</ItemType><ItemName>צ'אך בקר עגל טרי אדו</ItemName><ManufacturerName>אדום אדום</ManufacturerName><ManufactureCountry>ישראל</ManufactureCountry><ManufacturerItemDescription>צאך עגל טרי לקג</ManufacturerItemDescription><SoldByWeight/><Quantity>1.00</Quantity><UnitOfMeasure>ק"ג</UnitOfMeasure><QtyInPackage>לא ידוע</QtyInPackage><UnitOfMeasurePrice>89.0000</UnitOfMeasurePrice><AllowDiscount>1</AllowDiscount><ItemStatus>1</ItemStatus><ItemPrice>89.00</ItemPrice></item><item><PriceUpdateDate>2015-06-10 06:41:29</PriceUpdateDate><ItemCode>7290002447498</ItemCode><ItemType>3</ItemType><ItemName>ויסבראטן בקר עגל טרי</ItemName><ManufacturerName>אדום אדום</ManufacturerName><ManufactureCountry>ישראל</ManufactureCountry><ManufacturerItemDescription>ויסבראטן עגל טרי לקג</ManufacturerItemDescription><SoldByWeight/><Quantity>1.00</Quantity><UnitOfMeasure>ק"ג</UnitOfMeasure><QtyInPackage>לא ידוע</QtyInPackage><UnitOfMeasurePrice>109.0000</UnitOfMeasurePrice><AllowDiscount>1</AllowDiscount><ItemStatus>1</ItemStatus><ItemPrice>109.00</ItemPrice></item><item><PriceUpdateDate>2016-03-21 09:57:01</PriceUpdateDate><ItemCode>7290002447542</ItemCode><ItemType>3</ItemType><ItemName>אנטריקוט בקר עגל טרי</ItemName><ManufacturerName>אדום אדום</ManufacturerName><ManufactureCountry>ישראל</ManufactureCountry><ManufacturerItemDescription>אנטריקוט טרי</ManufacturerItemDescription><SoldByWeight/><Quantity>1.00</Quantity><UnitOfMeasure>ק"ג</UnitOfMeasure><QtyInPackage>לא ידוע</QtyInPackage><UnitOfMeasurePrice>149.9000</UnitOfMeasurePrice><AllowDiscount>1</AllowDiscount><ItemStatus>1</ItemStatus><ItemPrice>149.90</ItemPrice></item><item><PriceUpdateDate>2015-04-12 17:01:06</PriceUpdateDate><ItemCode>7290002447573</ItemCode><ItemType>3</ItemType><ItemName>שייטל בקר עגל טרי אד</ItemName><ManufacturerName>אדום אדום</ManufacturerName><ManufactureCountry>ישראל</ManufactureCountry><ManufacturerItemDescription>שייטל עגל טרי לקג</ManufacturerItemDescription><SoldByWeight/><Quantity>1.00</Quantity><UnitOfMeasure>ק"ג</UnitOfMeasure><QtyInPackage>לא ידוע</QtyInPackage><UnitOfMeasurePrice>109.0000</UnitOfMeasurePrice><AllowDiscount>1</AllowDiscount><ItemStatus>1</ItemStatus><ItemPrice>109.00</ItemPrice></item><item><PriceUpdateDate>2016-05-30 22:03:45</PriceUpdateDate><ItemCode>7290002447924</ItemCode><ItemType>3</ItemType><ItemName>קיט נתחים לקצב טרי ל</ItemName><ManufacturerName>אדום אדום</ManufacturerName><ManufactureCountry>ישראל</ManufactureCountry><ManufacturerItemDescription>בשר טחון טרי נתחים</ManufacturerItemDescription><SoldByWeight/><Quantity>1.00</Quantity><UnitOfMeasure>ק"ג</UnitOfMeasure><QtyInPackage>לא ידוע</QtyInPackage><UnitOfMeasurePrice>64.9000</UnitOfMeasurePrice><AllowDiscount>1</AllowDiscount><ItemStatus>1</ItemStatus><ItemPrice>64.90</ItemPrice></item><item><PriceUpdateDate>2015-04-12 17:01:06</PriceUpdateDate><ItemCode>7290002447979</ItemCode><ItemType>3</ItemType><ItemName>כף בקר עגל טרי אדום</ItemName><ManufacturerName>אדום אדום</ManufacturerName><ManufactureCountry>ישראל</ManufactureCountry><ManufacturerItemDescription>כף עגל טרי לקג</ManufacturerItemDescription><SoldByWeight/><Quantity>1.00</Quantity><UnitOfMeasure>ק"ג</UnitOfMeasure><QtyInPackage>לא ידוע</QtyInPackage><UnitOfMeasurePrice>104.0000</UnitOfMeasurePrice><AllowDiscount>1</AllowDiscount><ItemStatus>1</ItemStatus><ItemPrice>104.00</ItemPrice></item><item><PriceUpdateDate>2016-05-18 09:45:31</PriceUpdateDate><ItemCode>7290002472483</ItemCode><ItemType>1</ItemType><ItemName>מאפינס ביתי שוקו 6 י</ItemName><ManufacturerName>פילסברי</ManufacturerName><ManufactureCountry>ישראל</ManufactureCountry><ManufacturerItemDescription>מאפינס ביתי שוקו 6 י</ManufacturerItemDescription><SoldByWeight/><Quantity>1000.00</Quantity><UnitOfMeasure>ק"ג     </UnitOfMeasure><QtyInPackage>לא ידוע</QtyInPackage><UnitOfMeasurePrice>0.0199</UnitOfMeasurePrice><AllowDiscount>1</AllowDiscount><ItemStatus>1</ItemStatus><ItemPrice>19.90</ItemPrice></item><item><PriceUpdateDate>2016-05-18 09:45:31</PriceUpdateDate><ItemCode>7290002472698</ItemCode><ItemType>1</ItemType><ItemName>מאפינס שוקו ציפס 550</ItemName><ManufacturerName>פילסברי</ManufacturerName><ManufactureCountry>ישראל</ManufactureCountry><ManufacturerItemDescription>מאפינס שוקו ציפס 550</ManufacturerItemDescription><SoldByWeight/><Quantity>1000.00</Quantity><UnitOfMeasure>ק"ג     </UnitOfMeasure><QtyInPackage>לא ידוע</QtyInPackage><UnitOfMeasurePrice>0.0199</UnitOfMeasurePrice><AllowDiscount>1</AllowDiscount><ItemStatus>1</ItemStatus><ItemPrice>19.90</ItemPrice></item><item><PriceUpdateDate>2015-10-11 18:10:46</PriceUpdateDate><ItemCode>7290002485056</ItemCode><ItemType>1</ItemType><ItemName>חומוס אבו גוש 250 גר</ItemName><ManufacturerName>סלטי שמיר</ManufacturerName><ManufactureCountry>ישראל</ManufactureCountry><ManufacturerItemDescription>סלט חומוס אבו גוש 250 גרם</ManufacturerItemDescription><SoldByWeight/><Quantity>250.00</Quantity><UnitOfMeasure>גרם     </UnitOfMeasure><QtyInPackage>לא ידוע</QtyInPackage><UnitOfMeasurePrice>0.0404</UnitOfMeasurePrice><AllowDiscount>1</AllowDiscount><ItemStatus>1</ItemStatus><ItemPrice>10.10</ItemPrice></item><item><PriceUpdateDate>2015-10-21 16:48:41</PriceUpdateDate><ItemCode>7290002485100</ItemCode><ItemType>1</ItemType><ItemName>סלט חצילים עם בצל מט</ItemName><ManufacturerName>סלטי שמיר</ManufacturerName><ManufactureCountry>ישראל</ManufactureCountry><ManufacturerItemDescription>סלט חציל בטעם כבד עם אגוז</ManufacturerItemDescription><SoldByWeight/><Quantity>250.00</Quantity><UnitOfMeasure>גרם     </UnitOfMeasure><QtyInPackage>לא ידוע</QtyInPackage><UnitOfMeasurePrice>0.0648</UnitOfMeasurePrice><AllowDiscount>1</AllowDiscount><ItemStatus>1</ItemStatus><ItemPrice>16.20</ItemPrice></item><item><PriceUpdateDate>2015-08-11 10:00:24</PriceUpdateDate><ItemCode>7290002485261</ItemCode><ItemType>1</ItemType><ItemName>גזר מרוקאי ברוטב פיק</ItemName><ManufacturerName>סלטי שמיר</ManufacturerName><ManufactureCountry>ישראל</ManufactureCountry><ManufacturerItemDescription>סלט טבעות גזר ברוטב פיקנט</ManufacturerItemDescription><SoldByWeight/><Quantity>250.00</Quantity><UnitOfMeasure>גרם     </UnitOfMeasure><QtyInPackage>לא ידוע</QtyInPackage><UnitOfMeasurePrice>0.0436</UnitOfMeasurePrice><AllowDiscount>1</AllowDiscount><ItemStatus>1</ItemStatus><ItemPrice>10.90</ItemPrice></item><item><PriceUpdateDate>2015-08-11 10:00:24</PriceUpdateDate><ItemCode>7290002485292</ItemCode><ItemType>1</ItemType><ItemName>רצועות סלק ביתי 250</ItemName><ManufacturerName>סלטי שמיר</ManufacturerName><ManufactureCountry>ישראל</ManufactureCountry><ManufacturerItemDescription>סלט קוביות סלק ביתי 250 ג</ManufacturerItemDescription><SoldByWeight/><Quantity>250.00</Quantity><UnitOfMeasure>גרם     </UnitOfMeasure><QtyInPackage>לא ידוע</QtyInPackage><UnitOfMeasurePrice>0.0436</UnitOfMeasurePrice><AllowDiscount>1</AllowDiscount><ItemStatus>1</ItemStatus><ItemPrice>10.90</ItemPrice></item><item><PriceUpdateDate>2015-10-11 18:10:46</PriceUpdateDate><ItemCode>7290002485346</ItemCode><ItemType>1</ItemType><ItemName>סלט ביצים 250 גרם</ItemName><ManufacturerName>סלטי שמיר</ManufacturerName><ManufactureCountry>ישראל</ManufactureCountry><ManufacturerItemDescription>סלט ביצים ביתי 250 גרם</ManufacturerItemDescription><SoldByWeight/><Quantity>250.00</Quantity><UnitOfMeasure>גרם     </UnitOfMeasure><QtyInPackage>לא ידוע</QtyInPackage><UnitOfMeasurePrice>0.0812</UnitOfMeasurePrice><AllowDiscount>1</AllowDiscount><ItemStatus>1</ItemStatus><ItemPrice>20.30</ItemPrice></item><item><PriceUpdateDate>2015-11-16 11:40:31</PriceUpdateDate><ItemCode>7290002485407</ItemCode><ItemType>1</ItemType><ItemName>סלק מקסיקני 250 גרם</ItemName><ManufacturerName>סלטי שמיר</ManufacturerName><ManufactureCountry>ישראל</ManufactureCountry><ManufacturerItemDescription>סלק מקסיקני 250 גרם</ManufacturerItemDescription><SoldByWeight/><Quantity>250.00</Quantity><UnitOfMeasure>גרם     </UnitOfMeasure><QtyInPackage>לא ידוע</QtyInPackage><UnitOfMeasurePrice>0.0648</UnitOfMeasurePrice><AllowDiscount>1</AllowDiscount><ItemStatus>1</ItemStatus><ItemPrice>16.20</ItemPrice></item><item><PriceUpdateDate>2015-10-11 18:10:46</PriceUpdateDate><ItemCode>7290002485445</ItemCode><ItemType>1</ItemType><ItemName>סלט טונה בריאות 250</ItemName><ManufacturerName>סלטי שמיר</ManufacturerName><ManufactureCountry>ישראל</ManufactureCountry><ManufacturerItemDescription>סלט טונה בריאות 250 גר</ManufacturerItemDescription><SoldByWeight/><Quantity>250.00</Quantity><UnitOfMeasure>גרם     </UnitOfMeasure><QtyInPackage>לא ידוע</QtyInPackage><UnitOfMeasurePrice>0.0812</UnitOfMeasurePrice><AllowDiscount>1</AllowDiscount><ItemStatus>1</ItemStatus><ItemPrice>20.30</ItemPrice></item><item><PriceUpdateDate>2016-05-02 08:05:47</PriceUpdateDate><ItemCode>7290002487425</ItemCode><ItemType>1</ItemType><ItemName>עוגיות אוראו קרם שוק</ItemName><ManufacturerName>אוראו</ManufacturerName><ManufactureCountry>ספרד</ManufactureCountry><ManufacturerItemDescription>מברשת מרידול    דול</ManufacturerItemDescription><SoldByWeight/><Quantity>176.00</Quantity><UnitOfMeasure>גרם     </UnitOfMeasure><QtyInPackage>לא ידוע</QtyInPackage><UnitOfMeasurePrice>0.0506</UnitOfMeasurePrice><AllowDiscount>1</AllowDiscount><ItemStatus>1</ItemStatus><ItemPrice>8.90</ItemPrice></item><item><PriceUpdateDate>2016-05-30 22:03:46</PriceUpdateDate><ItemCode>7290002487739</ItemCode><ItemType>1</ItemType><ItemName>מב עוגיות אוראו ממול</ItemName><ManufacturerName>אוראו</ManufacturerName><ManufactureCountry>ספרד</ManufactureCountry><ManufacturerItemDescription>משחת שיניים     שות 75 מ</ManufacturerItemDescription><SoldByWeight/><Quantity>246.00</Quantity><UnitOfMeasure>גרם     </UnitOfMeasure><QtyInPackage>לא ידוע</QtyInPackage><UnitOfMeasurePrice>0.0606</UnitOfMeasurePrice><AllowDiscount>1</AllowDiscount><ItemStatus>1</ItemStatus><ItemPrice>14.90</ItemPrice></item><item><PriceUpdateDate>2016-05-30 22:03:46</PriceUpdateDate><ItemCode>7290002487746</ItemCode><ItemType>1</ItemType><ItemName>מב עוגיות אוראו ממול</ItemName><ManufacturerName>אוראו</ManufacturerName><ManufactureCountry>ספרד</ManufactureCountry><ManufacturerItemDescription>בדין דפי מרכך    כחול</ManufacturerItemDescription><SoldByWeight/><Quantity>246.00</Quantity><UnitOfMeasure>גרם     </UnitOfMeasure><QtyInPackage>לא ידוע</QtyInPackage><UnitOfMeasurePrice>0.0606</UnitOfMeasurePrice><AllowDiscount>1</AllowDiscount><ItemStatus>1</ItemStatus><ItemPrice>14.90</ItemPrice></item><item><PriceUpdateDate>2016-05-30 22:03:46</PriceUpdateDate><ItemCode>7290002511281</ItemCode><ItemType>3</ItemType><ItemName>מב ברינזה צאן 18% המ</ItemName><ManufacturerName>המושבה</ManufacturerName><ManufactureCountry>ישראל</ManufactureCountry><ManufacturerItemDescription>מב ברינזה צאן 18% המ</ManufacturerItemDescription><SoldByWeight/><Quantity>1.00</Quantity><UnitOfMeasure>ק"ג</UnitOfMeasure><QtyInPackage>לא ידוע</QtyInPackage><UnitOfMeasurePrice>89.0000</UnitOfMeasurePrice><AllowDiscount>1</AllowDiscount><ItemStatus>1</ItemStatus><ItemPrice>89.00</ItemPrice></item><item><PriceUpdateDate>2014-11-03 06:38:35</PriceUpdateDate><ItemCode>7290002511311</ItemCode><ItemType>3</ItemType><ItemName>פיקורינו כבשים 35.5%</ItemName><ManufacturerName>המושבה</ManufacturerName><ManufactureCountry>ישראל</ManufactureCountry><ManufacturerItemDescription>פיקורינו כבשים 35.5%</ManufacturerItemDescription><SoldByWeight/><Quantity>1.00</Quantity><UnitOfMeasure>ק"ג</UnitOfMeasure><QtyInPackage>לא ידוע</QtyInPackage><UnitOfMeasurePrice>157.0000</UnitOfMeasurePrice><AllowDiscount>1</AllowDiscount><ItemStatus>1</ItemStatus><ItemPrice>157.00</ItemPrice></item><item><PriceUpdateDate>2014-11-03 06:38:35</PriceUpdateDate><ItemCode>7290002511335</ItemCode><ItemType>3</ItemType><ItemName>תום כבשים 34% לק"ג</ItemName><ManufacturerName>המושבה</ManufacturerName><ManufactureCountry>ישראל</ManufactureCountry><ManufacturerItemDescription>תום כבשים 34% לק"ג</ManufacturerItemDescription><SoldByWeight/><Quantity>1.00</Quantity><UnitOfMeasure>ק"ג</UnitOfMeasure><QtyInPackage>לא ידוע</QtyInPackage><UnitOfMeasurePrice>157.0000</UnitOfMeasurePrice><AllowDiscount>1</AllowDiscount><ItemStatus>1</ItemStatus><ItemPrice>157.00</ItemPrice></item><item><PriceUpdateDate>2014-11-03 06:38:35</PriceUpdateDate><ItemCode>7290002511373</ItemCode><ItemType>3</ItemType><ItemName>גאודה עיזים</ItemName><ManufacturerName>המושבה</ManufacturerName><ManufactureCountry>ישראל</ManufactureCountry><ManufacturerItemDescription>גאודה עיזים</ManufacturerItemDescription><SoldByWeight/><Quantity>1.00</Quantity><UnitOfMeasure>ק"ג</UnitOfMeasure><QtyInPackage>לא ידוע</QtyInPackage><UnitOfMeasurePrice>162.0000</UnitOfMeasurePrice><AllowDiscount>1</AllowDiscount><ItemStatus>1</ItemStatus><ItemPrice>162.00</ItemPrice></item><item><PriceUpdateDate>2016-05-30 22:03:46</PriceUpdateDate><ItemCode>7290002514268</ItemCode><ItemType>1</ItemType><ItemName>מב בסיס לעוגת טורט ו</ItemName><ManufacturerName>לא ממותג</ManufacturerName><ManufactureCountry>גרמניה</ManufactureCountry><ManufacturerItemDescription>בסיס לעוגת טורט וניל</ManufacturerItemDescription><SoldByWeight/><Quantity>400.00</Quantity><UnitOfMeasure>גרם     </UnitOfMeasure><QtyInPackage>לא ידוע</QtyInPackage><UnitOfMeasurePrice>0.0373</UnitOfMeasurePrice><AllowDiscount>1</AllowDiscount><ItemStatus>1</ItemStatus><ItemPrice>14.90</ItemPrice></item><item><PriceUpdateDate>2015-10-11 18:10:46</PriceUpdateDate><ItemCode>7290002517108</ItemCode><ItemType>1</ItemType><ItemName>אורגנו 10 גרם</ItemName><ManufacturerName>לא ידוע</ManufacturerName><ManufactureCountry>ישראל</ManufactureCountry><ManufacturerItemDescription>אורגנו 10 גר מיכל קטן</ManufacturerItemDescription><SoldByWeight/><Quantity>14.00</Quantity><UnitOfMeasure>גרם     </UnitOfMeasure><QtyInPackage>לא ידוע</QtyInPackage><UnitOfMeasurePrice>0.5286</UnitOfMeasurePrice><AllowDiscount>1</AllowDiscount><ItemStatus>1</ItemStatus><ItemPrice>7.40</ItemPrice></item><item><PriceUpdateDate>2016-03-13 09:41:20</PriceUpdateDate><ItemCode>7290002517269</ItemCode><ItemType>1</ItemType><ItemName>פלפל שחור שלם 35 גרם</ItemName><ManufacturerName>טעם וריח</ManufacturerName><ManufactureCountry>ישראל</ManufactureCountry><ManufacturerItemDescription>פלפל שחור שלם 35 גר מיכל</ManufacturerItemDescription><SoldByWeight/><Quantity>14.00</Quantity><UnitOfMeasure>גרם     </UnitOfMeasure><QtyInPackage>לא ידוע</QtyInPackage><UnitOfMeasurePrice>0.9071</UnitOfMeasurePrice><AllowDiscount>1</AllowDiscount><ItemStatus>1</ItemStatus><ItemPrice>12.70</ItemPrice></item><item><PriceUpdateDate>2015-10-11 18:10:46</PriceUpdateDate><ItemCode>7290002517276</ItemCode><ItemType>1</ItemType><ItemName>פלפל אנגלי שלם 25 גר</ItemName><ManufacturerName>טעם וריח</ManufacturerName><ManufactureCountry>ישראל</ManufactureCountry><ManufacturerItemDescription>פלפל אנגלי שלם 25 גר מיכל</ManufacturerItemDescription><SoldByWeight/><Quantity>14.00</Quantity><UnitOfMeasure>גרם     </UnitOfMeasure><QtyInPackage>לא ידוע</QtyInPackage><UnitOfMeasurePrice>0.5286</UnitOfMeasurePrice><AllowDiscount>1</AllowDiscount><ItemStatus>1</ItemStatus><ItemPrice>7.40</ItemPrice></item><item><PriceUpdateDate>2016-03-13 09:41:20</PriceUpdateDate><ItemCode>7290002517283</ItemCode><ItemType>1</ItemType><ItemName>פלפל שחור גרוס 40 גר</ItemName><ManufacturerName>לא ידוע</ManufacturerName><ManufactureCountry>ישראל</ManufactureCountry><ManufacturerItemDescription>פלפל שחור גרוס 40 גר מיכל</ManufacturerItemDescription><SoldByWeight/><Quantity>14.00</Quantity><UnitOfMeasure>גרם     </UnitOfMeasure><QtyInPackage>לא ידוע</QtyInPackage><UnitOfMeasurePrice>0.9071</UnitOfMeasurePrice><AllowDiscount>1</AllowDiscount><ItemStatus>1</ItemStatus><ItemPrice>12.70</ItemPrice></item><item><PriceUpdateDate>2015-10-11 18:10:46</PriceUpdateDate><ItemCode>7290002517290</ItemCode><ItemType>1</ItemType><ItemName>קינמון טחון 40 גרם</ItemName><ManufacturerName>תבליני טעם וריח</ManufacturerName><ManufactureCountry>ישראל</ManufactureCountry><ManufacturerItemDescription>קינמון טחון 40 גר  מיכל ק</ManufacturerItemDescription><SoldByWeight/><Quantity>14.00</Quantity><UnitOfMeasure>גרם     </UnitOfMeasure><QtyInPackage>לא ידוע</QtyInPackage><UnitOfMeasurePrice>0.5286</UnitOfMeasurePrice><AllowDiscount>1</AllowDiscount><ItemStatus>1</ItemStatus><ItemPrice>7.40</ItemPrice></item><item><PriceUpdateDate>2015-11-12 14:47:47</PriceUpdateDate><ItemCode>7290002517375</ItemCode><ItemType>1</ItemType><ItemName>בזיליקום 30 גרם</ItemName><ManufacturerName>טעם וריח</ManufacturerName><ManufactureCountry>ישראל</ManufactureCountry><ManufacturerItemDescription>בזיליקום 30 גרם</ManufacturerItemDescription><SoldByWeight/><Quantity>14.00</Quantity><UnitOfMeasure>גרם     </UnitOfMeasure><QtyInPackage>לא ידוע</QtyInPackage><UnitOfMeasurePrice>0.4500</UnitOfMeasurePrice><AllowDiscount>1</AllowDiscount><ItemStatus>1</ItemStatus><ItemPrice>6.30</ItemPrice></item><item><PriceUpdateDate>2015-10-11 18:10:46</PriceUpdateDate><ItemCode>7290002517481</ItemCode><ItemType>1</ItemType><ItemName>מלח לימון 60 גרם</ItemName><ManufacturerName>לא ידוע</ManufacturerName><ManufactureCountry>ישראל</ManufactureCountry><ManufacturerItemDescription>מלח לימון 60 גרם</ManufacturerItemDescription><SoldByWeight/><Quantity>14.00</Quantity><UnitOfMeasure>גרם     </UnitOfMeasure><QtyInPackage>לא ידוע</QtyInPackage><UnitOfMeasurePrice>0.5286</UnitOfMeasurePrice><AllowDiscount>1</AllowDiscount><ItemStatus>1</ItemStatus><ItemPrice>7.40</ItemPrice></item><item><PriceUpdateDate>2015-11-12 14:47:47</PriceUpdateDate><ItemCode>7290002517597</ItemCode><ItemType>1</ItemType><ItemName>תערובת תיבול ממרחים</ItemName><ManufacturerName>תבליני שוורץ</ManufacturerName><ManufactureCountry>ישראל</ManufactureCountry><ManufacturerItemDescription>תערובת תיבול ממרחים</ManufacturerItemDescription><SoldByWeight/><Quantity>100.00</Quantity><UnitOfMeasure>גרם     </UnitOfMeasure><QtyInPackage>לא ידוע</QtyInPackage><UnitOfMeasurePrice>0.1280</UnitOfMeasurePrice><AllowDiscount>1</AllowDiscount><ItemStatus>1</ItemStatus><ItemPrice>12.80</ItemPrice></item><item><PriceUpdateDate>2015-10-11 18:10:46</PriceUpdateDate><ItemCode>7290002517603</ItemCode><ItemType>1</ItemType><ItemName>בזיליקום 10 גרם</ItemName><ManufacturerName>טעם וריח</ManufacturerName><ManufactureCountry>ישראל</ManufactureCountry><ManufacturerItemDescription>בזיליקום 10   גר</ManufacturerItemDescription><SoldByWeight/><Quantity>14.00</Quantity><UnitOfMeasure>גרם     </UnitOfMeasure><QtyInPackage>לא ידוע</QtyInPackage><UnitOfMeasurePrice>0.5286</UnitOfMeasurePrice><AllowDiscount>1</AllowDiscount><ItemStatus>1</ItemStatus><ItemPrice>7.40</ItemPrice></item><item><PriceUpdateDate>2015-10-11 18:10:46</PriceUpdateDate><ItemCode>7290002517634</ItemCode><ItemType>1</ItemType><ItemName>כוסברה 30 גרם</ItemName><ManufacturerName>לא ידוע</ManufacturerName><ManufactureCountry>ישראל</ManufactureCountry><ManufacturerItemDescription>כוסברה 30 גרם</ManufacturerItemDescription><SoldByWeight/><Quantity>14.00</Quantity><UnitOfMeasure>גרם     </UnitOfMeasure><QtyInPackage>לא ידוע</QtyInPackage><UnitOfMeasurePrice>0.5286</UnitOfMeasurePrice><AllowDiscount>1</AllowDiscount><ItemStatus>1</ItemStatus><ItemPrice>7.40</ItemPrice></item><item><PriceUpdateDate>2015-10-11 18:10:46</PriceUpdateDate><ItemCode>7290002517658</ItemCode><ItemType>1</ItemType><ItemName>כורכום 40 גרם</ItemName><ManufacturerName>לא ידוע</ManufacturerName><ManufactureCountry>ישראל</ManufactureCountry><ManufacturerItemDescription>כורכום 40  גר</ManufacturerItemDescription><SoldByWeight/><Quantity>14.00</Quantity><UnitOfMeasure>גרם     </UnitOfMeasure><QtyInPackage>לא ידוע</QtyInPackage><UnitOfMeasurePrice>0.5286</UnitOfMeasurePrice><AllowDiscount>1</AllowDiscount><ItemStatus>1</ItemStatus><ItemPrice>7.40</ItemPrice></item><item><PriceUpdateDate>2015-10-11 18:10:47</PriceUpdateDate><ItemCode>7290002517689</ItemCode><ItemType>1</ItemType><ItemName>קרי אבקה 40 גרם</ItemName><ManufacturerName>לא ידוע</ManufacturerName><ManufactureCountry>ישראל</ManufactureCountry><ManufacturerItemDescription>קרי 40 גר</ManufacturerItemDescription><SoldByWeight/><Quantity>14.00</Quantity><UnitOfMeasure>גרם     </UnitOfMeasure><QtyInPackage>לא ידוע</QtyInPackage><UnitOfMeasurePrice>0.5286</UnitOfMeasurePrice><AllowDiscount>1</AllowDiscount><ItemStatus>1</ItemStatus><ItemPrice>7.40</ItemPrice></item><item><PriceUpdateDate>2015-10-11 18:10:47</PriceUpdateDate><ItemCode>7290002517733</ItemCode><ItemType>1</ItemType><ItemName>קצח 50 גרם</ItemName><ManufacturerName>תבליני טעם וריח</ManufacturerName><ManufactureCountry>ישראל</ManufactureCountry><ManufacturerItemDescription>קצח 50 גרם</ManufacturerItemDescription><SoldByWeight/><Quantity>14.00</Quantity><UnitOfMeasure>גרם     </UnitOfMeasure><QtyInPackage>לא ידוע</QtyInPackage><UnitOfMeasurePrice>0.5286</UnitOfMeasurePrice><AllowDiscount>1</AllowDiscount><ItemStatus>1</ItemStatus><ItemPrice>7.40</ItemPrice></item><item><PriceUpdateDate>2015-10-11 18:10:47</PriceUpdateDate><ItemCode>7290002517740</ItemCode><ItemType>1</ItemType><ItemName>חרדל גרעינים 50 גרם</ItemName><ManufacturerName>תבליני שוורץ</ManufacturerName><ManufactureCountry>ישראל</ManufactureCountry><ManufacturerItemDescription>חרדל גרעינים 50 גרם</ManufacturerItemDescription><SoldByWeight/><Quantity>14.00</Quantity><UnitOfMeasure>גרם     </UnitOfMeasure><QtyInPackage>לא ידוע</QtyInPackage><UnitOfMeasurePrice>0.5286</UnitOfMeasurePrice><AllowDiscount>1</AllowDiscount><ItemStatus>1</ItemStatus><ItemPrice>7.40</ItemPrice></item><item><PriceUpdateDate>2015-10-11 18:10:47</PriceUpdateDate><ItemCode>7290002517764</ItemCode><ItemType>1</ItemType><ItemName>פטרוזיליה 10 גרם</ItemName><ManufacturerName>לא ידוע</ManufacturerName><ManufactureCountry>ישראל</ManufactureCountry><ManufacturerItemDescription>פטרוזיליה 10 גרם</ManufacturerItemDescription><SoldByWeight/><Quantity>14.00</Quantity><UnitOfMeasure>גרם     </UnitOfMeasure><QtyInPackage>לא ידוע</QtyInPackage><UnitOfMeasurePrice>0.5286</UnitOfMeasurePrice><AllowDiscount>1</AllowDiscount><ItemStatus>1</ItemStatus><ItemPrice>7.40</ItemPrice></item><item><PriceUpdateDate>2015-10-11 18:10:47</PriceUpdateDate><ItemCode>7290002517795</ItemCode><ItemType>1</ItemType><ItemName>פלפל אנגלי (ריחוני)</ItemName><ManufacturerName>לא ידוע</ManufacturerName><ManufactureCountry>ישראל</ManufactureCountry><ManufacturerItemDescription>פלפל אנגלי (ריחוני)</ManufacturerItemDescription><SoldByWeight/><Quantity>14.00</Quantity><UnitOfMeasure>גרם     </UnitOfMeasure><QtyInPackage>לא ידוע</QtyInPackage><UnitOfMeasurePrice>0.5286</UnitOfMeasurePrice><AllowDiscount>1</AllowDiscount><ItemStatus>1</ItemStatus><ItemPrice>7.40</ItemPrice></item><item><PriceUpdateDate>2014-11-03 06:37:26</PriceUpdateDate><ItemCode>7290002517818</ItemCode><ItemType>1</ItemType><ItemName>הל טחון 30 גרם</ItemName><ManufacturerName>טעם וריח</ManufacturerName><ManufactureCountry>ישראל</ManufactureCountry><ManufacturerItemDescription>הל טחון 30 גרם</ManufacturerItemDescription><SoldByWeight/><Quantity>14.00</Quantity><UnitOfMeasure>גרם     </UnitOfMeasure><QtyInPackage>לא ידוע</QtyInPackage><UnitOfMeasurePrice>0.6929</UnitOfMeasurePrice><AllowDiscount>1</AllowDiscount><ItemStatus>1</ItemStatus><ItemPrice>9.70</ItemPrice></item><item><PriceUpdateDate>2014-12-10 08:04:13</PriceUpdateDate><ItemCode>7290002517825</ItemCode><ItemType>1</ItemType><ItemName>פלפל לבן טחון 40 גרם</ItemName><ManufacturerName>טעם וריח</ManufacturerName><ManufactureCountry>ישראל</ManufactureCountry><ManufacturerItemDescription>פלפל לבן טחון 40 גר</ManufacturerItemDescription><SoldByWeight/><Quantity>14.00</Quantity><UnitOfMeasure>גרם     </UnitOfMeasure><QtyInPackage>לא ידוע</QtyInPackage><UnitOfMeasurePrice>0.8500</UnitOfMeasurePrice><AllowDiscount>1</AllowDiscount><ItemStatus>1</ItemStatus><ItemPrice>11.90</ItemPrice></item><item><PriceUpdateDate>2014-11-03 06:37:26</PriceUpdateDate><ItemCode>7290002517849</ItemCode><ItemType>1</ItemType><ItemName>שוום גבישי 50 גרם</ItemName><ManufacturerName>לא ידוע</ManufacturerName><ManufactureCountry>ישראל</ManufactureCountry><ManufacturerItemDescription>שום גבישי 50  גר</ManufacturerItemDescription><SoldByWeight/><Quantity>14.00</Quantity><UnitOfMeasure>גרם     </UnitOfMeasure><QtyInPackage>לא ידוע</QtyInPackage><UnitOfMeasurePrice>0.6929</UnitOfMeasurePrice><AllowDiscount>1</AllowDiscount><ItemStatus>1</ItemStatus><ItemPrice>9.70</ItemPrice></item><item><PriceUpdateDate>2015-02-27 09:45:51</PriceUpdateDate><ItemCode>7290002519447</ItemCode><ItemType>3</ItemType><ItemName>צלי  כתף טרי  חלק אד</ItemName><ManufacturerName>אדום אדום</ManufacturerName><ManufactureCountry>ישראל</ManufactureCountry><ManufacturerItemDescription>צלי  כתף טרי  חלק אד</ManufacturerItemDescription><SoldByWeight/><Quantity>1.00</Quantity><UnitOfMeasure>ק"ג</UnitOfMeasure><QtyInPackage>לא ידוע</QtyInPackage><UnitOfMeasurePrice>99.0000</UnitOfMeasurePrice><AllowDiscount>1</AllowDiscount><ItemStatus>1</ItemStatus><ItemPrice>99.00</ItemPrice></item><item><PriceUpdateDate>2016-05-30 22:03:46</PriceUpdateDate><ItemCode>7290002541370</ItemCode><ItemType>1</ItemType><ItemName>חלב סויה אלפרו סידן</ItemName><ManufacturerName>אלפרו</ManufacturerName><ManufactureCountry>בלגיה</ManufactureCountry><ManufacturerItemDescription>משקה סויה טבעי  1 ליטר</ManufacturerItemDescription><SoldByWeight/><Quantity>1000.00</Quantity><UnitOfMeasure>מ"ל</UnitOfMeasure><QtyInPackage>לא ידוע</QtyInPackage><UnitOfMeasurePrice>0.0139</UnitOfMeasurePrice><AllowDiscount>1</AllowDiscount><ItemStatus>1</ItemStatus><ItemPrice>13.90</ItemPrice></item><item><PriceUpdateDate>2016-02-02 06:51:01</PriceUpdateDate><ItemCode>7290002541479</ItemCode><ItemType>1</ItemType><ItemName>אלפרו סויה שוקו מארז</ItemName><ManufacturerName>אלפרו</ManufacturerName><ManufactureCountry>בלגיה</ManufactureCountry><ManufacturerItemDescription>משקה סויה שוקו  250X מ"ל</ManufacturerItemDescription><SoldByWeight/><Quantity>750.00</Quantity><UnitOfMeasure>מ"ל</UnitOfMeasure><QtyInPackage>לא ידוע</QtyInPackage><UnitOfMeasurePrice>0.0199</UnitOfMeasurePrice><AllowDiscount>1</AllowDiscount><ItemStatus>1</ItemStatus><ItemPrice>14.90</ItemPrice></item><item><PriceUpdateDate>2016-05-30 22:03:46</PriceUpdateDate><ItemCode>7290002541981</ItemCode><ItemType>1</ItemType><ItemName>חלב סויה אלפרו ללא ס</ItemName><ManufacturerName>אלפרו</ManufacturerName><ManufactureCountry>בלגיה</ManufactureCountry><ManufacturerItemDescription>משקה סויה       ספת סוכר</ManufacturerItemDescription><SoldByWeight/><Quantity>1000.00</Quantity><UnitOfMeasure>מ"ל</UnitOfMeasure><QtyInPackage>לא ידוע</QtyInPackage><UnitOfMeasurePrice>0.0139</UnitOfMeasurePrice><AllowDiscount>1</AllowDiscount><ItemStatus>1</ItemStatus><ItemPrice>13.90</ItemPrice></item><item><PriceUpdateDate>2016-06-14 15:39:27</PriceUpdateDate><ItemCode>7290002543046</ItemCode><ItemType>1</ItemType><ItemName>מב קלוגס פרוסטיס 750</ItemName><ManufacturerName>קלוגס  פרוסטיס</ManufacturerName><ManufactureCountry>גרמניה</ManufactureCountry><ManufacturerItemDescription>קלוגס פרוסטיס 750 גר</ManufacturerItemDescription><SoldByWeight/><Quantity>750.00</Quantity><UnitOfMeasure>גרם     </UnitOfMeasure><QtyInPackage>לא ידוע</QtyInPackage><UnitOfMeasurePrice>0.0319</UnitOfMeasurePrice><AllowDiscount>1</AllowDiscount><ItemStatus>1</ItemStatus><ItemPrice>23.90</ItemPrice></item><item><PriceUpdateDate>2016-06-14 15:39:27</PriceUpdateDate><ItemCode>7290002543176</ItemCode><ItemType>1</ItemType><ItemName>מב קלוגס וראייטי שמי</ItemName><ManufacturerName>קלוגס  וורייטי</ManufacturerName><ManufactureCountry>בריטניה</ManufactureCountry><ManufacturerItemDescription>קלוגס וורייטי שמיניה</ManufacturerItemDescription><SoldByWeight/><Quantity>200.00</Quantity><UnitOfMeasure>גרם     </UnitOfMeasure><QtyInPackage>לא ידוע</QtyInPackage><UnitOfMeasurePrice>0.1195</UnitOfMeasurePrice><AllowDiscount>1</AllowDiscount><ItemStatus>1</ItemStatus><ItemPrice>23.90</ItemPrice></item><item><PriceUpdateDate>2016-06-08 11:06:16</PriceUpdateDate><ItemCode>7290002543237</ItemCode><ItemType>1</ItemType><ItemName>קלוגס קורנפלקס 750 ג</ItemName><ManufacturerName>קלוגס קורנפלקס</ManufacturerName><ManufactureCountry>גרמניה</ManufactureCountry><ManufacturerItemDescription>קורנפלקס קלוגס 750 גר</ManufacturerItemDescription><SoldByWeight/><Quantity>750.00</Quantity><UnitOfMeasure>גרם     </UnitOfMeasure><QtyInPackage>לא ידוע</QtyInPackage><UnitOfMeasurePrice>0.0319</UnitOfMeasurePrice><AllowDiscount>1</AllowDiscount><ItemStatus>1</ItemStatus><ItemPrice>23.90</ItemPrice></item><item><PriceUpdateDate>2016-06-08 11:06:16</PriceUpdateDate><ItemCode>7290002543381</ItemCode><ItemType>1</ItemType><ItemName>קלוגס ספיישל קיי 375</ItemName><ManufacturerName>קלוגס ספיישל קיי</ManufacturerName><ManufactureCountry>בריטניה</ManufactureCountry><ManufacturerItemDescription>קלוגס ספיישל  K גר</ManufacturerItemDescription><SoldByWeight/><Quantity>375.00</Quantity><UnitOfMeasure>גרם     </UnitOfMeasure><QtyInPackage>לא ידוע</QtyInPackage><UnitOfMeasurePrice>0.0771</UnitOfMeasurePrice><AllowDiscount>1</AllowDiscount><ItemStatus>1</ItemStatus><ItemPrice>28.90</ItemPrice></item><item><PriceUpdateDate>2016-05-30 22:03:46</PriceUpdateDate><ItemCode>7290002551003</ItemCode><ItemType>1</ItemType><ItemName>טונה סטארקיסט בשמן 1</ItemName><ManufacturerName>סטארקיסט</ManufacturerName><ManufactureCountry>ישראל</ManufactureCountry><ManufacturerItemDescription>טונה סטארקיסט בשמן160 גר</ManufacturerItemDescription><SoldByWeight/><Quantity>112.00</Quantity><UnitOfMeasure>גרם     </UnitOfMeasure><QtyInPackage>לא ידוע</QtyInPackage><UnitOfMeasurePrice>0.0607</UnitOfMeasurePrice><AllowDiscount>1</AllowDiscount><ItemStatus>1</ItemStatus><ItemPrice>6.80</ItemPrice></item><item><PriceUpdateDate>2016-05-30 22:03:46</PriceUpdateDate><ItemCode>7290002551010</ItemCode><ItemType>1</ItemType><ItemName>טונה סטארקיסט במים 1</ItemName><ManufacturerName>סטארקיסט</ManufacturerName><ManufactureCountry>ישראל</ManufactureCountry><ManufacturerItemDescription>טונה סטארקיסט במים160 גר</ManufacturerItemDescription><SoldByWeight/><Quantity>112.00</Quantity><UnitOfMeasure>גרם     </UnitOfMeasure><QtyInPackage>לא ידוע</QtyInPackage><UnitOfMeasurePrice>0.0607</UnitOfMeasurePrice><AllowDiscount>1</AllowDiscount><ItemStatus>1</ItemStatus><ItemPrice>6.80</ItemPrice></item><item><PriceUpdateDate>2014-11-03 06:36:46</PriceUpdateDate><ItemCode>7290002581536</ItemCode><ItemType>1</ItemType><ItemName>וופל ללא סוכר 250 גר</ItemName><ManufacturerName>הדר</ManufacturerName><ManufactureCountry>ישראל</ManufactureCountry><ManufacturerItemDescription>וופל ללא סוכר 250 גרם הדר</ManufacturerItemDescription><SoldByWeight/><Quantity>250.00</Quantity><UnitOfMeasure>גרם     </UnitOfMeasure><QtyInPackage>לא ידוע</QtyInPackage><UnitOfMeasurePrice>0.0448</UnitOfMeasurePrice><AllowDiscount>1</AllowDiscount><ItemStatus>1</ItemStatus><ItemPrice>11.20</ItemPrice></item><item><PriceUpdateDate>2014-11-03 06:37:45</PriceUpdateDate><ItemCode>7290002631415</ItemCode><ItemType>1</ItemType><ItemName>שום ועשבי תיבול 77 ג</ItemName><ManufacturerName>מקרומיק</ManufacturerName><ManufactureCountry>ישראל</ManufactureCountry><ManufacturerItemDescription>שום ועשבי תיבול 77 ג</ManufacturerItemDescription><SoldByWeight/><Quantity>14.00</Quantity><UnitOfMeasure>גרם     </UnitOfMeasure><QtyInPackage>לא ידוע</QtyInPackage><UnitOfMeasurePrice>1.7786</UnitOfMeasurePrice><AllowDiscount>1</AllowDiscount><ItemStatus>1</ItemStatus><ItemPrice>24.90</ItemPrice></item><item><PriceUpdateDate>2016-05-30 22:03:47</PriceUpdateDate><ItemCode>7290002651253</ItemCode><ItemType>1</ItemType><ItemName>גחנון אפוי קפוא חמסי</ItemName><ManufacturerName>חמסי</ManufacturerName><ManufactureCountry>ישראל</ManufactureCountry><ManufacturerItemDescription>גחנון אפוי קפוא חמסי</ManufacturerItemDescription><SoldByWeight/><Quantity>600.00</Quantity><UnitOfMeasure>גרם     </UnitOfMeasure><QtyInPackage>לא ידוע</QtyInPackage><UnitOfMeasurePrice>0.0282</UnitOfMeasurePrice><AllowDiscount>1</AllowDiscount><ItemStatus>1</ItemStatus><ItemPrice>16.90</ItemPrice></item><item><PriceUpdateDate>2016-06-13 13:03:31</PriceUpdateDate><ItemCode>7290002657866</ItemCode><ItemType>3</ItemType><ItemName>פילה אמנון מאיר עזרא</ItemName><ManufacturerName>דלידג</ManufacturerName><ManufactureCountry>ישראל</ManufactureCountry><ManufacturerItemDescription>פילה אמנון מאיר עזרא</ManufacturerItemDescription><SoldByWeight/><Quantity>1.00</Quantity><UnitOfMeasure>ק"ג</UnitOfMeasure><QtyInPackage>לא ידוע</QtyInPackage><UnitOfMeasurePrice>43.9000</UnitOfMeasurePrice><AllowDiscount>1</AllowDiscount><ItemStatus>1</ItemStatus><ItemPrice>43.90</ItemPrice></item><item><PriceUpdateDate>2015-10-20 16:11:24</PriceUpdateDate><ItemCode>7290002661115</ItemCode><ItemType>1</ItemType><ItemName>לחם הולנדי 1.2 ק''ג</ItemName><ManufacturerName>מאפיית ברמן</ManufacturerName><ManufactureCountry>ישראל</ManufactureCountry><ManufacturerItemDescription>לחם הולנדי 1.2 ק''ג</ManufacturerItemDescription><SoldByWeight/><Quantity>1200.00</Quantity><UnitOfMeasure>גרם     </UnitOfMeasure><QtyInPackage>לא ידוע</QtyInPackage><UnitOfMeasurePrice>0.0149</UnitOfMeasurePrice><AllowDiscount>1</AllowDiscount><ItemStatus>1</ItemStatus><ItemPrice>17.90</ItemPrice></item><item><PriceUpdateDate>2015-10-20 16:57:36</PriceUpdateDate><ItemCode>7290002661153</ItemCode><ItemType>1</ItemType><ItemName>לחם  דני קל 1 ק"ג</ItemName><ManufacturerName>מאפית לחם חן</ManufacturerName><ManufactureCountry>ישראל</ManufactureCountry><ManufacturerItemDescription>לחם  דני קל 1 ק"ג</ManufacturerItemDescription><SoldByWeight/><Quantity>1000.00</Quantity><UnitOfMeasure>גרם     </UnitOfMeasure><QtyInPackage>לא ידוע</QtyInPackage><UnitOfMeasurePrice>0.0193</UnitOfMeasurePrice><AllowDiscount>1</AllowDiscount><ItemStatus>1</ItemStatus><ItemPrice>19.30</ItemPrice></item><item><PriceUpdateDate>2016-03-29 13:00:31</PriceUpdateDate><ItemCode>7290002661214</ItemCode><ItemType>1</ItemType><ItemName>לחם גלילי קל 750 גרם</ItemName><ManufacturerName>לא ממותג</ManufacturerName><ManufactureCountry>ישראל</ManufactureCountry><ManufacturerItemDescription>לחם גלילי קל 750 גרם</ManufacturerItemDescription><SoldByWeight/><Quantity>750.00</Quantity><UnitOfMeasure>גרם     </UnitOfMeasure><QtyInPackage>לא ידוע</QtyInPackage><UnitOfMeasurePrice>0.0231</UnitOfMeasurePrice><AllowDiscount>1</AllowDiscount><ItemStatus>1</ItemStatus><ItemPrice>17.30</ItemPrice></item><item><PriceUpdateDate>2016-03-01 06:49:09</PriceUpdateDate><ItemCode>7290002663522</ItemCode><ItemType>1</ItemType><ItemName>תפוזינה 1.5 ליטר</ItemName><ManufacturerName>תפוזינה</ManufacturerName><ManufactureCountry>ישראל</ManufactureCountry><ManufacturerItemDescription>תפוזינה תפוזים1.5 ל</ManufacturerItemDescription><SoldByWeight/><Quantity>1500.00</Quantity><UnitOfMeasure>מ"ל</UnitOfMeasure><QtyInPackage>לא ידוע</QtyInPackage><UnitOfMeasurePrice>0.0050</UnitOfMeasurePrice><AllowDiscount>1</AllowDiscount><ItemStatus>1</ItemStatus><ItemPrice>7.50</ItemPrice></item><item><PriceUpdateDate>2016-03-01 06:49:09</PriceUpdateDate><ItemCode>7290002663539</ItemCode><ItemType>1</ItemType><ItemName>תפוזינה אשכוליות 1.5</ItemName><ManufacturerName>תפוזינה</ManufacturerName><ManufactureCountry>ישראל</ManufactureCountry><ManufacturerItemDescription>תפוזינה אשכולינה</ManufacturerItemDescription><SoldByWeight/><Quantity>1500.00</Quantity><UnitOfMeasure>מ"ל</UnitOfMeasure><QtyInPackage>לא ידוע</QtyInPackage><UnitOfMeasurePrice>0.0050</UnitOfMeasurePrice><AllowDiscount>1</AllowDiscount><ItemStatus>1</ItemStatus><ItemPrice>7.50</ItemPrice></item><item><PriceUpdateDate>2016-06-01 06:33:16</PriceUpdateDate><ItemCode>7290002663805</ItemCode><ItemType>1</ItemType><ItemName>שוופס טוניק 1.5 ליטר</ItemName><ManufacturerName>שוופס</ManufacturerName><ManufactureCountry>ישראל</ManufactureCountry><ManufacturerItemDescription>שוופס טוניק 1.5 ל</ManufacturerItemDescription><SoldByWeight/><Quantity>1500.00</Quantity><UnitOfMeasure>מ"ל</UnitOfMeasure><QtyInPackage>לא ידוע</QtyInPackage><UnitOfMeasurePrice>0.0073</UnitOfMeasurePrice><AllowDiscount>1</AllowDiscount><ItemStatus>1</ItemStatus><ItemPrice>10.90</ItemPrice></item><item><PriceUpdateDate>2016-06-01 06:33:16</PriceUpdateDate><ItemCode>7290002663812</ItemCode><ItemType>1</ItemType><ItemName>שוופס ג'ינג'ר 1.5 לי</ItemName><ManufacturerName>שוופס</ManufacturerName><ManufactureCountry>ישראל</ManufactureCountry><ManufacturerItemDescription>שוופס גינגר 1.5 ל</ManufacturerItemDescription><SoldByWeight/><Quantity>1500.00</Quantity><UnitOfMeasure>מ"ל</UnitOfMeasure><QtyInPackage>לא ידוע</QtyInPackage><UnitOfMeasurePrice>0.0073</UnitOfMeasurePrice><AllowDiscount>1</AllowDiscount><ItemStatus>1</ItemStatus><ItemPrice>10.90</ItemPrice></item><item><PriceUpdateDate>2016-06-01 06:33:16</PriceUpdateDate><ItemCode>7290002663829</ItemCode><ItemType>1</ItemType><ItemName>שוופס ביטר 1.5 ליטר</ItemName><ManufacturerName>שוופס</ManufacturerName><ManufactureCountry>ישראל</ManufactureCountry><ManufacturerItemDescription>שוופס ביטר 1.5 ל</ManufacturerItemDescription><SoldByWeight/><Quantity>1500.00</Quantity><UnitOfMeasure>מ"ל</UnitOfMeasure><QtyInPackage>לא ידוע</QtyInPackage><UnitOfMeasurePrice>0.0073</UnitOfMeasurePrice><AllowDiscount>1</AllowDiscount><ItemStatus>1</ItemStatus><ItemPrice>10.90</ItemPrice></item><item><PriceUpdateDate>2016-03-01 06:49:09</PriceUpdateDate><ItemCode>7290002663881</ItemCode><ItemType>1</ItemType><ItemName>אשכולינה דיאט 1.5 לי</ItemName><ManufacturerName>תפוזינה</ManufacturerName><ManufactureCountry>ישראל</ManufactureCountry><ManufacturerItemDescription>אשכולינה דיאט 1.5 לי</ManufacturerItemDescription><SoldByWeight/><Quantity>1500.00</Quantity><UnitOfMeasure>מ"ל</UnitOfMeasure><QtyInPackage>לא ידוע</QtyInPackage><UnitOfMeasurePrice>0.0050</UnitOfMeasurePrice><AllowDiscount>1</AllowDiscount><ItemStatus>1</ItemStatus><ItemPrice>7.50</ItemPrice></item><item><PriceUpdateDate>2016-05-30 22:03:47</PriceUpdateDate><ItemCode>7290002674221</ItemCode><ItemType>1</ItemType><ItemName>מב משחת שיניים אקוופ</ItemName><ManufacturerName>אקווה פרש</ManufacturerName><ManufactureCountry>ישראל</ManufactureCountry><ManufacturerItemDescription>מב משחת שיניים אקוופ</ManufacturerItemDescription><SoldByWeight/><Quantity>100.00</Quantity><UnitOfMeasure>מ"ל</UnitOfMeasure><QtyInPackage>לא ידוע</QtyInPackage><UnitOfMeasurePrice>0.1190</UnitOfMeasurePrice><AllowDiscount>1</AllowDiscount><ItemStatus>1</ItemStatus><ItemPrice>11.90</ItemPrice></item><item><PriceUpdateDate>2016-01-05 08:49:14</PriceUpdateDate><ItemCode>7290002674306</ItemCode><ItemType>1</ItemType><ItemName>משחת שיניים אקווה פר</ItemName><ManufacturerName>אקווה פרש</ManufacturerName><ManufactureCountry>ישראל</ManufactureCountry><ManufacturerItemDescription>א.פרש מנטה 100 מל</ManufacturerItemDescription><SoldByWeight/><Quantity>100.00</Quantity><UnitOfMeasure>מ"ל</UnitOfMeasure><QtyInPackage>לא ידוע</QtyInPackage><UnitOfMeasurePrice>0.1140</UnitOfMeasurePrice><AllowDiscount>1</AllowDiscount><ItemStatus>1</ItemStatus><ItemPrice>11.40</ItemPrice></item><item><PriceUpdateDate>2016-01-05 08:49:14</PriceUpdateDate><ItemCode>7290002674313</ItemCode><ItemType>1</ItemType><ItemName>משחת שיניים אקווה פר</ItemName><ManufacturerName>אקווה פרש</ManufacturerName><ManufactureCountry>ישראל</ManufactureCountry><ManufacturerItemDescription>א.פרש עדין 100 מל</ManufacturerItemDescription><SoldByWeight/><Quantity>100.00</Quantity><UnitOfMeasure>מ"ל</UnitOfMeasure><QtyInPackage>לא ידוע</QtyInPackage><UnitOfMeasurePrice>0.1140</UnitOfMeasurePrice><AllowDiscount>1</AllowDiscount><ItemStatus>1</ItemStatus><ItemPrice>11.40</ItemPrice></item><item><PriceUpdateDate>2016-01-05 08:49:14</PriceUpdateDate><ItemCode>7290002692393</ItemCode><ItemType>1</ItemType><ItemName>שמן קנולה עץ הזית מו</ItemName><ManufacturerName>עץ הזית</ManufacturerName><ManufactureCountry>ישראל</ManufactureCountry><ManufacturerItemDescription>שמן קנולה מועשר 1 ליטר</ManufacturerItemDescription><SoldByWeight/><Quantity>1000.00</Quantity><UnitOfMeasure>מ"ל</UnitOfMeasure><QtyInPackage>לא ידוע</QtyInPackage><UnitOfMeasurePrice>0.0165</UnitOfMeasurePrice><AllowDiscount>1</AllowDiscount><ItemStatus>1</ItemStatus><ItemPrice>16.50</ItemPrice></item><item><PriceUpdateDate>2016-01-05 08:49:14</PriceUpdateDate><ItemCode>7290002692409</ItemCode><ItemType>1</ItemType><ItemName>שמן חמניות עץ הזית מ</ItemName><ManufacturerName>עץ הזית</ManufacturerName><ManufactureCountry>ישראל</ManufactureCountry><ManufacturerItemDescription>שמן חמניות מועשר 1 ליטר</ManufacturerItemDescription><SoldByWeight/><Quantity>1000.00</Quantity><UnitOfMeasure>מ"ל</UnitOfMeasure><QtyInPackage>לא ידוע</QtyInPackage><UnitOfMeasurePrice>0.0172</UnitOfMeasurePrice><AllowDiscount>1</AllowDiscount><ItemStatus>1</ItemStatus><ItemPrice>17.20</ItemPrice></item><item><PriceUpdateDate>2016-06-07 12:25:39</PriceUpdateDate><ItemCode>7290002692478</ItemCode><ItemType>1</ItemType><ItemName>שמן זית כתית מעולה מ</ItemName><ManufacturerName>עץ הזית</ManufacturerName><ManufactureCountry>ישראל</ManufactureCountry><ManufacturerItemDescription>שמן זית כתית מעולה מ</ManufacturerItemDescription><SoldByWeight/><Quantity>750.00</Quantity><UnitOfMeasure>מ"ל</UnitOfMeasure><QtyInPackage>לא ידוע</QtyInPackage><UnitOfMeasurePrice>0.0532</UnitOfMeasurePrice><AllowDiscount>1</AllowDiscount><ItemStatus>1</ItemStatus><ItemPrice>39.90</ItemPrice></item><item><PriceUpdateDate>2016-02-17 07:52:21</PriceUpdateDate><ItemCode>7290002692553</ItemCode><ItemType>1</ItemType><ItemName>שמן זיתולה עץ הזית 7</ItemName><ManufacturerName>עץ הזית</ManufacturerName><ManufactureCountry>ישראל</ManufactureCountry><ManufacturerItemDescription>שמן זיתולה עץ הזית 750 מל</ManufacturerItemDescription><SoldByWeight/><Quantity>750.00</Quantity><UnitOfMeasure>מ"ל</UnitOfMeasure><QtyInPackage>לא ידוע</QtyInPackage><UnitOfMeasurePrice>0.0332</UnitOfMeasurePrice><AllowDiscount>1</AllowDiscount><ItemStatus>1</ItemStatus><ItemPrice>24.90</ItemPrice></item><item><PriceUpdateDate>2016-05-30 22:03:47</PriceUpdateDate><ItemCode>7290002692782</ItemCode><ItemType>1</ItemType><ItemName>מב תרסיס שמן זית עץ</ItemName><ManufacturerName>עץ הזית</ManufacturerName><ManufactureCountry>ישראל</ManufactureCountry><ManufacturerItemDescription>מב תרסיס שמן זית עץ</ManufacturerItemDescription><SoldByWeight/><Quantity>150.00</Quantity><UnitOfMeasure>מ"ל</UnitOfMeasure><QtyInPackage>לא ידוע</QtyInPackage><UnitOfMeasurePrice>0.0993</UnitOfMeasurePrice><AllowDiscount>1</AllowDiscount><ItemStatus>1</ItemStatus><ItemPrice>14.90</ItemPrice></item><item><PriceUpdateDate>2015-08-12 08:51:45</PriceUpdateDate><ItemCode>7290002703884</ItemCode><ItemType>1</ItemType><ItemName>דבש 350 גרם צנצנת זכ</ItemName><ManufacturerName>"המותג"</ManufacturerName><ManufactureCountry>לא ידוע</ManufactureCountry><ManufacturerItemDescription>דבש 350 גרם צנצנת זכ</ManufacturerItemDescription><SoldByWeight/><Quantity>350.00</Quantity><UnitOfMeasure>גרם     </UnitOfMeasure><QtyInPackage>לא ידוע</QtyInPackage><UnitOfMeasurePrice>0.0426</UnitOfMeasurePrice><AllowDiscount>1</AllowDiscount><ItemStatus>1</ItemStatus><ItemPrice>14.90</ItemPrice></item><item><PriceUpdateDate>2015-10-21 13:56:38</PriceUpdateDate><ItemCode>7290002703907</ItemCode><ItemType>1</ItemType><ItemName>דבש 250 גרם בקבוק לח</ItemName><ManufacturerName>"המותג"</ManufacturerName><ManufactureCountry>לא ידוע</ManufactureCountry><ManufacturerItemDescription>דבש 250 גרם בקבוק לח</ManufacturerItemDescription><SoldByWeight/><Quantity>250.00</Quantity><UnitOfMeasure>גרם     </UnitOfMeasure><QtyInPackage>לא ידוע</QtyInPackage><UnitOfMeasurePrice>0.0528</UnitOfMeasurePrice><AllowDiscount>1</AllowDiscount><ItemStatus>1</ItemStatus><ItemPrice>13.20</ItemPrice></item><item><PriceUpdateDate>2016-05-30 22:03:47</PriceUpdateDate><ItemCode>7290002706168</ItemCode><ItemType>1</ItemType><ItemName>מב פיצה מישפחתית מרג</ItemName><ManufacturerName>פילסברי</ManufacturerName><ManufactureCountry>אירלנד</ManufactureCountry><ManufacturerItemDescription>ג'לטין טהור     ם</ManufacturerItemDescription><SoldByWeight/><Quantity>505.00</Quantity><UnitOfMeasure>גרם     </UnitOfMeasure><QtyInPackage>לא ידוע</QtyInPackage><UnitOfMeasurePrice>0.0315</UnitOfMeasurePrice><AllowDiscount>1</AllowDiscount><ItemStatus>1</ItemStatus><ItemPrice>15.90</ItemPrice></item><item><PriceUpdateDate>2016-02-02 06:51:02</PriceUpdateDate><ItemCode>7290002706175</ItemCode><ItemType>1</ItemType><ItemName>פיצה מישפחתית זיתים</ItemName><ManufacturerName>פילסברי</ManufacturerName><ManufactureCountry>אירלנד</ManufactureCountry><ManufacturerItemDescription>בירה הייניקן 6יח330* מ"ל</ManufacturerItemDescription><SoldByWeight/><Quantity>55.00</Quantity><UnitOfMeasure>גרם     </UnitOfMeasure><QtyInPackage>לא ידוע</QtyInPackage><UnitOfMeasurePrice>0.4709</UnitOfMeasurePrice><AllowDiscount>1</AllowDiscount><ItemStatus>1</ItemStatus><ItemPrice>25.90</ItemPrice></item><item><PriceUpdateDate>2016-05-30 22:03:47</PriceUpdateDate><ItemCode>7290002706731</ItemCode><ItemType>3</ItemType><ItemName>רצועות פילה הנסיכה נ</ItemName><ManufacturerName>7 DAYS</ManufacturerName><ManufactureCountry>ישראל</ManufactureCountry><ManufacturerItemDescription>רצועות פילה הנסיכה נ</ManufacturerItemDescription><SoldByWeight/><Quantity>1.00</Quantity><UnitOfMeasure>ק"ג</UnitOfMeasure><QtyInPackage>לא ידוע</QtyInPackage><UnitOfMeasurePrice>54.9000</UnitOfMeasurePrice><AllowDiscount>1</AllowDiscount><ItemStatus>1</ItemStatus><ItemPrice>54.90</ItemPrice></item><item><PriceUpdateDate>2016-03-01 06:49:09</PriceUpdateDate><ItemCode>7290002715375</ItemCode><ItemType>1</ItemType><ItemName>מב קבב יווני 400 גרם</ItemName><ManufacturerName>טיבון ויל</ManufacturerName><ManufactureCountry>ישראל</ManufactureCountry><ManufacturerItemDescription>קבב יווני 400 גרם</ManufacturerItemDescription><SoldByWeight/><Quantity>400.00</Quantity><UnitOfMeasure>גרם     </UnitOfMeasure><QtyInPackage>לא ידוע</QtyInPackage><UnitOfMeasurePrice>0.0472</UnitOfMeasurePrice><AllowDiscount>1</AllowDiscount><ItemStatus>1</ItemStatus><ItemPrice>18.90</ItemPrice></item><item><PriceUpdateDate>2016-05-30 22:03:47</PriceUpdateDate><ItemCode>7290002715504</ItemCode><ItemType>1</ItemType><ItemName>מג'יק ארוחת אטריות ט</ItemName><ManufacturerName>מגיק</ManufacturerName><ManufactureCountry>ישראל</ManufactureCountry><ManufacturerItemDescription>תבשיל מגיק בכוס עוף 70 ג</ManufacturerItemDescription><SoldByWeight/><Quantity>14.00</Quantity><UnitOfMeasure>גרם     </UnitOfMeasure><QtyInPackage>לא ידוע</QtyInPackage><UnitOfMeasurePrice>0.4857</UnitOfMeasurePrice><AllowDiscount>1</AllowDiscount><ItemStatus>1</ItemStatus><ItemPrice>6.80</ItemPrice></item><item><PriceUpdateDate>2016-05-30 22:03:47</PriceUpdateDate><ItemCode>7290002715511</ItemCode><ItemType>1</ItemType><ItemName>מג'יק ארוחת אטריות ט</ItemName><ManufacturerName>מג'יק</ManufacturerName><ManufactureCountry>ישראל</ManufactureCountry><ManufacturerItemDescription>תבשיל מגיק בכוס בקר 70 גר</ManufacturerItemDescription><SoldByWeight/><Quantity>14.00</Quantity><UnitOfMeasure>גרם     </UnitOfMeasure><QtyInPackage>לא ידוע</QtyInPackage><UnitOfMeasurePrice>0.4857</UnitOfMeasurePrice><AllowDiscount>1</AllowDiscount><ItemStatus>1</ItemStatus><ItemPrice>6.80</ItemPrice></item><item><PriceUpdateDate>2016-05-30 22:03:47</PriceUpdateDate><ItemCode>7290002715528</ItemCode><ItemType>1</ItemType><ItemName>מג'יק ארוחת אטריות ט</ItemName><ManufacturerName>מגיק</ManufacturerName><ManufactureCountry>ישראל</ManufactureCountry><ManufacturerItemDescription>מג'יק ארוחת אטריות ט</ManufacturerItemDescription><SoldByWeight/><Quantity>14.00</Quantity><UnitOfMeasure>גרם     </UnitOfMeasure><QtyInPackage>לא ידוע</QtyInPackage><UnitOfMeasurePrice>0.4857</UnitOfMeasurePrice><AllowDiscount>1</AllowDiscount><ItemStatus>1</ItemStatus><ItemPrice>6.80</ItemPrice></item><item><PriceUpdateDate>2016-03-29 13:00:31</PriceUpdateDate><ItemCode>7290002730538</ItemCode><ItemType>1</ItemType><ItemName>בלונס פדים להורדת אי</ItemName><ManufacturerName>בלונס</ManufacturerName><ManufactureCountry>ישראל</ManufactureCountry><ManufacturerItemDescription>בלונס פדים להורדת אי</ManufacturerItemDescription><SoldByWeight/><Quantity>1.00</Quantity><UnitOfMeasure>יח'</UnitOfMeasure><QtyInPackage>לא ידוע</QtyInPackage><UnitOfMeasurePrice>10.5000</UnitOfMeasurePrice><AllowDiscount>1</AllowDiscount><ItemStatus>1</ItemStatus><ItemPrice>10.50</ItemPrice></item><item><PriceUpdateDate>2016-03-01 06:43:18</PriceUpdateDate><ItemCode>7290002730668</ItemCode><ItemType>1</ItemType><ItemName>משחת שיניים קולגייט</ItemName><ManufacturerName>קולגייט</ManufacturerName><ManufactureCountry>פולין</ManufactureCountry><ManufacturerItemDescription>בקבוקי תינוקות  יה</ManufacturerItemDescription><SoldByWeight/><Quantity>100.00</Quantity><UnitOfMeasure>מ"ל</UnitOfMeasure><QtyInPackage>לא ידוע</QtyInPackage><UnitOfMeasurePrice>0.2190</UnitOfMeasurePrice><AllowDiscount>1</AllowDiscount><ItemStatus>1</ItemStatus><ItemPrice>21.90</ItemPrice></item><item><PriceUpdateDate>2016-05-30 22:03:48</PriceUpdateDate><ItemCode>7290002730675</ItemCode><ItemType>1</ItemType><ItemName>משחת שינים קולגייט א</ItemName><ManufacturerName>קולגייט</ManufacturerName><ManufactureCountry>פולין</ManufactureCountry><ManufacturerItemDescription>רולדת שוקולד    פה 350גר</ManufacturerItemDescription><SoldByWeight/><Quantity>100.00</Quantity><UnitOfMeasure>גרם     </UnitOfMeasure><QtyInPackage>לא ידוע</QtyInPackage><UnitOfMeasurePrice>0.0990</UnitOfMeasurePrice><AllowDiscount>0</AllowDiscount><ItemStatus>1</ItemStatus><ItemPrice>9.90</ItemPrice></item><item><PriceUpdateDate>2015-10-11 12:13:24</PriceUpdateDate><ItemCode>7290002730811</ItemCode><ItemType>1</ItemType><ItemName>קולגייט משפחתי ג'ל 1</ItemName><ManufacturerName>קולגייט</ManufacturerName><ManufactureCountry>פולין</ManufactureCountry><ManufacturerItemDescription>פרינוק מחית     פו"ע190ג</ManufacturerItemDescription><SoldByWeight/><Quantity>130.00</Quantity><UnitOfMeasure>גרם     </UnitOfMeasure><QtyInPackage>לא ידוע</QtyInPackage><UnitOfMeasurePrice>0.1331</UnitOfMeasurePrice><AllowDiscount>1</AllowDiscount><ItemStatus>1</ItemStatus><ItemPrice>17.30</ItemPrice></item><item><PriceUpdateDate>2016-05-01 21:46:41</PriceUpdateDate><ItemCode>7290002730903</ItemCode><ItemType>1</ItemType><ItemName>סבון מוצק פלמוליב רב</ItemName><ManufacturerName>פלמוליב</ManufacturerName><ManufactureCountry>ישראל</ManufactureCountry><ManufacturerItemDescription>סבון פלמוליב 4יחים100*4ג</ManufacturerItemDescription><SoldByWeight/><Quantity>400.00</Quantity><UnitOfMeasure>גרם     </UnitOfMeasure><QtyInPackage>לא ידוע</QtyInPackage><UnitOfMeasurePrice>0.0492</UnitOfMeasurePrice><AllowDiscount>1</AllowDiscount><ItemStatus>1</ItemStatus><ItemPrice>19.70</ItemPrice></item><item><PriceUpdateDate>2014-11-03 06:36:48</PriceUpdateDate><ItemCode>7290002730941</ItemCode><ItemType>1</ItemType><ItemName>צמר גפן בלונס פרוס 1</ItemName><ManufacturerName>בלונס</ManufacturerName><ManufactureCountry>יוון</ManufactureCountry><ManufacturerItemDescription>צמר גפן פרוס    ונס100"ג</ManufacturerItemDescription><SoldByWeight/><Quantity>100.00</Quantity><UnitOfMeasure>גרם     </UnitOfMeasure><QtyInPackage>לא ידוע</QtyInPackage><UnitOfMeasurePrice>0.0730</UnitOfMeasurePrice><AllowDiscount>1</AllowDiscount><ItemStatus>1</ItemStatus><ItemPrice>7.30</ItemPrice></item><item><PriceUpdateDate>2016-05-01 21:46:42</PriceUpdateDate><ItemCode>7290002730958</ItemCode><ItemType>1</ItemType><ItemName>סבון מוצק פלמוליב רב</ItemName><ManufacturerName>פלמוליב</ManufacturerName><ManufactureCountry>ישראל</ManufactureCountry><ManufacturerItemDescription>פלמוליב סבון מוצק 1/4 זית</ManufacturerItemDescription><SoldByWeight/><Quantity>400.00</Quantity><UnitOfMeasure>גרם     </UnitOfMeasure><QtyInPackage>לא ידוע</QtyInPackage><UnitOfMeasurePrice>0.0492</UnitOfMeasurePrice><AllowDiscount>1</AllowDiscount><ItemStatus>1</ItemStatus><ItemPrice>19.70</ItemPrice></item><item><PriceUpdateDate>2016-04-18 09:39:17</PriceUpdateDate><ItemCode>7290002741077</ItemCode><ItemType>1</ItemType><ItemName>מב כריות צוקולדה 750</ItemName><ManufacturerName>כריות</ManufacturerName><ManufactureCountry>ישראל</ManufactureCountry><ManufacturerItemDescription>מב כריות צוקולדה 750</ManufacturerItemDescription><SoldByWeight/><Quantity>750.00</Quantity><UnitOfMeasure>גרם     </UnitOfMeasure><QtyInPackage>לא ידוע</QtyInPackage><UnitOfMeasurePrice>0.0265</UnitOfMeasurePrice><AllowDiscount>1</AllowDiscount><ItemStatus>1</ItemStatus><ItemPrice>19.90</ItemPrice></item><item><PriceUpdateDate>2016-03-29 13:00:31</PriceUpdateDate><ItemCode>7290002741091</ItemCode><ItemType>1</ItemType><ItemName>חטיף דגנים שוגי פצפו</ItemName><ManufacturerName>שוגי</ManufacturerName><ManufactureCountry>ישראל</ManufactureCountry><ManufacturerItemDescription>חטיף דגנים פצפוצי שוקו 18</ManufacturerItemDescription><SoldByWeight/><Quantity>184.00</Quantity><UnitOfMeasure>גרם     </UnitOfMeasure><QtyInPackage>לא ידוע</QtyInPackage><UnitOfMeasurePrice>0.1217</UnitOfMeasurePrice><AllowDiscount>1</AllowDiscount><ItemStatus>1</ItemStatus><ItemPrice>22.40</ItemPrice></item><item><PriceUpdateDate>2015-11-10 09:55:15</PriceUpdateDate><ItemCode>7290002750147</ItemCode><ItemType>1</ItemType><ItemName>לחמניה קוראסול דגנים</ItemName><ManufacturerName>פילסברי</ManufacturerName><ManufactureCountry>ישראל</ManufactureCountry><ManufacturerItemDescription>לחמניה קוראסול דגנים</ManufacturerItemDescription><SoldByWeight/><Quantity>1000.00</Quantity><UnitOfMeasure>קג</UnitOfMeasure><QtyInPackage>לא ידוע</QtyInPackage><UnitOfMeasurePrice>0.0046</UnitOfMeasurePrice><AllowDiscount>1</AllowDiscount><ItemStatus>1</ItemStatus><ItemPrice>4.60</ItemPrice></item><item><PriceUpdateDate>2015-11-10 09:55:15</PriceUpdateDate><ItemCode>7290002750420</ItemCode><ItemType>1</ItemType><ItemName>פיתה בריבוע קמח מלא</ItemName><ManufacturerName>פילסברי</ManufacturerName><ManufactureCountry>ישראל</ManufactureCountry><ManufacturerItemDescription>פיתה מרובעת קמח מלא</ManufacturerItemDescription><SoldByWeight/><Quantity>1000.00</Quantity><UnitOfMeasure>קג</UnitOfMeasure><QtyInPackage>לא ידוע</QtyInPackage><UnitOfMeasurePrice>0.0112</UnitOfMeasurePrice><AllowDiscount>1</AllowDiscount><ItemStatus>1</ItemStatus><ItemPrice>11.20</ItemPrice></item><item><PriceUpdateDate>2015-10-11 08:12:38</PriceUpdateDate><ItemCode>7290002750963</ItemCode><ItemType>1</ItemType><ItemName>באגט רוסטיק</ItemName><ManufacturerName>פילסברי</ManufacturerName><ManufactureCountry>ישראל</ManufactureCountry><ManufacturerItemDescription>באגט רוסטיק</ManufacturerItemDescription><SoldByWeight/><Quantity>1000.00</Quantity><UnitOfMeasure>קג</UnitOfMeasure><QtyInPackage>לא ידוע</QtyInPackage><UnitOfMeasurePrice>0.0071</UnitOfMeasurePrice><AllowDiscount>1</AllowDiscount><ItemStatus>1</ItemStatus><ItemPrice>7.10</ItemPrice></item><item><PriceUpdateDate>2016-03-24 13:53:41</PriceUpdateDate><ItemCode>7290002752332</ItemCode><ItemType>1</ItemType><ItemName>סוכריות מנטוס פירות</ItemName><ManufacturerName>מנטוס</ManufacturerName><ManufactureCountry>הולנד</ManufactureCountry><ManufacturerItemDescription>סוכריות מנטוס   רות37.5ג</ManufacturerItemDescription><SoldByWeight/><Quantity>0.00</Quantity><UnitOfMeasure>יח'</UnitOfMeasure><QtyInPackage>לא ידוע</QtyInPackage><UnitOfMeasurePrice>0.0000</UnitOfMeasurePrice><AllowDiscount>1</AllowDiscount><ItemStatus>1</ItemStatus><ItemPrice>3.90</ItemPrice></item><item><PriceUpdateDate>2016-03-24 13:53:41</PriceUpdateDate><ItemCode>7290002752349</ItemCode><ItemType>1</ItemType><ItemName>סוכריות מנטוס מנטה ב</ItemName><ManufacturerName>מנטוס</ManufacturerName><ManufactureCountry>הולנד</ManufactureCountry><ManufacturerItemDescription>סוכריות מנטוס   37.5 גרם</ManufacturerItemDescription><SoldByWeight/><Quantity>0.00</Quantity><UnitOfMeasure>יח'</UnitOfMeasure><QtyInPackage>לא ידוע</QtyInPackage><UnitOfMeasurePrice>0.0000</UnitOfMeasurePrice><AllowDiscount>1</AllowDiscount><ItemStatus>1</ItemStatus><ItemPrice>3.90</ItemPrice></item><item><PriceUpdateDate>2015-12-04 11:15:28</PriceUpdateDate><ItemCode>7290002752493</ItemCode><ItemType>1</ItemType><ItemName>סוכריות טיק טק מנטה</ItemName><ManufacturerName>לא ידוע</ManufacturerName><ManufactureCountry>ישראל</ManufactureCountry><ManufacturerItemDescription>סוכריות טיק טק  16X4גר</ManufacturerItemDescription><SoldByWeight/><Quantity>0.00</Quantity><UnitOfMeasure>יח'</UnitOfMeasure><QtyInPackage>לא ידוע</QtyInPackage><UnitOfMeasurePrice>0.0000</UnitOfMeasurePrice><AllowDiscount>1</AllowDiscount><ItemStatus>1</ItemStatus><ItemPrice>11.00</ItemPrice></item><item><PriceUpdateDate>2014-11-03 06:37:32</PriceUpdateDate><ItemCode>7290002753995</ItemCode><ItemType>1</ItemType><ItemName>קישוטי עוגה 150 גרם</ItemName><ManufacturerName>ליימן חטיבת המותגים</ManufacturerName><ManufactureCountry>ישראל</ManufactureCountry><ManufacturerItemDescription>קישוטי עוגה 150 גרם</ManufacturerItemDescription><SoldByWeight/><Quantity>150.00</Quantity><UnitOfMeasure>גרם     </UnitOfMeasure><QtyInPackage>לא ידוע</QtyInPackage><UnitOfMeasurePrice>0.1020</UnitOfMeasurePrice><AllowDiscount>1</AllowDiscount><ItemStatus>1</ItemStatus><ItemPrice>15.30</ItemPrice></item><item><PriceUpdateDate>2015-12-22 09:40:12</PriceUpdateDate><ItemCode>7290002757122</ItemCode><ItemType>1</ItemType><ItemName>נודלס אטריות ביצים מ</ItemName><ManufacturerName>ויליגר</ManufacturerName><ManufactureCountry>לא ידוע</ManufactureCountry><ManufacturerItemDescription>נודלס אטריות ביצים מ</ManufacturerItemDescription><SoldByWeight/><Quantity>250.00</Quantity><UnitOfMeasure>גרם     </UnitOfMeasure><QtyInPackage>לא ידוע</QtyInPackage><UnitOfMeasurePrice>0.0236</UnitOfMeasurePrice><AllowDiscount>1</AllowDiscount><ItemStatus>1</ItemStatus><ItemPrice>5.90</ItemPrice></item><item><PriceUpdateDate>2016-05-30 22:03:48</PriceUpdateDate><ItemCode>7290002757139</ItemCode><ItemType>1</ItemType><ItemName>מב מלוואח שלושת האופ</ItemName><ManufacturerName>שלושת האופים</ManufacturerName><ManufactureCountry>ישראל</ManufactureCountry><ManufacturerItemDescription>מלאווח 700 גרם שלושת האופ</ManufacturerItemDescription><SoldByWeight/><Quantity>700.00</Quantity><UnitOfMeasure>גרם     </UnitOfMeasure><QtyInPackage>לא ידוע</QtyInPackage><UnitOfMeasurePrice>0.0170</UnitOfMeasurePrice><AllowDiscount>1</AllowDiscount><ItemStatus>1</ItemStatus><ItemPrice>11.90</ItemPrice></item><item><PriceUpdateDate>2015-05-03 20:51:32</PriceUpdateDate><ItemCode>7290002768036</ItemCode><ItemType>1</ItemType><ItemName>תיאדנט מי פהענק 150</ItemName><ManufacturerName>תיאדנט</ManufacturerName><ManufactureCountry>ישראל</ManufactureCountry><ManufacturerItemDescription>תיאדנט מי פהענק 150</ManufacturerItemDescription><SoldByWeight/><Quantity>150.00</Quantity><UnitOfMeasure>מ"ל</UnitOfMeasure><QtyInPackage>לא ידוע</QtyInPackage><UnitOfMeasurePrice>0.1420</UnitOfMeasurePrice><AllowDiscount>1</AllowDiscount><ItemStatus>1</ItemStatus><ItemPrice>21.30</ItemPrice></item><item><PriceUpdateDate>2015-11-12 14:56:43</PriceUpdateDate><ItemCode>7290002768043</ItemCode><ItemType>1</ItemType><ItemName>תיאדנט מי פה+פלאוריד</ItemName><ManufacturerName>לא ידוע</ManufacturerName><ManufactureCountry>ישראל</ManufactureCountry><ManufacturerItemDescription>תיאדנט מי פה+פלאוריד</ManufacturerItemDescription><SoldByWeight/><Quantity>150.00</Quantity><UnitOfMeasure>מ"ל</UnitOfMeasure><QtyInPackage>לא ידוע</QtyInPackage><UnitOfMeasurePrice>0.1447</UnitOfMeasurePrice><AllowDiscount>1</AllowDiscount><ItemStatus>1</ItemStatus><ItemPrice>21.70</ItemPrice></item><item><PriceUpdateDate>2016-03-01 06:49:09</PriceUpdateDate><ItemCode>7290002768074</ItemCode><ItemType>1</ItemType><ItemName>סבון נוזלי דרמפון 1</ItemName><ManufacturerName>דרמפון</ManufacturerName><ManufactureCountry>ישראל</ManufactureCountry><ManufacturerItemDescription>סבון נוזלי דרמפון 1</ManufacturerItemDescription><SoldByWeight/><Quantity>1000.00</Quantity><UnitOfMeasure>מ"ל</UnitOfMeasure><QtyInPackage>לא ידוע</QtyInPackage><UnitOfMeasurePrice>0.0219</UnitOfMeasurePrice><AllowDiscount>1</AllowDiscount><ItemStatus>1</ItemStatus><ItemPrice>21.90</ItemPrice></item><item><PriceUpdateDate>2015-07-30 11:32:12</PriceUpdateDate><ItemCode>7290002768159</ItemCode><ItemType>1</ItemType><ItemName>סבון נוזלי בת אורן 5</ItemName><ManufacturerName>בת אורן</ManufacturerName><ManufactureCountry>ישראל</ManufactureCountry><ManufacturerItemDescription>סבון נוזלי בת אורן 5</ManufacturerItemDescription><SoldByWeight/><Quantity>500.00</Quantity><UnitOfMeasure>מ"ל</UnitOfMeasure><QtyInPackage>לא ידוע</QtyInPackage><UnitOfMeasurePrice>0.0486</UnitOfMeasurePrice><AllowDiscount>1</AllowDiscount><ItemStatus>1</ItemStatus><ItemPrice>24.30</ItemPrice></item><item><PriceUpdateDate>2016-03-01 06:43:18</PriceUpdateDate><ItemCode>7290002769514</ItemCode><ItemType>1</ItemType><ItemName>עוגיות הזהב פריכות 3</ItemName><ManufacturerName>עוגיות הזהב</ManufacturerName><ManufactureCountry>ישראל</ManufactureCountry><ManufacturerItemDescription>עוגיות הזהב פריכות 3</ManufacturerItemDescription><SoldByWeight/><Quantity>350.00</Quantity><UnitOfMeasure>גרם     </UnitOfMeasure><QtyInPackage>לא ידוע</QtyInPackage><UnitOfMeasurePrice>0.0426</UnitOfMeasurePrice><AllowDiscount>1</AllowDiscount><ItemStatus>1</ItemStatus><ItemPrice>14.90</ItemPrice></item><item><PriceUpdateDate>2015-11-12 17:25:53</PriceUpdateDate><ItemCode>7290002771111</ItemCode><ItemType>1</ItemType><ItemName>קפה אל נחלה עם הל 25</ItemName><ManufacturerName>קפה נחלה רפיק</ManufacturerName><ManufactureCountry>ישראל</ManufactureCountry><ManufacturerItemDescription>קפה נחלה הל 250 גר</ManufacturerItemDescription><SoldByWeight/><Quantity>250.00</Quantity><UnitOfMeasure>גרם     </UnitOfMeasure><QtyInPackage>לא ידוע</QtyInPackage><UnitOfMeasurePrice>0.0772</UnitOfMeasurePrice><AllowDiscount>1</AllowDiscount><ItemStatus>1</ItemStatus><ItemPrice>19.30</ItemPrice></item><item><PriceUpdateDate>2015-11-12 17:25:53</PriceUpdateDate><ItemCode>7290002771128</ItemCode><ItemType>1</ItemType><ItemName>קפה אל נחלה 250 גרם</ItemName><ManufacturerName>קפה נחלה רפיק</ManufacturerName><ManufactureCountry>ישראל</ManufactureCountry><ManufacturerItemDescription>קפה תורכי נחלה250 גר</ManufacturerItemDescription><SoldByWeight/><Quantity>250.00</Quantity><UnitOfMeasure>גרם     </UnitOfMeasure><QtyInPackage>לא ידוע</QtyInPackage><UnitOfMeasurePrice>0.0772</UnitOfMeasurePrice><AllowDiscount>1</AllowDiscount><ItemStatus>1</ItemStatus><ItemPrice>19.30</ItemPrice></item><item><PriceUpdateDate>2016-05-02 08:05:48</PriceUpdateDate><ItemCode>7290002782131</ItemCode><ItemType>1</ItemType><ItemName>מב דאו' ספריי פנינה</ItemName><ManufacturerName>פנינה רוזנבלום</ManufacturerName><ManufactureCountry>ישראל</ManufactureCountry><ManufacturerItemDescription>מב דאו' ספריי פנינה</ManufacturerItemDescription><SoldByWeight/><Quantity>150.00</Quantity><UnitOfMeasure>מ"ל</UnitOfMeasure><QtyInPackage>לא ידוע</QtyInPackage><UnitOfMeasurePrice>0.1400</UnitOfMeasurePrice><AllowDiscount>1</AllowDiscount><ItemStatus>1</ItemStatus><ItemPrice>21.00</ItemPrice></item><item><PriceUpdateDate>2016-03-01 06:49:10</PriceUpdateDate><ItemCode>7290002782759</ItemCode><ItemType>1</ItemType><ItemName>מב קרם גוף פנינה 350</ItemName><ManufacturerName>פנינה רוזנבלום</ManufacturerName><ManufactureCountry>ישראל</ManufactureCountry><ManufacturerItemDescription>מב קרם גוף פנינה 350</ManufacturerItemDescription><SoldByWeight/><Quantity>350.00</Quantity><UnitOfMeasure>מ"ל</UnitOfMeasure><QtyInPackage>לא ידוע</QtyInPackage><UnitOfMeasurePrice>0.0626</UnitOfMeasurePrice><AllowDiscount>1</AllowDiscount><ItemStatus>1</ItemStatus><ItemPrice>21.90</ItemPrice></item><item><PriceUpdateDate>2015-11-12 18:17:55</PriceUpdateDate><ItemCode>7290002787167</ItemCode><ItemType>1</ItemType><ItemName>טונה ויליגר במים 140</ItemName><ManufacturerName>ויליגר</ManufacturerName><ManufactureCountry>ישראל</ManufactureCountry><ManufacturerItemDescription>טונה ויליגר במים 140</ManufacturerItemDescription><SoldByWeight/><Quantity>140.00</Quantity><UnitOfMeasure>גרם     </UnitOfMeasure><QtyInPackage>לא ידוע</QtyInPackage><UnitOfMeasurePrice>0.0507</UnitOfMeasurePrice><AllowDiscount>1</AllowDiscount><ItemStatus>1</ItemStatus><ItemPrice>7.10</ItemPrice></item><item><PriceUpdateDate>2016-03-01 06:49:10</PriceUpdateDate><ItemCode>7290002787693</ItemCode><ItemType>1</ItemType><ItemName>גבינת גאודה עלמה 150</ItemName><ManufacturerName>נטו סחר</ManufacturerName><ManufactureCountry>פולין</ManufactureCountry><ManufacturerItemDescription>כוס אימון לתינוקות טוליפ</ManufacturerItemDescription><SoldByWeight/><Quantity>150.00</Quantity><UnitOfMeasure>גרם     </UnitOfMeasure><QtyInPackage>לא ידוע</QtyInPackage><UnitOfMeasurePrice>0.0400</UnitOfMeasurePrice><AllowDiscount>1</AllowDiscount><ItemStatus>1</ItemStatus><ItemPrice>6.00</ItemPrice></item><item><PriceUpdateDate>2016-03-01 06:49:10</PriceUpdateDate><ItemCode>7290002787709</ItemCode><ItemType>1</ItemType><ItemName>גבינת אדם עלמה 150 ג</ItemName><ManufacturerName>נטו סחר</ManufacturerName><ManufactureCountry>פולין</ManufactureCountry><ManufacturerItemDescription>כוס ומכסה        יחידות</ManufacturerItemDescription><SoldByWeight/><Quantity>150.00</Quantity><UnitOfMeasure>גרם     </UnitOfMeasure><QtyInPackage>לא ידוע</QtyInPackage><UnitOfMeasurePrice>0.0400</UnitOfMeasurePrice><AllowDiscount>1</AllowDiscount><ItemStatus>1</ItemStatus><ItemPrice>6.00</ItemPrice></item><item><PriceUpdateDate>2016-04-22 10:14:10</PriceUpdateDate><ItemCode>7290002787716</ItemCode><ItemType>1</ItemType><ItemName>חמאה מפוסטרת עלמה 10</ItemName><ManufacturerName>"עלמה"</ManufacturerName><ManufactureCountry>לא ידוע</ManufactureCountry><ManufacturerItemDescription>חמאה מפוסטרת עלמה 10</ManufacturerItemDescription><SoldByWeight/><Quantity>100.00</Quantity><UnitOfMeasure>גרם     </UnitOfMeasure><QtyInPackage>לא ידוע</QtyInPackage><UnitOfMeasurePrice>0.0360</UnitOfMeasurePrice><AllowDiscount>1</AllowDiscount><ItemStatus>1</ItemStatus><ItemPrice>3.60</ItemPrice></item><item><PriceUpdateDate>2015-11-03 08:38:31</PriceUpdateDate><ItemCode>7290002787761</ItemCode><ItemType>3</ItemType><ItemName>גבינה צהובה עלמה 26%</ItemName><ManufacturerName>"עלמה"</ManufacturerName><ManufactureCountry>פולין</ManufactureCountry><ManufacturerItemDescription>גבינה צהובה עלמה26% משקל</ManufacturerItemDescription><SoldByWeight/><Quantity>1.00</Quantity><UnitOfMeasure>ק"ג</UnitOfMeasure><QtyInPackage>לא ידוע</QtyInPackage><UnitOfMeasurePrice>35.0000</UnitOfMeasurePrice><AllowDiscount>1</AllowDiscount><ItemStatus>1</ItemStatus><ItemPrice>35.00</ItemPrice></item><item><PriceUpdateDate>2016-03-01 06:49:10</PriceUpdateDate><ItemCode>7290002787792</ItemCode><ItemType>3</ItemType><ItemName>מב מוצרלה נקניק "עלמ</ItemName><ManufacturerName>"עלמה"</ManufacturerName><ManufactureCountry>פולין</ManufactureCountry><ManufacturerItemDescription>גבינה מוצרלה    ה משקל</ManufacturerItemDescription><SoldByWeight/><Quantity>1.00</Quantity><UnitOfMeasure>ק"ג</UnitOfMeasure><QtyInPackage>לא ידוע</QtyInPackage><UnitOfMeasurePrice>55.0000</UnitOfMeasurePrice><AllowDiscount>1</AllowDiscount><ItemStatus>1</ItemStatus><ItemPrice>55.00</ItemPrice></item><item><PriceUpdateDate>2016-03-01 06:49:10</PriceUpdateDate><ItemCode>7290002787822</ItemCode><ItemType>1</ItemType><ItemName>גבינת גאודה עלמה 400</ItemName><ManufacturerName>"עלמה"</ManufacturerName><ManufactureCountry>לא ידוע</ManufactureCountry><ManufacturerItemDescription>גבינת גאודה עלמה 400</ManufacturerItemDescription><SoldByWeight/><Quantity>400.00</Quantity><UnitOfMeasure>גרם     </UnitOfMeasure><QtyInPackage>לא ידוע</QtyInPackage><UnitOfMeasurePrice>0.0400</UnitOfMeasurePrice><AllowDiscount>1</AllowDiscount><ItemStatus>1</ItemStatus><ItemPrice>16.00</ItemPrice></item><item><PriceUpdateDate>2015-12-02 07:05:27</PriceUpdateDate><ItemCode>7290002793311</ItemCode><ItemType>1</ItemType><ItemName>מילוי גז 60</ItemName><ManufacturerName>סודה סטרים</ManufacturerName><ManufactureCountry>ישראל</ManufactureCountry><ManufacturerItemDescription>מילוי גז 60</ManufacturerItemDescription><SoldByWeight/><Quantity>1.00</Quantity><UnitOfMeasure>יח'</UnitOfMeasure><QtyInPackage>לא ידוע</QtyInPackage><UnitOfMeasurePrice>49.9000</UnitOfMeasurePrice><AllowDiscount>1</AllowDiscount><ItemStatus>1</ItemStatus><ItemPrice>49.90</ItemPrice></item><item><PriceUpdateDate>2016-05-03 11:47:50</PriceUpdateDate><ItemCode>7290002812522</ItemCode><ItemType>1</ItemType><ItemName>ס.פרלמנט ארוך בודד</ItemName><ManufacturerName>פארלמנט</ManufacturerName><ManufactureCountry>ישראל</ManufactureCountry><ManufacturerItemDescription>ס.פרלמנט ארוך בודד</ManufacturerItemDescription><SoldByWeight/><Quantity>0.00</Quantity><UnitOfMeasure>יח'</UnitOfMeasure><QtyInPackage>לא ידוע</QtyInPackage><UnitOfMeasurePrice>0.0000</UnitOfMeasurePrice><AllowDiscount>1</AllowDiscount><ItemStatus>1</ItemStatus><ItemPrice>38.00</ItemPrice></item><item><PriceUpdateDate>2016-05-01 21:46:42</PriceUpdateDate><ItemCode>7290002814016</ItemCode><ItemType>1</ItemType><ItemName>סנט מוריץ מסיר שומני</ItemName><ManufacturerName>סנט מוריץ</ManufacturerName><ManufactureCountry>ישראל</ManufactureCountry><ManufacturerItemDescription>סנט מוריץ מסיר שומני</ManufacturerItemDescription><SoldByWeight/><Quantity>750.00</Quantity><UnitOfMeasure>מ"ל</UnitOfMeasure><QtyInPackage>לא ידוע</QtyInPackage><UnitOfMeasurePrice>0.0225</UnitOfMeasurePrice><AllowDiscount>1</AllowDiscount><ItemStatus>1</ItemStatus><ItemPrice>16.90</ItemPrice></item><item><PriceUpdateDate>2016-03-01 06:49:10</PriceUpdateDate><ItemCode>7290002814078</ItemCode><ItemType>1</ItemType><ItemName>מב סנט מוריץ אנטרטיק</ItemName><ManufacturerName>סנט מוריץ</ManufacturerName><ManufactureCountry>ישראל</ManufactureCountry><ManufacturerItemDescription>מב סנט מוריץ אנטרטיק</ManufacturerItemDescription><SoldByWeight/><Quantity>1000.00</Quantity><UnitOfMeasure>מ"ל</UnitOfMeasure><QtyInPackage>לא ידוע</QtyInPackage><UnitOfMeasurePrice>0.0069</UnitOfMeasurePrice><AllowDiscount>1</AllowDiscount><ItemStatus>1</ItemStatus><ItemPrice>6.90</ItemPrice></item><item><PriceUpdateDate>2016-06-01 06:30:34</PriceUpdateDate><ItemCode>7290002814214</ItemCode><ItemType>1</ItemType><ItemName>מב קצף ניקוי לכלים ס</ItemName><ManufacturerName>סנט מוריץ</ManufacturerName><ManufactureCountry>ישראל</ManufactureCountry><ManufacturerItemDescription>מב קצף ניקוי לכלים ס</ManufacturerItemDescription><SoldByWeight/><Quantity>750.00</Quantity><UnitOfMeasure>מ"ל</UnitOfMeasure><QtyInPackage>לא ידוע</QtyInPackage><UnitOfMeasurePrice>0.0092</UnitOfMeasurePrice><AllowDiscount>1</AllowDiscount><ItemStatus>1</ItemStatus><ItemPrice>6.90</ItemPrice></item><item><PriceUpdateDate>2016-06-01 06:30:34</PriceUpdateDate><ItemCode>7290002814528</ItemCode><ItemType>1</ItemType><ItemName>מב מנקה אסלות סנט מו</ItemName><ManufacturerName>סנט מוריץ</ManufacturerName><ManufactureCountry>ישראל</ManufactureCountry><ManufacturerItemDescription>מב מנקה אסלות סנט מו</ManufacturerItemDescription><SoldByWeight/><Quantity>1000.00</Quantity><UnitOfMeasure>מ"ל</UnitOfMeasure><QtyInPackage>לא ידוע</QtyInPackage><UnitOfMeasurePrice>0.0065</UnitOfMeasurePrice><AllowDiscount>1</AllowDiscount><ItemStatus>1</ItemStatus><ItemPrice>6.50</ItemPrice></item><item><PriceUpdateDate>2014-11-03 06:38:02</PriceUpdateDate><ItemCode>7290002814573</ItemCode><ItemType>1</ItemType><ItemName>סנט מוריץ שקית למילו</ItemName><ManufacturerName>סנט מוריץ</ManufacturerName><ManufactureCountry>ישראל</ManufactureCountry><ManufacturerItemDescription>סנט מוריץ שקית למילו</ManufacturerItemDescription><SoldByWeight/><Quantity>500.00</Quantity><UnitOfMeasure>מ"ל</UnitOfMeasure><QtyInPackage>לא ידוע</QtyInPackage><UnitOfMeasurePrice>0.0134</UnitOfMeasurePrice><AllowDiscount>1</AllowDiscount><ItemStatus>1</ItemStatus><ItemPrice>6.70</ItemPrice></item><item><PriceUpdateDate>2016-05-03 11:47:50</PriceUpdateDate><ItemCode>7290002814928</ItemCode><ItemType>1</ItemType><ItemName>ס.פרלמנט קצר בודד</ItemName><ManufacturerName>פארלמנט</ManufacturerName><ManufactureCountry>ישראל</ManufactureCountry><ManufacturerItemDescription>ס.פרלמנט קצר בודד</ManufacturerItemDescription><SoldByWeight/><Quantity>0.00</Quantity><UnitOfMeasure>יח'</UnitOfMeasure><QtyInPackage>לא ידוע</QtyInPackage><UnitOfMeasurePrice>0.0000</UnitOfMeasurePrice><AllowDiscount>1</AllowDiscount><ItemStatus>1</ItemStatus><ItemPrice>38.00</ItemPrice></item><item><PriceUpdateDate>2016-03-29 06:17:16</PriceUpdateDate><ItemCode>7290002814931</ItemCode><ItemType>1</ItemType><ItemName>נוזל לניקוי רצפות 4</ItemName><ManufacturerName>סנט מוריץ</ManufacturerName><ManufactureCountry>ישראל</ManufactureCountry><ManufacturerItemDescription>נוזל לניקוי רצפות 4</ManufacturerItemDescription><SoldByWeight/><Quantity>4000.00</Quantity><UnitOfMeasure>מ"ל</UnitOfMeasure><QtyInPackage>לא ידוע</QtyInPackage><UnitOfMeasurePrice>0.0040</UnitOfMeasurePrice><AllowDiscount>1</AllowDiscount><ItemStatus>1</ItemStatus><ItemPrice>15.90</ItemPrice></item><item><PriceUpdateDate>2016-02-11 09:34:58</PriceUpdateDate><ItemCode>7290002824183</ItemCode><ItemType>1</ItemType><ItemName>גבינת סקי 5% 500 גרם</ItemName><ManufacturerName>שטראוס</ManufacturerName><ManufactureCountry>ישראל</ManufactureCountry><ManufacturerItemDescription>גבינה סקי 500 5% גרם</ManufacturerItemDescription><SoldByWeight/><Quantity>500.00</Quantity><UnitOfMeasure>גרם     </UnitOfMeasure><QtyInPackage>לא ידוע</QtyInPackage><UnitOfMeasurePrice>0.0184</UnitOfMeasurePrice><AllowDiscount>0</AllowDiscount><ItemStatus>1</ItemStatus><ItemPrice>9.20</ItemPrice></item><item><PriceUpdateDate>2015-10-11 18:10:47</PriceUpdateDate><ItemCode>7290002824466</ItemCode><ItemType>1</ItemType><ItemName>דנונה טבעי 0% 200 גר</ItemName><ManufacturerName>דנונה</ManufacturerName><ManufactureCountry>ישראל</ManufactureCountry><ManufacturerItemDescription>דנונה 200 -0% גרם</ManufacturerItemDescription><SoldByWeight/><Quantity>200.00</Quantity><UnitOfMeasure>גרם     </UnitOfMeasure><QtyInPackage>לא ידוע</QtyInPackage><UnitOfMeasurePrice>0.0200</UnitOfMeasurePrice><AllowDiscount>1</AllowDiscount><ItemStatus>1</ItemStatus><ItemPrice>4.00</ItemPrice></item><item><PriceUpdateDate>2016-02-11 09:34:58</PriceUpdateDate><ItemCode>7290002824640</ItemCode><ItemType>1</ItemType><ItemName>גבינת סקי 5% 250 גרם</ItemName><ManufacturerName>שטראוס</ManufacturerName><ManufactureCountry>ישראל</ManufactureCountry><ManufacturerItemDescription>גבינה סקי 250 5% גר   .פי</ManufacturerItemDescription><SoldByWeight/><Quantity>250.00</Quantity><UnitOfMeasure>גרם     </UnitOfMeasure><QtyInPackage>לא ידוע</QtyInPackage><UnitOfMeasurePrice>0.0184</UnitOfMeasurePrice><AllowDiscount>1</AllowDiscount><ItemStatus>1</ItemStatus><ItemPrice>4.60</ItemPrice></item><item><PriceUpdateDate>2016-05-06 10:42:18</PriceUpdateDate><ItemCode>7290002825692</ItemCode><ItemType>1</ItemType><ItemName>סלט חומוס אחלה 500 ג</ItemName><ManufacturerName>אחלה</ManufacturerName><ManufactureCountry>ישראל</ManufactureCountry><ManufacturerItemDescription>סלט 500חומוס אחלה</ManufacturerItemDescription><SoldByWeight/><Quantity>500.00</Quantity><UnitOfMeasure>גרם     </UnitOfMeasure><QtyInPackage>לא ידוע</QtyInPackage><UnitOfMeasurePrice>0.0190</UnitOfMeasurePrice><AllowDiscount>1</AllowDiscount><ItemStatus>1</ItemStatus><ItemPrice>9.50</ItemPrice></item><item><PriceUpdateDate>2016-03-24 13:56:24</PriceUpdateDate><ItemCode>7290002825722</ItemCode><ItemType>1</ItemType><ItemName>סלט כרוב אדום אחלה 5</ItemName><ManufacturerName>אחלה</ManufacturerName><ManufactureCountry>ישראל</ManufactureCountry><ManufacturerItemDescription>סלט 500כרוב אדום אחלה</ManufacturerItemDescription><SoldByWeight/><Quantity>500.00</Quantity><UnitOfMeasure>גרם     </UnitOfMeasure><QtyInPackage>לא ידוע</QtyInPackage><UnitOfMeasurePrice>0.0298</UnitOfMeasurePrice><AllowDiscount>1</AllowDiscount><ItemStatus>1</ItemStatus><ItemPrice>14.90</ItemPrice></item><item><PriceUpdateDate>2015-05-04 09:56:22</PriceUpdateDate><ItemCode>7290002826835</ItemCode><ItemType>1</ItemType><ItemName>שלגון שוקובו</ItemName><ManufacturerName>שוקובו</ManufacturerName><ManufactureCountry>ישראל</ManufactureCountry><ManufacturerItemDescription>שוקובו שוקולד</ManufacturerItemDescription><SoldByWeight/><Quantity>0.00</Quantity><UnitOfMeasure>יח'</UnitOfMeasure><QtyInPackage>לא ידוע</QtyInPackage><UnitOfMeasurePrice>0.0000</UnitOfMeasurePrice><AllowDiscount>1</AllowDiscount><ItemStatus>1</ItemStatus><ItemPrice>9.40</ItemPrice></item><item><PriceUpdateDate>2016-05-03 11:47:50</PriceUpdateDate><ItemCode>7290002827029</ItemCode><ItemType>1</ItemType><ItemName>ס.מרלבורו פלאבור מיק</ItemName><ManufacturerName>מרלבורו</ManufacturerName><ManufactureCountry>ישראל</ManufactureCountry><ManufacturerItemDescription>ס.מרלבורו פלאבור מיק</ManufacturerItemDescription><SoldByWeight/><Quantity>0.00</Quantity><UnitOfMeasure>יח'</UnitOfMeasure><QtyInPackage>לא ידוע</QtyInPackage><UnitOfMeasurePrice>0.0000</UnitOfMeasurePrice><AllowDiscount>1</AllowDiscount><ItemStatus>1</ItemStatus><ItemPrice>35.00</ItemPrice></item><item><PriceUpdateDate>2015-10-20 17:36:51</PriceUpdateDate><ItemCode>7290002830184</ItemCode><ItemType>3</ItemType><ItemName>פילה לברק</ItemName><ManufacturerName>דלידג</ManufacturerName><ManufactureCountry>ישראל</ManufactureCountry><ManufacturerItemDescription>פילה לברק</ManufacturerItemDescription><SoldByWeight/><Quantity>1.00</Quantity><UnitOfMeasure>ק"ג</UnitOfMeasure><QtyInPackage>לא ידוע</QtyInPackage><UnitOfMeasurePrice>50.9000</UnitOfMeasurePrice><AllowDiscount>1</AllowDiscount><ItemStatus>1</ItemStatus><ItemPrice>50.90</ItemPrice></item><item><PriceUpdateDate>2016-05-01 21:46:42</PriceUpdateDate><ItemCode>7290002830207</ItemCode><ItemType>1</ItemType><ItemName>גפילטע פיש דלידג 520</ItemName><ManufacturerName>לא ממותג</ManufacturerName><ManufactureCountry>ישראל</ManufactureCountry><ManufacturerItemDescription>גפילטע פיש בצנצנת 520 גרם</ManufacturerItemDescription><SoldByWeight/><Quantity>520.00</Quantity><UnitOfMeasure>גרם     </UnitOfMeasure><QtyInPackage>לא ידוע</QtyInPackage><UnitOfMeasurePrice>0.0306</UnitOfMeasurePrice><AllowDiscount>0</AllowDiscount><ItemStatus>1</ItemStatus><ItemPrice>15.90</ItemPrice></item><item><PriceUpdateDate>2016-05-03 11:47:50</PriceUpdateDate><ItemCode>7290002833525</ItemCode><ItemType>1</ItemType><ItemName>ס.מרלבורו רד קצר בוק</ItemName><ManufacturerName>מרלבורו</ManufacturerName><ManufactureCountry>ישראל</ManufactureCountry><ManufacturerItemDescription>ס.מרלבורו רד קצר בוק</ManufacturerItemDescription><SoldByWeight/><Quantity>0.00</Quantity><UnitOfMeasure>יח'</UnitOfMeasure><QtyInPackage>לא ידוע</QtyInPackage><UnitOfMeasurePrice>0.0000</UnitOfMeasurePrice><AllowDiscount>1</AllowDiscount><ItemStatus>1</ItemStatus><ItemPrice>35.00</ItemPrice></item><item><PriceUpdateDate>2016-05-03 11:47:50</PriceUpdateDate><ItemCode>7290002833923</ItemCode><ItemType>1</ItemType><ItemName>ס.פרלמנט סילבר בודד</ItemName><ManufacturerName>פארלמנט</ManufacturerName><ManufactureCountry>ישראל</ManufactureCountry><ManufacturerItemDescription>ס.פרלמנט סילבר בודד</ManufacturerItemDescription><SoldByWeight/><Quantity>0.00</Quantity><UnitOfMeasure>יח'</UnitOfMeasure><QtyInPackage>לא ידוע</QtyInPackage><UnitOfMeasurePrice>0.0000</UnitOfMeasurePrice><AllowDiscount>1</AllowDiscount><ItemStatus>1</ItemStatus><ItemPrice>38.00</ItemPrice></item><item><PriceUpdateDate>2016-05-03 11:47:50</PriceUpdateDate><ItemCode>7290002845122</ItemCode><ItemType>1</ItemType><ItemName>ס.אל אם סילבר בודד</ItemName><ManufacturerName>אל אם</ManufacturerName><ManufactureCountry>ישראל</ManufactureCountry><ManufacturerItemDescription>ס.אל אם סילבר בודד</ManufacturerItemDescription><SoldByWeight/><Quantity>0.00</Quantity><UnitOfMeasure>יח'</UnitOfMeasure><QtyInPackage>לא ידוע</QtyInPackage><UnitOfMeasurePrice>0.0000</UnitOfMeasurePrice><AllowDiscount>1</AllowDiscount><ItemStatus>1</ItemStatus><ItemPrice>32.00</ItemPrice></item><item><PriceUpdateDate>2016-05-03 11:47:50</PriceUpdateDate><ItemCode>7290002852724</ItemCode><ItemType>1</ItemType><ItemName>ס.אל אם בלו קצר בודד</ItemName><ManufacturerName>אל אם</ManufacturerName><ManufactureCountry>ישראל</ManufactureCountry><ManufacturerItemDescription>ס.אל אם בלו קצר בודד</ManufacturerItemDescription><SoldByWeight/><Quantity>0.00</Quantity><UnitOfMeasure>יח'</UnitOfMeasure><QtyInPackage>לא ידוע</QtyInPackage><UnitOfMeasurePrice>0.0000</UnitOfMeasurePrice><AllowDiscount>1</AllowDiscount><ItemStatus>1</ItemStatus><ItemPrice>32.00</ItemPrice></item><item><PriceUpdateDate>2016-05-03 11:47:50</PriceUpdateDate><ItemCode>7290002854528</ItemCode><ItemType>1</ItemType><ItemName>ס.אל אם רד קצר בודד</ItemName><ManufacturerName>אל אם</ManufacturerName><ManufactureCountry>ישראל</ManufactureCountry><ManufacturerItemDescription>ס.אל אם רד קצר בודד</ManufacturerItemDescription><SoldByWeight/><Quantity>0.00</Quantity><UnitOfMeasure>יח'</UnitOfMeasure><QtyInPackage>לא ידוע</QtyInPackage><UnitOfMeasurePrice>0.0000</UnitOfMeasurePrice><AllowDiscount>1</AllowDiscount><ItemStatus>1</ItemStatus><ItemPrice>32.00</ItemPrice></item><item><PriceUpdateDate>2015-10-21 14:06:43</PriceUpdateDate><ItemCode>7290002868446</ItemCode><ItemType>1</ItemType><ItemName>גבינה מותכת למריחה 1</ItemName><ManufacturerName>טרה</ManufacturerName><ManufactureCountry>ישראל</ManufactureCountry><ManufacturerItemDescription>גבינה מותכת למריחה 1</ManufacturerItemDescription><SoldByWeight/><Quantity>100.00</Quantity><UnitOfMeasure>גרם     </UnitOfMeasure><QtyInPackage>לא ידוע</QtyInPackage><UnitOfMeasurePrice>0.0710</UnitOfMeasurePrice><AllowDiscount>1</AllowDiscount><ItemStatus>1</ItemStatus><ItemPrice>7.10</ItemPrice></item><item><PriceUpdateDate>2015-11-12 14:41:20</PriceUpdateDate><ItemCode>7290002868996</ItemCode><ItemType>1</ItemType><ItemName>קוטג' 5% טרה 250 גרם</ItemName><ManufacturerName>טרה</ManufacturerName><ManufactureCountry>ישראל</ManufactureCountry><ManufacturerItemDescription>קוטג מועשר 250 5% גרם</ManufacturerItemDescription><SoldByWeight/><Quantity>250.00</Quantity><UnitOfMeasure>גרם     </UnitOfMeasure><QtyInPackage>לא ידוע</QtyInPackage><UnitOfMeasurePrice>0.0228</UnitOfMeasurePrice><AllowDiscount>1</AllowDiscount><ItemStatus>1</ItemStatus><ItemPrice>5.70</ItemPrice></item><item><PriceUpdateDate>2015-11-24 07:23:39</PriceUpdateDate><ItemCode>7290002871248</ItemCode><ItemType>1</ItemType><ItemName>בירה טובורג בקבוק חו</ItemName><ManufacturerName>טובורג רד</ManufacturerName><ManufactureCountry>ישראל</ManufactureCountry><ManufacturerItemDescription>בירה טובורג0.5 ל.בקבוק חו</ManufacturerItemDescription><SoldByWeight/><Quantity>500.00</Quantity><UnitOfMeasure>מ"ל</UnitOfMeasure><QtyInPackage>לא ידוע</QtyInPackage><UnitOfMeasurePrice>0.0170</UnitOfMeasurePrice><AllowDiscount>1</AllowDiscount><ItemStatus>1</ItemStatus><ItemPrice>8.50</ItemPrice></item><item><PriceUpdateDate>2015-11-24 07:23:39</PriceUpdateDate><ItemCode>7290002871361</ItemCode><ItemType>1</ItemType><ItemName>בירה קרלסברג בקבוק ח</ItemName><ManufacturerName>קרלסברג</ManufacturerName><ManufactureCountry>ישראל</ManufactureCountry><ManufacturerItemDescription>בירה קרלסברג 0.5 ל.בקבוק</ManufacturerItemDescription><SoldByWeight/><Quantity>500.00</Quantity><UnitOfMeasure>מ"ל</UnitOfMeasure><QtyInPackage>לא ידוע</QtyInPackage><UnitOfMeasurePrice>0.0178</UnitOfMeasurePrice><AllowDiscount>1</AllowDiscount><ItemStatus>1</ItemStatus><ItemPrice>8.90</ItemPrice></item><item><PriceUpdateDate>2016-05-30 22:03:49</PriceUpdateDate><ItemCode>7290002871446</ItemCode><ItemType>1</ItemType><ItemName>מיץ פריגת ענבים 1.5</ItemName><ManufacturerName>פריגת</ManufacturerName><ManufactureCountry>ישראל</ManufactureCountry><ManufacturerItemDescription>משקל פריגת ענבים</ManufacturerItemDescription><SoldByWeight/><Quantity>1500.00</Quantity><UnitOfMeasure>מ"ל</UnitOfMeasure><QtyInPackage>לא ידוע</QtyInPackage><UnitOfMeasurePrice>0.0045</UnitOfMeasurePrice><AllowDiscount>0</AllowDiscount><ItemStatus>1</ItemStatus><ItemPrice>6.80</ItemPrice></item><item><PriceUpdateDate>2016-05-30 22:03:49</PriceUpdateDate><ItemCode>7290002871460</ItemCode><ItemType>1</ItemType><ItemName>מיץ פריגת תפוזים 1.5</ItemName><ManufacturerName>פריגת</ManufacturerName><ManufactureCountry>ישראל</ManufactureCountry><ManufacturerItemDescription>משקל פריגת תפוזים</ManufacturerItemDescription><SoldByWeight/><Quantity>1500.00</Quantity><UnitOfMeasure>מ"ל</UnitOfMeasure><QtyInPackage>לא ידוע</QtyInPackage><UnitOfMeasurePrice>0.0045</UnitOfMeasurePrice><AllowDiscount>0</AllowDiscount><ItemStatus>1</ItemStatus><ItemPrice>6.80</ItemPrice></item><item><PriceUpdateDate>2016-05-30 22:03:49</PriceUpdateDate><ItemCode>7290002871477</ItemCode><ItemType>1</ItemType><ItemName>מיץ פריגת אשכוליות 1</ItemName><ManufacturerName>פריגת</ManufacturerName><ManufactureCountry>ישראל</ManufactureCountry><ManufacturerItemDescription>משקל פריגת אשכוליות</ManufacturerItemDescription><SoldByWeight/><Quantity>1500.00</Quantity><UnitOfMeasure>מ"ל</UnitOfMeasure><QtyInPackage>לא ידוע</QtyInPackage><UnitOfMeasurePrice>0.0045</UnitOfMeasurePrice><AllowDiscount>0</AllowDiscount><ItemStatus>1</ItemStatus><ItemPrice>6.80</ItemPrice></item><item><PriceUpdateDate>2016-05-30 22:03:49</PriceUpdateDate><ItemCode>7290002871491</ItemCode><ItemType>1</ItemType><ItemName>מיץ פריגת אשכוליות</ItemName><ManufacturerName>פריגת</ManufacturerName><ManufactureCountry>ישראל</ManufactureCountry><ManufacturerItemDescription>משקל פריגת דיאט אשכוליות</ManufacturerItemDescription><SoldByWeight/><Quantity>1500.00</Quantity><UnitOfMeasure>מ"ל</UnitOfMeasure><QtyInPackage>לא ידוע</QtyInPackage><UnitOfMeasurePrice>0.0045</UnitOfMeasurePrice><AllowDiscount>0</AllowDiscount><ItemStatus>1</ItemStatus><ItemPrice>6.80</ItemPrice></item><item><PriceUpdateDate>2016-05-03 11:47:50</PriceUpdateDate><ItemCode>7290002874629</ItemCode><ItemType>1</ItemType><ItemName>ס.פרלמנט ארוך בלו בו</ItemName><ManufacturerName>פארלמנט</ManufacturerName><ManufactureCountry>ישראל</ManufactureCountry><ManufacturerItemDescription>ס.פרלמנט ארוך בלו בו</ManufacturerItemDescription><SoldByWeight/><Quantity>0.00</Quantity><UnitOfMeasure>יח'</UnitOfMeasure><QtyInPackage>לא ידוע</QtyInPackage><UnitOfMeasurePrice>0.0000</UnitOfMeasurePrice><AllowDiscount>1</AllowDiscount><ItemStatus>1</ItemStatus><ItemPrice>38.00</ItemPrice></item><item><PriceUpdateDate>2016-05-03 11:47:50</PriceUpdateDate><ItemCode>7290002876326</ItemCode><ItemType>1</ItemType><ItemName>ס.פרלמנט קצר בלו בוד</ItemName><ManufacturerName>פארלמנט</ManufacturerName><ManufactureCountry>ישראל</ManufactureCountry><ManufacturerItemDescription>ס.פרלמנט קצר בלו בוד</ManufacturerItemDescription><SoldByWeight/><Quantity>0.00</Quantity><UnitOfMeasure>יח'</UnitOfMeasure><QtyInPackage>לא ידוע</QtyInPackage><UnitOfMeasurePrice>0.0000</UnitOfMeasurePrice><AllowDiscount>1</AllowDiscount><ItemStatus>1</ItemStatus><ItemPrice>38.00</ItemPrice></item><item><PriceUpdateDate>2016-03-01 06:49:11</PriceUpdateDate><ItemCode>7290002881018</ItemCode><ItemType>1</ItemType><ItemName>מב מעדן תות שדה 100%</ItemName><ManufacturerName>תומר</ManufacturerName><ManufactureCountry>ישראל</ManufactureCountry><ManufacturerItemDescription>מב מעדן תות שדה 100%</ManufacturerItemDescription><SoldByWeight/><Quantity>282.00</Quantity><UnitOfMeasure>גרם     </UnitOfMeasure><QtyInPackage>לא ידוע</QtyInPackage><UnitOfMeasurePrice>0.0351</UnitOfMeasurePrice><AllowDiscount>1</AllowDiscount><ItemStatus>1</ItemStatus><ItemPrice>9.90</ItemPrice></item><item><PriceUpdateDate>2016-03-01 06:49:11</PriceUpdateDate><ItemCode>7290002881025</ItemCode><ItemType>1</ItemType><ItemName>מב מעדן דובדובן חמוץ</ItemName><ManufacturerName>תומר</ManufacturerName><ManufactureCountry>ישראל</ManufactureCountry><ManufacturerItemDescription>מב מעדן דובדובן חמוץ</ManufacturerItemDescription><SoldByWeight/><Quantity>282.00</Quantity><UnitOfMeasure>גרם     </UnitOfMeasure><QtyInPackage>לא ידוע</QtyInPackage><UnitOfMeasurePrice>0.0351</UnitOfMeasurePrice><AllowDiscount>1</AllowDiscount><ItemStatus>1</ItemStatus><ItemPrice>9.90</ItemPrice></item><item><PriceUpdateDate>2016-03-01 06:49:11</PriceUpdateDate><ItemCode>7290002881056</ItemCode><ItemType>1</ItemType><ItemName>מב מעדן משמש 100% פר</ItemName><ManufacturerName>תומר</ManufacturerName><ManufactureCountry>ישראל</ManufactureCountry><ManufacturerItemDescription>מב מעדן משמש 100% פר</ManufacturerItemDescription><SoldByWeight/><Quantity>282.00</Quantity><UnitOfMeasure>גרם     </UnitOfMeasure><QtyInPackage>לא ידוע</QtyInPackage><UnitOfMeasurePrice>0.0351</UnitOfMeasurePrice><AllowDiscount>1</AllowDiscount><ItemStatus>1</ItemStatus><ItemPrice>9.90</ItemPrice></item><item><PriceUpdateDate>2016-03-01 06:49:11</PriceUpdateDate><ItemCode>7290002881063</ItemCode><ItemType>1</ItemType><ItemName>מב מעדן פרי תפוז  10</ItemName><ManufacturerName>תומר</ManufacturerName><ManufactureCountry>ישראל</ManufactureCountry><ManufacturerItemDescription>מב מעדן פרי תפוז  10</ManufacturerItemDescription><SoldByWeight/><Quantity>282.00</Quantity><UnitOfMeasure>גרם     </UnitOfMeasure><QtyInPackage>לא ידוע</QtyInPackage><UnitOfMeasurePrice>0.0351</UnitOfMeasurePrice><AllowDiscount>1</AllowDiscount><ItemStatus>1</ItemStatus><ItemPrice>9.90</ItemPrice></item><item><PriceUpdateDate>2016-03-01 06:49:11</PriceUpdateDate><ItemCode>7290002881094</ItemCode><ItemType>1</ItemType><ItemName>מב מעדן פרי מיקס  10</ItemName><ManufacturerName>תומר</ManufacturerName><ManufactureCountry>ישראל</ManufactureCountry><ManufacturerItemDescription>מב מעדן פרי מיקס  10</ManufacturerItemDescription><SoldByWeight/><Quantity>282.00</Quantity><UnitOfMeasure>גרם     </UnitOfMeasure><QtyInPackage>לא ידוע</QtyInPackage><UnitOfMeasurePrice>0.0351</UnitOfMeasurePrice><AllowDiscount>1</AllowDiscount><ItemStatus>1</ItemStatus><ItemPrice>9.90</ItemPrice></item><item><PriceUpdateDate>2016-03-01 06:49:11</PriceUpdateDate><ItemCode>7290002881124</ItemCode><ItemType>1</ItemType><ItemName>מב מעדן פרי שזיף  10</ItemName><ManufacturerName>תומר</ManufacturerName><ManufactureCountry>ישראל</ManufactureCountry><ManufacturerItemDescription>מב מעדן פרי שזיף  10</ManufacturerItemDescription><SoldByWeight/><Quantity>282.00</Quantity><UnitOfMeasure>גרם     </UnitOfMeasure><QtyInPackage>לא ידוע</QtyInPackage><UnitOfMeasurePrice>0.0351</UnitOfMeasurePrice><AllowDiscount>1</AllowDiscount><ItemStatus>1</ItemStatus><ItemPrice>9.90</ItemPrice></item><item><PriceUpdateDate>2015-10-22 16:04:51</PriceUpdateDate><ItemCode>7290002881186</ItemCode><ItemType>1</ItemType><ItemName>רסק תפוחי עץ וגזר 70</ItemName><ManufacturerName>תומר</ManufacturerName><ManufactureCountry>ישראל</ManufactureCountry><ManufacturerItemDescription>רסק תפוחי עץ וגזר 70</ManufacturerItemDescription><SoldByWeight/><Quantity>700.00</Quantity><UnitOfMeasure>גרם     </UnitOfMeasure><QtyInPackage>לא ידוע</QtyInPackage><UnitOfMeasurePrice>0.0181</UnitOfMeasurePrice><AllowDiscount>1</AllowDiscount><ItemStatus>1</ItemStatus><ItemPrice>12.70</ItemPrice></item><item><PriceUpdateDate>2016-01-05 08:49:15</PriceUpdateDate><ItemCode>7290002881230</ItemCode><ItemType>1</ItemType><ItemName>לפתן אננס חתוך 825 ג</ItemName><ManufacturerName>לא ידוע</ManufacturerName><ManufactureCountry>ישראל</ManufactureCountry><ManufacturerItemDescription>לפתן אננס חתוך 825 ג</ManufacturerItemDescription><SoldByWeight/><Quantity>490.00</Quantity><UnitOfMeasure>גרם     </UnitOfMeasure><QtyInPackage>לא ידוע</QtyInPackage><UnitOfMeasurePrice>0.0167</UnitOfMeasurePrice><AllowDiscount>1</AllowDiscount><ItemStatus>1</ItemStatus><ItemPrice>8.20</ItemPrice></item><item><PriceUpdateDate>2015-11-12 14:50:04</PriceUpdateDate><ItemCode>7290002881407</ItemCode><ItemType>1</ItemType><ItemName>אטריות נודלס דק 400</ItemName><ManufacturerName>לא ממותג</ManufacturerName><ManufactureCountry>ישראל</ManufactureCountry><ManufacturerItemDescription>אטריות נודלס דק 400</ManufacturerItemDescription><SoldByWeight/><Quantity>400.00</Quantity><UnitOfMeasure>גרם     </UnitOfMeasure><QtyInPackage>לא ידוע</QtyInPackage><UnitOfMeasurePrice>0.0163</UnitOfMeasurePrice><AllowDiscount>1</AllowDiscount><ItemStatus>1</ItemStatus><ItemPrice>6.50</ItemPrice></item><item><PriceUpdateDate>2015-11-12 14:50:04</PriceUpdateDate><ItemCode>7290002881414</ItemCode><ItemType>1</ItemType><ItemName>איטריות נודלס עבה  4</ItemName><ManufacturerName>לא ממותג</ManufacturerName><ManufactureCountry>ישראל</ManufactureCountry><ManufacturerItemDescription>איטריות נודלס עבה  4</ManufacturerItemDescription><SoldByWeight/><Quantity>400.00</Quantity><UnitOfMeasure>גרם     </UnitOfMeasure><QtyInPackage>לא ידוע</QtyInPackage><UnitOfMeasurePrice>0.0163</UnitOfMeasurePrice><AllowDiscount>1</AllowDiscount><ItemStatus>1</ItemStatus><ItemPrice>6.50</ItemPrice></item><item><PriceUpdateDate>2016-05-16 09:07:23</PriceUpdateDate><ItemCode>7290002881551</ItemCode><ItemType>1</ItemType><ItemName>מב עלי גפן ממולאים 4</ItemName><ManufacturerName>תומר</ManufacturerName><ManufactureCountry>ישראל</ManufactureCountry><ManufacturerItemDescription>מב עלי גפן ממולאים 4</ManufacturerItemDescription><SoldByWeight/><Quantity>360.00</Quantity><UnitOfMeasure>גרם     </UnitOfMeasure><QtyInPackage>לא ידוע</QtyInPackage><UnitOfMeasurePrice>0.0219</UnitOfMeasurePrice><AllowDiscount>1</AllowDiscount><ItemStatus>1</ItemStatus><ItemPrice>7.90</ItemPrice></item><item><PriceUpdateDate>2016-05-30 22:03:49</PriceUpdateDate><ItemCode>7290002881612</ItemCode><ItemType>1</ItemType><ItemName>לפתן דובדבנים  ללא ח</ItemName><ManufacturerName>תומר</ManufacturerName><ManufactureCountry>ישראל</ManufactureCountry><ManufacturerItemDescription>לפתן דובדבנים  ללא ח</ManufacturerItemDescription><SoldByWeight/><Quantity>350.00</Quantity><UnitOfMeasure>גרם     </UnitOfMeasure><QtyInPackage>לא ידוע</QtyInPackage><UnitOfMeasurePrice>0.0311</UnitOfMeasurePrice><AllowDiscount>1</AllowDiscount><ItemStatus>1</ItemStatus><ItemPrice>10.90</ItemPrice></item><item><PriceUpdateDate>2016-03-16 15:40:43</PriceUpdateDate><ItemCode>7290002881766</ItemCode><ItemType>1</ItemType><ItemName>פטריות חתוכות שלישיי</ItemName><ManufacturerName>תומר</ManufacturerName><ManufactureCountry>ישראל</ManufactureCountry><ManufacturerItemDescription>פטריות חתוכות שלישיי</ManufacturerItemDescription><SoldByWeight/><Quantity>870.00</Quantity><UnitOfMeasure>גרם     </UnitOfMeasure><QtyInPackage>לא ידוע</QtyInPackage><UnitOfMeasurePrice>0.0125</UnitOfMeasurePrice><AllowDiscount>1</AllowDiscount><ItemStatus>1</ItemStatus><ItemPrice>10.90</ItemPrice></item><item><PriceUpdateDate>2015-11-12 14:50:12</PriceUpdateDate><ItemCode>7290002881865</ItemCode><ItemType>1</ItemType><ItemName>פטריות חתוך 8 אונס 4</ItemName><ManufacturerName>תומר</ManufacturerName><ManufactureCountry>ישראל</ManufactureCountry><ManufacturerItemDescription>פטריות חתוך 8 אונס 4</ManufacturerItemDescription><SoldByWeight/><Quantity>230.00</Quantity><UnitOfMeasure>גרם     </UnitOfMeasure><QtyInPackage>לא ידוע</QtyInPackage><UnitOfMeasurePrice>0.0283</UnitOfMeasurePrice><AllowDiscount>1</AllowDiscount><ItemStatus>1</ItemStatus><ItemPrice>6.50</ItemPrice></item><item><PriceUpdateDate>2014-11-03 06:38:06</PriceUpdateDate><ItemCode>7290002881872</ItemCode><ItemType>1</ItemType><ItemName>פטריות 290 גרם חתוכו</ItemName><ManufacturerName>לא ממותג</ManufacturerName><ManufactureCountry>ישראל</ManufactureCountry><ManufacturerItemDescription>פטריות 290 גרם חתוכו</ManufacturerItemDescription><SoldByWeight/><Quantity>167.00</Quantity><UnitOfMeasure>גרם     </UnitOfMeasure><QtyInPackage>לא ידוע</QtyInPackage><UnitOfMeasurePrice>0.0251</UnitOfMeasurePrice><AllowDiscount>1</AllowDiscount><ItemStatus>1</ItemStatus><ItemPrice>4.20</ItemPrice></item><item><PriceUpdateDate>2016-05-03 11:47:50</PriceUpdateDate><ItemCode>7290002881920</ItemCode><ItemType>1</ItemType><ItemName>ס.מרלבורו גולד ארוך</ItemName><ManufacturerName>מרלבורו</ManufacturerName><ManufactureCountry>ישראל</ManufactureCountry><ManufacturerItemDescription>ס.מרלבורו גולד ארוך</ManufacturerItemDescription><SoldByWeight/><Quantity>0.00</Quantity><UnitOfMeasure>יח'</UnitOfMeasure><QtyInPackage>לא ידוע</QtyInPackage><UnitOfMeasurePrice>0.0000</UnitOfMeasurePrice><AllowDiscount>1</AllowDiscount><ItemStatus>1</ItemStatus><ItemPrice>35.00</ItemPrice></item><item><PriceUpdateDate>2015-10-22 16:04:51</PriceUpdateDate><ItemCode>7290002881940</ItemCode><ItemType>1</ItemType><ItemName>סרדין מרוקאי בשמן 12</ItemName><ManufacturerName>תומר</ManufacturerName><ManufactureCountry>ישראל</ManufactureCountry><ManufacturerItemDescription>סרדין מרוקאי בשמן 12</ManufacturerItemDescription><SoldByWeight/><Quantity>14.00</Quantity><UnitOfMeasure>גרם     </UnitOfMeasure><QtyInPackage>לא ידוע</QtyInPackage><UnitOfMeasurePrice>0.4714</UnitOfMeasurePrice><AllowDiscount>1</AllowDiscount><ItemStatus>1</ItemStatus><ItemPrice>6.60</ItemPrice></item><item><PriceUpdateDate>2015-10-22 16:04:51</PriceUpdateDate><ItemCode>7290002881957</ItemCode><ItemType>1</ItemType><ItemName>סרדין מרוקאי חריף 12</ItemName><ManufacturerName>לא ידוע</ManufacturerName><ManufactureCountry>ישראל</ManufactureCountry><ManufacturerItemDescription>סרדין מרוקאי חריף 12</ManufacturerItemDescription><SoldByWeight/><Quantity>14.00</Quantity><UnitOfMeasure>גרם     </UnitOfMeasure><QtyInPackage>לא ידוע</QtyInPackage><UnitOfMeasurePrice>0.4714</UnitOfMeasurePrice><AllowDiscount>1</AllowDiscount><ItemStatus>1</ItemStatus><ItemPrice>6.60</ItemPrice></item><item><PriceUpdateDate>2015-10-22 16:04:51</PriceUpdateDate><ItemCode>7290002881964</ItemCode><ItemType>1</ItemType><ItemName>סרדין מרוקאי ברוטב ע</ItemName><ManufacturerName>תומר</ManufacturerName><ManufactureCountry>ישראל</ManufactureCountry><ManufacturerItemDescription>סרדין מרוקאי ברוטב ע</ManufacturerItemDescription><SoldByWeight/><Quantity>14.00</Quantity><UnitOfMeasure>גרם     </UnitOfMeasure><QtyInPackage>לא ידוע</QtyInPackage><UnitOfMeasurePrice>0.4714</UnitOfMeasurePrice><AllowDiscount>1</AllowDiscount><ItemStatus>1</ItemStatus><ItemPrice>6.60</ItemPrice></item><item><PriceUpdateDate>2016-05-03 11:47:50</PriceUpdateDate><ItemCode>7290002886925</ItemCode><ItemType>1</ItemType><ItemName>ס.מרלבורו גולד קצר ב</ItemName><ManufacturerName>מרלבורו</ManufacturerName><ManufactureCountry>ישראל</ManufactureCountry><ManufacturerItemDescription>ס.מרלבורו גולד קצר ב</ManufacturerItemDescription><SoldByWeight/><Quantity>0.00</Quantity><UnitOfMeasure>יח'</UnitOfMeasure><QtyInPackage>לא ידוע</QtyInPackage><UnitOfMeasurePrice>0.0000</UnitOfMeasurePrice><AllowDiscount>1</AllowDiscount><ItemStatus>1</ItemStatus><ItemPrice>35.00</ItemPrice></item><item><PriceUpdateDate>2016-05-30 22:03:49</PriceUpdateDate><ItemCode>7290002900092</ItemCode><ItemType>1</ItemType><ItemName>מב סטייק בורגר 400 ג</ItemName><ManufacturerName>טירת צבי</ManufacturerName><ManufactureCountry>ישראל</ManufactureCountry><ManufacturerItemDescription>מב סטייק בורגר 400 ג</ManufacturerItemDescription><SoldByWeight/><Quantity>400.00</Quantity><UnitOfMeasure>גרם     </UnitOfMeasure><QtyInPackage>לא ידוע</QtyInPackage><UnitOfMeasurePrice>0.0472</UnitOfMeasurePrice><AllowDiscount>1</AllowDiscount><ItemStatus>1</ItemStatus><ItemPrice>18.90</ItemPrice></item><item><PriceUpdateDate>2016-05-30 22:03:49</PriceUpdateDate><ItemCode>7290002900115</ItemCode><ItemType>1</ItemType><ItemName>נקניקיות מרגז טירת צ</ItemName><ManufacturerName>טירת צבי</ManufacturerName><ManufactureCountry>ישראל</ManufactureCountry><ManufacturerItemDescription>נקניקיות מרגז טירת צ</ManufacturerItemDescription><SoldByWeight/><Quantity>500.00</Quantity><UnitOfMeasure>גרם     </UnitOfMeasure><QtyInPackage>לא ידוע</QtyInPackage><UnitOfMeasurePrice>0.0578</UnitOfMeasurePrice><AllowDiscount>1</AllowDiscount><ItemStatus>1</ItemStatus><ItemPrice>28.90</ItemPrice></item><item><PriceUpdateDate>2016-05-30 22:03:50</PriceUpdateDate><ItemCode>7290002900214</ItemCode><ItemType>1</ItemType><ItemName>מב קבב מזרחי טירת צב</ItemName><ManufacturerName>טירת צבי</ManufacturerName><ManufactureCountry>ישראל</ManufactureCountry><ManufacturerItemDescription>מב קבב מזרחי טירת צב</ManufacturerItemDescription><SoldByWeight/><Quantity>450.00</Quantity><UnitOfMeasure>גרם     </UnitOfMeasure><QtyInPackage>לא ידוע</QtyInPackage><UnitOfMeasurePrice>0.0420</UnitOfMeasurePrice><AllowDiscount>1</AllowDiscount><ItemStatus>1</ItemStatus><ItemPrice>18.90</ItemPrice></item><item><PriceUpdateDate>2015-03-26 09:34:14</PriceUpdateDate><ItemCode>7290002900313</ItemCode><ItemType>3</ItemType><ItemName>פסטרמה ספרדית</ItemName><ManufacturerName>טירת צבי</ManufacturerName><ManufactureCountry>ישראל</ManufactureCountry><ManufacturerItemDescription>פסטרמה ספרדית</ManufacturerItemDescription><SoldByWeight/><Quantity>1.00</Quantity><UnitOfMeasure>ק"ג</UnitOfMeasure><QtyInPackage>לא ידוע</QtyInPackage><UnitOfMeasurePrice>79.9000</UnitOfMeasurePrice><AllowDiscount>1</AllowDiscount><ItemStatus>1</ItemStatus><ItemPrice>79.90</ItemPrice></item><item><PriceUpdateDate>2016-06-01 06:30:20</PriceUpdateDate><ItemCode>7290002900566</ItemCode><ItemType>1</ItemType><ItemName>מב נקניק פסטרמה ברבי</ItemName><ManufacturerName>טירת צבי</ManufacturerName><ManufactureCountry>ישראל</ManufactureCountry><ManufacturerItemDescription>מב נקניק פסטרמה ברבי</ManufacturerItemDescription><SoldByWeight/><Quantity>360.00</Quantity><UnitOfMeasure>גרם     </UnitOfMeasure><QtyInPackage>לא ידוע</QtyInPackage><UnitOfMeasurePrice>0.0803</UnitOfMeasurePrice><AllowDiscount>1</AllowDiscount><ItemStatus>1</ItemStatus><ItemPrice>28.90</ItemPrice></item><item><PriceUpdateDate>2016-05-30 22:03:50</PriceUpdateDate><ItemCode>7290002904694</ItemCode><ItemType>1</ItemType><ItemName>דאו' ספריי טיטניום ל</ItemName><ManufacturerName>טיטניום</ManufacturerName><ManufactureCountry>ישראל</ManufactureCountry><ManufacturerItemDescription>דאו' ספריי טיטניום ל</ManufacturerItemDescription><SoldByWeight/><Quantity>180.00</Quantity><UnitOfMeasure>מ"ל</UnitOfMeasure><QtyInPackage>לא ידוע</QtyInPackage><UnitOfMeasurePrice>0.1106</UnitOfMeasurePrice><AllowDiscount>1</AllowDiscount><ItemStatus>1</ItemStatus><ItemPrice>19.90</ItemPrice></item><item><PriceUpdateDate>2016-06-17 09:13:52</PriceUpdateDate><ItemCode>7290002920311</ItemCode><ItemType>3</ItemType><ItemName>גבינת ברי עיזים גד ב</ItemName><ManufacturerName>גד</ManufacturerName><ManufactureCountry>ישראל</ManufactureCountry><ManufacturerItemDescription>גבינת ברי עיזים גד ב</ManufacturerItemDescription><SoldByWeight/><Quantity>1.00</Quantity><UnitOfMeasure>ק"ג</UnitOfMeasure><QtyInPackage>לא ידוע</QtyInPackage><UnitOfMeasurePrice>129.0000</UnitOfMeasurePrice><AllowDiscount>1</AllowDiscount><ItemStatus>1</ItemStatus><ItemPrice>129.00</ItemPrice></item><item><PriceUpdateDate>2014-11-03 06:37:29</PriceUpdateDate><ItemCode>7290002921165</ItemCode><ItemType>1</ItemType><ItemName>הזלין קונדישנר חלב ל</ItemName><ManufacturerName>לא ממותג</ManufacturerName><ManufactureCountry>ישראל</ManufactureCountry><ManufacturerItemDescription>הזלין קונדישנר חלב ל</ManufacturerItemDescription><SoldByWeight/><Quantity>400.00</Quantity><UnitOfMeasure>מ"ל</UnitOfMeasure><QtyInPackage>לא ידוע</QtyInPackage><UnitOfMeasurePrice>0.1020</UnitOfMeasurePrice><AllowDiscount>1</AllowDiscount><ItemStatus>1</ItemStatus><ItemPrice>40.80</ItemPrice></item><item><PriceUpdateDate>2014-11-03 06:37:29</PriceUpdateDate><ItemCode>7290002921240</ItemCode><ItemType>1</ItemType><ItemName>קרבונה שמפוזר לניקוי</ItemName><ManufacturerName>קרבונה</ManufacturerName><ManufactureCountry>ישראל</ManufactureCountry><ManufacturerItemDescription>קרבונה שמפוזר לניקוי</ManufacturerItemDescription><SoldByWeight/><Quantity>470.00</Quantity><UnitOfMeasure>מ"ל</UnitOfMeasure><QtyInPackage>לא ידוע</QtyInPackage><UnitOfMeasurePrice>0.0717</UnitOfMeasurePrice><AllowDiscount>1</AllowDiscount><ItemStatus>1</ItemStatus><ItemPrice>33.70</ItemPrice></item><item><PriceUpdateDate>2015-11-12 16:53:34</PriceUpdateDate><ItemCode>7290002921349</ItemCode><ItemType>1</ItemType><ItemName>זוג סופר גלו</ItemName><ManufacturerName>סופר גלו</ManufacturerName><ManufactureCountry>ישראל</ManufactureCountry><ManufacturerItemDescription>זוג סופר גלו</ManufacturerItemDescription><SoldByWeight/><Quantity>0.00</Quantity><UnitOfMeasure>יח'</UnitOfMeasure><QtyInPackage>לא ידוע</QtyInPackage><UnitOfMeasurePrice>0.0000</UnitOfMeasurePrice><AllowDiscount>1</AllowDiscount><ItemStatus>1</ItemStatus><ItemPrice>17.50</ItemPrice></item><item><PriceUpdateDate>2016-04-05 15:59:25</PriceUpdateDate><ItemCode>7290002922117</ItemCode><ItemType>1</ItemType><ItemName>עוגיות פרימיום 250-3</ItemName><ManufacturerName>לא ממותג</ManufacturerName><ManufactureCountry>ישראל</ManufactureCountry><ManufacturerItemDescription>עוגיות פרימיום 250-3</ManufacturerItemDescription><SoldByWeight/><Quantity>250.00</Quantity><UnitOfMeasure>גרם     </UnitOfMeasure><QtyInPackage>לא ידוע</QtyInPackage><UnitOfMeasurePrice>0.0876</UnitOfMeasurePrice><AllowDiscount>1</AllowDiscount><ItemStatus>1</ItemStatus><ItemPrice>21.90</ItemPrice></item><item><PriceUpdateDate>2015-11-03 08:38:32</PriceUpdateDate><ItemCode>7290002929536</ItemCode><ItemType>1</ItemType><ItemName>קובה למרק 600 גרם</ItemName><ManufacturerName>שלושת האופים</ManufacturerName><ManufactureCountry>ישראל</ManufactureCountry><ManufacturerItemDescription>קובה למרק 600 גרם</ManufacturerItemDescription><SoldByWeight/><Quantity>600.00</Quantity><UnitOfMeasure>גרם     </UnitOfMeasure><QtyInPackage>לא ידוע</QtyInPackage><UnitOfMeasurePrice>0.0182</UnitOfMeasurePrice><AllowDiscount>1</AllowDiscount><ItemStatus>1</ItemStatus><ItemPrice>10.90</ItemPrice></item><item><PriceUpdateDate>2015-11-03 08:38:32</PriceUpdateDate><ItemCode>7290002929543</ItemCode><ItemType>1</ItemType><ItemName>קובה לחמין מטפוניה</ItemName><ManufacturerName>שלושת האופים</ManufacturerName><ManufactureCountry>ישראל</ManufactureCountry><ManufacturerItemDescription>קובה לחמין מטפוניה</ManufacturerItemDescription><SoldByWeight/><Quantity>600.00</Quantity><UnitOfMeasure>גרם     </UnitOfMeasure><QtyInPackage>לא ידוע</QtyInPackage><UnitOfMeasurePrice>0.0182</UnitOfMeasurePrice><AllowDiscount>1</AllowDiscount><ItemStatus>1</ItemStatus><ItemPrice>10.90</ItemPrice></item><item><PriceUpdateDate>2016-05-30 22:03:50</PriceUpdateDate><ItemCode>7290002929642</ItemCode><ItemType>1</ItemType><ItemName>רביעיית טונה ויליגר</ItemName><ManufacturerName>ויליגר</ManufacturerName><ManufactureCountry>ישראל</ManufactureCountry><ManufacturerItemDescription>רביעיית טונה ויליגר</ManufacturerItemDescription><SoldByWeight/><Quantity>560.00</Quantity><UnitOfMeasure>גרם     </UnitOfMeasure><QtyInPackage>לא ידוע</QtyInPackage><UnitOfMeasurePrice>0.0462</UnitOfMeasurePrice><AllowDiscount>1</AllowDiscount><ItemStatus>1</ItemStatus><ItemPrice>25.90</ItemPrice></item><item><PriceUpdateDate>2016-03-29 06:36:29</PriceUpdateDate><ItemCode>7290002946700</ItemCode><ItemType>1</ItemType><ItemName>מב מצית פחם נוזל</ItemName><ManufacturerName>הנמל</ManufacturerName><ManufactureCountry>ישראל</ManufactureCountry><ManufacturerItemDescription>מדליק פחם נוזלי 200 סמק</ManufacturerItemDescription><SoldByWeight/><Quantity>0.00</Quantity><UnitOfMeasure>יח'</UnitOfMeasure><QtyInPackage>לא ידוע</QtyInPackage><UnitOfMeasurePrice>0.0000</UnitOfMeasurePrice><AllowDiscount>1</AllowDiscount><ItemStatus>1</ItemStatus><ItemPrice>8.90</ItemPrice></item><item><PriceUpdateDate>2016-05-11 13:01:58</PriceUpdateDate><ItemCode>7290002987963</ItemCode><ItemType>1</ItemType><ItemName>חומוס אחלה 1 ק''ג</ItemName><ManufacturerName>אחלה</ManufacturerName><ManufactureCountry>ישראל</ManufactureCountry><ManufacturerItemDescription>סלט 1000חומוס אחלה</ManufacturerItemDescription><SoldByWeight/><Quantity>1000.00</Quantity><UnitOfMeasure>גרם     </UnitOfMeasure><QtyInPackage>לא ידוע</QtyInPackage><UnitOfMeasurePrice>0.0159</UnitOfMeasurePrice><AllowDiscount>1</AllowDiscount><ItemStatus>1</ItemStatus><ItemPrice>15.90</ItemPrice></item><item><PriceUpdateDate>2016-03-01 06:43:20</PriceUpdateDate><ItemCode>7290003009152</ItemCode><ItemType>1</ItemType><ItemName>סירופ פריגת פטל 750</ItemName><ManufacturerName>פריגת</ManufacturerName><ManufactureCountry>ישראל</ManufactureCountry><ManufacturerItemDescription>סירופ פטל 750 מל</ManufacturerItemDescription><SoldByWeight/><Quantity>750.00</Quantity><UnitOfMeasure>מ"ל</UnitOfMeasure><QtyInPackage>לא ידוע</QtyInPackage><UnitOfMeasurePrice>0.0185</UnitOfMeasurePrice><AllowDiscount>1</AllowDiscount><ItemStatus>1</ItemStatus><ItemPrice>13.90</ItemPrice></item><item><PriceUpdateDate>2016-03-01 06:43:20</PriceUpdateDate><ItemCode>7290003009183</ItemCode><ItemType>1</ItemType><ItemName>סירופ פריגתתפוחים די</ItemName><ManufacturerName>פריגת</ManufacturerName><ManufactureCountry>ישראל</ManufactureCountry><ManufacturerItemDescription>סירופ דיאט תפוחים 750 מל</ManufacturerItemDescription><SoldByWeight/><Quantity>750.00</Quantity><UnitOfMeasure>מ"ל</UnitOfMeasure><QtyInPackage>לא ידוע</QtyInPackage><UnitOfMeasurePrice>0.0257</UnitOfMeasurePrice><AllowDiscount>1</AllowDiscount><ItemStatus>1</ItemStatus><ItemPrice>19.30</ItemPrice></item><item><PriceUpdateDate>2015-11-12 16:43:46</PriceUpdateDate><ItemCode>7290003009329</ItemCode><ItemType>1</ItemType><ItemName>בוטן אמריקאי גת שקית</ItemName><ManufacturerName>ליימן חטיבת המותגים</ManufacturerName><ManufactureCountry>ישראל</ManufactureCountry><ManufacturerItemDescription>בוטן אמריקאי מצופה 200 גר</ManufacturerItemDescription><SoldByWeight/><Quantity>200.00</Quantity><UnitOfMeasure>גרם     </UnitOfMeasure><QtyInPackage>לא ידוע</QtyInPackage><UnitOfMeasurePrice>0.0380</UnitOfMeasurePrice><AllowDiscount>0</AllowDiscount><ItemStatus>1</ItemStatus><ItemPrice>7.60</ItemPrice></item><item><PriceUpdateDate>2015-11-12 16:43:46</PriceUpdateDate><ItemCode>7290003009336</ItemCode><ItemType>1</ItemType><ItemName>קבוקים גת שקית 200 ג</ItemName><ManufacturerName>ליימן חטיבת המותגים</ManufacturerName><ManufactureCountry>ישראל</ManufactureCountry><ManufacturerItemDescription>קבוקים מצופים 200 גרם</ManufacturerItemDescription><SoldByWeight/><Quantity>200.00</Quantity><UnitOfMeasure>גרם     </UnitOfMeasure><QtyInPackage>לא ידוע</QtyInPackage><UnitOfMeasurePrice>0.0380</UnitOfMeasurePrice><AllowDiscount>0</AllowDiscount><ItemStatus>1</ItemStatus><ItemPrice>7.60</ItemPrice></item><item><PriceUpdateDate>2015-12-02 07:07:32</PriceUpdateDate><ItemCode>7290003009640</ItemCode><ItemType>1</ItemType><ItemName>מיץ פריגת סחוט תפוזי</ItemName><ManufacturerName>פריגת</ManufacturerName><ManufactureCountry>ישראל</ManufactureCountry><ManufacturerItemDescription>מיץ סחוט תפוזים 1 ל</ManufacturerItemDescription><SoldByWeight/><Quantity>1000.00</Quantity><UnitOfMeasure>מ"ל</UnitOfMeasure><QtyInPackage>לא ידוע</QtyInPackage><UnitOfMeasurePrice>0.0172</UnitOfMeasurePrice><AllowDiscount>0</AllowDiscount><ItemStatus>1</ItemStatus><ItemPrice>17.20</ItemPrice></item><item><PriceUpdateDate>2015-12-02 07:07:32</PriceUpdateDate><ItemCode>7290003009657</ItemCode><ItemType>1</ItemType><ItemName>מיץ פריגת סחוט אשכול</ItemName><ManufacturerName>פריגת</ManufacturerName><ManufactureCountry>ישראל</ManufactureCountry><ManufacturerItemDescription>מיץ סחוט אשכוליות 1 ל</ManufacturerItemDescription><SoldByWeight/><Quantity>1000.00</Quantity><UnitOfMeasure>מ"ל</UnitOfMeasure><QtyInPackage>לא ידוע</QtyInPackage><UnitOfMeasurePrice>0.0172</UnitOfMeasurePrice><AllowDiscount>0</AllowDiscount><ItemStatus>1</ItemStatus><ItemPrice>17.20</ItemPrice></item><item><PriceUpdateDate>2016-05-30 22:03:50</PriceUpdateDate><ItemCode>7290003023165</ItemCode><ItemType>1</ItemType><ItemName>שוקו כד 1.5% יטבתה 2</ItemName><ManufacturerName>יטבתה</ManufacturerName><ManufactureCountry>ישראל</ManufactureCountry><ManufacturerItemDescription>שוקו2 ל.בכד פלסטיק</ManufacturerItemDescription><SoldByWeight/><Quantity>2000.00</Quantity><UnitOfMeasure>מ"ל</UnitOfMeasure><QtyInPackage>לא ידוע</QtyInPackage><UnitOfMeasurePrice>0.0099</UnitOfMeasurePrice><AllowDiscount>1</AllowDiscount><ItemStatus>1</ItemStatus><ItemPrice>19.90</ItemPrice></item><item><PriceUpdateDate>2016-03-01 06:43:20</PriceUpdateDate><ItemCode>7290003026029</ItemCode><ItemType>1</ItemType><ItemName>קמיל בלו סנסיטיב אלד</ItemName><ManufacturerName>קמיל בלו</ManufacturerName><ManufactureCountry>ישראל</ManufactureCountry><ManufacturerItemDescription>קמיל בלו סנסיטיב אלד</ManufacturerItemDescription><SoldByWeight/><Quantity>500.00</Quantity><UnitOfMeasure>מ"ל</UnitOfMeasure><QtyInPackage>לא ידוע</QtyInPackage><UnitOfMeasurePrice>0.0410</UnitOfMeasurePrice><AllowDiscount>1</AllowDiscount><ItemStatus>1</ItemStatus><ItemPrice>20.50</ItemPrice></item><item><PriceUpdateDate>2015-11-16 09:47:12</PriceUpdateDate><ItemCode>7290003029037</ItemCode><ItemType>1</ItemType><ItemName>שוקו יטבתה בקרטון 50</ItemName><ManufacturerName>יטבתה</ManufacturerName><ManufactureCountry>ישראל</ManufactureCountry><ManufacturerItemDescription>שוקו יוטבתה בקרטון+פקק500</ManufacturerItemDescription><SoldByWeight/><Quantity>500.00</Quantity><UnitOfMeasure>מ"ל</UnitOfMeasure><QtyInPackage>לא ידוע</QtyInPackage><UnitOfMeasurePrice>0.0142</UnitOfMeasurePrice><AllowDiscount>1</AllowDiscount><ItemStatus>1</ItemStatus><ItemPrice>7.10</ItemPrice></item><item><PriceUpdateDate>2016-03-16 15:40:43</PriceUpdateDate><ItemCode>7290003029181</ItemCode><ItemType>1</ItemType><ItemName>שוקו יטבתה בקבוק 1 ל</ItemName><ManufacturerName>יטבתה</ManufacturerName><ManufactureCountry>ישראל</ManufactureCountry><ManufacturerItemDescription>שוקו יוטבתה1 ל.בקבוק</ManufacturerItemDescription><SoldByWeight/><Quantity>1000.00</Quantity><UnitOfMeasure>מ"ל</UnitOfMeasure><QtyInPackage>לא ידוע</QtyInPackage><UnitOfMeasurePrice>0.0119</UnitOfMeasurePrice><AllowDiscount>1</AllowDiscount><ItemStatus>1</ItemStatus><ItemPrice>11.90</ItemPrice></item><item><PriceUpdateDate>2016-03-16 15:40:43</PriceUpdateDate><ItemCode>7290003029372</ItemCode><ItemType>1</ItemType><ItemName>משקה בננה יטבתה 1 לי</ItemName><ManufacturerName>יטבתה</ManufacturerName><ManufactureCountry>ישראל</ManufactureCountry><ManufacturerItemDescription>משקה חלב בננה 1  ליטר בקב</ManufacturerItemDescription><SoldByWeight/><Quantity>1000.00</Quantity><UnitOfMeasure>מ"ל</UnitOfMeasure><QtyInPackage>לא ידוע</QtyInPackage><UnitOfMeasurePrice>0.0119</UnitOfMeasurePrice><AllowDiscount>1</AllowDiscount><ItemStatus>1</ItemStatus><ItemPrice>11.90</ItemPrice></item><item><PriceUpdateDate>2016-03-16 15:40:43</PriceUpdateDate><ItemCode>7290003029433</ItemCode><ItemType>1</ItemType><ItemName>שוקו יטבתה עם פקק 25</ItemName><ManufacturerName>יטבתה</ManufacturerName><ManufactureCountry>ישראל</ManufactureCountry><ManufacturerItemDescription>שוקו יטבתה ספורטאים 250 מ</ManufacturerItemDescription><SoldByWeight/><Quantity>250.00</Quantity><UnitOfMeasure>מ"ל</UnitOfMeasure><QtyInPackage>לא ידוע</QtyInPackage><UnitOfMeasurePrice>0.0212</UnitOfMeasurePrice><AllowDiscount>1</AllowDiscount><ItemStatus>1</ItemStatus><ItemPrice>5.30</ItemPrice></item><item><PriceUpdateDate>2016-03-16 15:40:43</PriceUpdateDate><ItemCode>7290003029532</ItemCode><ItemType>1</ItemType><ItemName>מוקה יטבתה 1 ליטר</ItemName><ManufacturerName>יטבתה</ManufacturerName><ManufactureCountry>ישראל</ManufactureCountry><ManufacturerItemDescription>מוקה יוטבתה 1 ליטר</ManufacturerItemDescription><SoldByWeight/><Quantity>1000.00</Quantity><UnitOfMeasure>מ"ל</UnitOfMeasure><QtyInPackage>לא ידוע</QtyInPackage><UnitOfMeasurePrice>0.0119</UnitOfMeasurePrice><AllowDiscount>1</AllowDiscount><ItemStatus>1</ItemStatus><ItemPrice>11.90</ItemPrice></item><item><PriceUpdateDate>2016-05-30 22:03:50</PriceUpdateDate><ItemCode>7290003029792</ItemCode><ItemType>1</ItemType><ItemName>שוקו בשקית מארז 8* 2</ItemName><ManufacturerName>יטבתה</ManufacturerName><ManufactureCountry>ישראל</ManufactureCountry><ManufacturerItemDescription>מארז שוקו יוטבתה שמיניה</ManufacturerItemDescription><SoldByWeight/><Quantity>1800.00</Quantity><UnitOfMeasure>מ"ל</UnitOfMeasure><QtyInPackage>לא ידוע</QtyInPackage><UnitOfMeasurePrice>0.0110</UnitOfMeasurePrice><AllowDiscount>1</AllowDiscount><ItemStatus>1</ItemStatus><ItemPrice>19.80</ItemPrice></item><item><PriceUpdateDate>2016-06-15 07:10:46</PriceUpdateDate><ItemCode>7290003029815</ItemCode><ItemType>1</ItemType><ItemName>חלב מועשר 3% מהדרין</ItemName><ManufacturerName>יטבתה</ManufacturerName><ManufactureCountry>ישראל</ManufactureCountry><ManufacturerItemDescription>חלב מועשר 2 3% ליטר</ManufacturerItemDescription><SoldByWeight/><Quantity>2000.00</Quantity><UnitOfMeasure>מ"ל</UnitOfMeasure><QtyInPackage>לא ידוע</QtyInPackage><UnitOfMeasurePrice>0.0080</UnitOfMeasurePrice><AllowDiscount>1</AllowDiscount><ItemStatus>1</ItemStatus><ItemPrice>15.90</ItemPrice></item><item><PriceUpdateDate>2016-03-16 15:40:43</PriceUpdateDate><ItemCode>7290003029907</ItemCode><ItemType>1</ItemType><ItemName>אייס קפה יטבתה 1 ליט</ItemName><ManufacturerName>יטבתה</ManufacturerName><ManufactureCountry>ישראל</ManufactureCountry><ManufacturerItemDescription>קפה יטבתה 1 ליטר</ManufacturerItemDescription><SoldByWeight/><Quantity>1000.00</Quantity><UnitOfMeasure>מ"ל</UnitOfMeasure><QtyInPackage>לא ידוע</QtyInPackage><UnitOfMeasurePrice>0.0119</UnitOfMeasurePrice><AllowDiscount>1</AllowDiscount><ItemStatus>1</ItemStatus><ItemPrice>11.90</ItemPrice></item><item><PriceUpdateDate>2015-11-12 14:23:23</PriceUpdateDate><ItemCode>7290003047635</ItemCode><ItemType>1</ItemType><ItemName>תה ליפטון 25 שקיקים</ItemName><ManufacturerName>ליפטון</ManufacturerName><ManufactureCountry>הודו</ManufactureCountry><ManufacturerItemDescription>נשכן            ת נובי</ManufacturerItemDescription><SoldByWeight/><Quantity>50.00</Quantity><UnitOfMeasure>גרם     </UnitOfMeasure><QtyInPackage>לא ידוע</QtyInPackage><UnitOfMeasurePrice>0.1560</UnitOfMeasurePrice><AllowDiscount>1</AllowDiscount><ItemStatus>1</ItemStatus><ItemPrice>7.80</ItemPrice></item><item><PriceUpdateDate>2016-06-01 06:32:22</PriceUpdateDate><ItemCode>7290003047642</ItemCode><ItemType>1</ItemType><ItemName>מב תה ליפטון 1.5 גרם</ItemName><ManufacturerName>ליפטון</ManufacturerName><ManufactureCountry>הודו</ManufactureCountry><ManufacturerItemDescription>מוצץ בבליסטר     3 יח'</ManufacturerItemDescription><SoldByWeight/><Quantity>200.00</Quantity><UnitOfMeasure>גרם     </UnitOfMeasure><QtyInPackage>לא ידוע</QtyInPackage><UnitOfMeasurePrice>0.0845</UnitOfMeasurePrice><AllowDiscount>1</AllowDiscount><ItemStatus>1</ItemStatus><ItemPrice>16.90</ItemPrice></item><item><PriceUpdateDate>2014-11-03 06:38:03</PriceUpdateDate><ItemCode>7290003054015</ItemCode><ItemType>1</ItemType><ItemName>מלח מופחת נתרן לוסלט</ItemName><ManufacturerName>LO SALT</ManufacturerName><ManufactureCountry>ישראל</ManufactureCountry><ManufacturerItemDescription>מלח מופחת נתרן לוסלט</ManufacturerItemDescription><SoldByWeight/><Quantity>350.00</Quantity><UnitOfMeasure>גרם     </UnitOfMeasure><QtyInPackage>לא ידוע</QtyInPackage><UnitOfMeasurePrice>0.0554</UnitOfMeasurePrice><AllowDiscount>1</AllowDiscount><ItemStatus>1</ItemStatus><ItemPrice>19.40</ItemPrice></item><item><PriceUpdateDate>2014-11-03 06:38:03</PriceUpdateDate><ItemCode>7290003054206</ItemCode><ItemType>1</ItemType><ItemName>לחם שיפון עם זרעי חמ</ItemName><ManufacturerName>מסטמכר</ManufacturerName><ManufactureCountry>גרמניה</ManufactureCountry><ManufacturerItemDescription>מסטמכר לחם שיפון עם זרעי</ManufacturerItemDescription><SoldByWeight/><Quantity>500.00</Quantity><UnitOfMeasure>גרם     </UnitOfMeasure><QtyInPackage>לא ידוע</QtyInPackage><UnitOfMeasurePrice>0.0348</UnitOfMeasurePrice><AllowDiscount>1</AllowDiscount><ItemStatus>1</ItemStatus><ItemPrice>17.40</ItemPrice></item><item><PriceUpdateDate>2014-11-03 06:38:03</PriceUpdateDate><ItemCode>7290003054220</ItemCode><ItemType>1</ItemType><ItemName>לחם שיפון פומפרניקל</ItemName><ManufacturerName>מסטמכר</ManufacturerName><ManufactureCountry>גרמניה</ManufactureCountry><ManufacturerItemDescription>מסטמכר לחם שיפון פומפרניק</ManufacturerItemDescription><SoldByWeight/><Quantity>500.00</Quantity><UnitOfMeasure>גרם     </UnitOfMeasure><QtyInPackage>לא ידוע</QtyInPackage><UnitOfMeasurePrice>0.0348</UnitOfMeasurePrice><AllowDiscount>1</AllowDiscount><ItemStatus>1</ItemStatus><ItemPrice>17.40</ItemPrice></item><item><PriceUpdateDate>2016-05-30 22:03:51</PriceUpdateDate><ItemCode>7290003054657</ItemCode><ItemType>1</ItemType><ItemName>חרדל דיז''ון אקסטרה</ItemName><ManufacturerName>Reine Dijon</ManufacturerName><ManufactureCountry>צרפת</ManufactureCountry><ManufacturerItemDescription>חרדל דיגון אקסטרא פורטה 3</ManufacturerItemDescription><SoldByWeight/><Quantity>370.00</Quantity><UnitOfMeasure>גרם     </UnitOfMeasure><QtyInPackage>לא ידוע</QtyInPackage><UnitOfMeasurePrice>0.0359</UnitOfMeasurePrice><AllowDiscount>1</AllowDiscount><ItemStatus>1</ItemStatus><ItemPrice>13.30</ItemPrice></item><item><PriceUpdateDate>2016-05-29 11:19:50</PriceUpdateDate><ItemCode>7290003069583</ItemCode><ItemType>3</ItemType><ItemName>סטייק סלמון נורווגי</ItemName><ManufacturerName>דלידג</ManufacturerName><ManufactureCountry>ישראל</ManufactureCountry><ManufacturerItemDescription>סטייק סלמון נורווגי</ManufacturerItemDescription><SoldByWeight/><Quantity>1.00</Quantity><UnitOfMeasure>ק"ג</UnitOfMeasure><QtyInPackage>לא ידוע</QtyInPackage><UnitOfMeasurePrice>64.9000</UnitOfMeasurePrice><AllowDiscount>1</AllowDiscount><ItemStatus>1</ItemStatus><ItemPrice>64.90</ItemPrice></item><item><PriceUpdateDate>2016-05-30 22:03:51</PriceUpdateDate><ItemCode>7290003069682</ItemCode><ItemType>1</ItemType><ItemName>מב בצק פילאס 500 גרם</ItemName><ManufacturerName>שלושת האופים</ManufacturerName><ManufactureCountry>ישראל</ManufactureCountry><ManufacturerItemDescription>מב בצק פילאס 500 גרם</ManufacturerItemDescription><SoldByWeight/><Quantity>500.00</Quantity><UnitOfMeasure>גרם     </UnitOfMeasure><QtyInPackage>לא ידוע</QtyInPackage><UnitOfMeasurePrice>0.0318</UnitOfMeasurePrice><AllowDiscount>1</AllowDiscount><ItemStatus>1</ItemStatus><ItemPrice>15.90</ItemPrice></item><item><PriceUpdateDate>2014-11-03 06:37:48</PriceUpdateDate><ItemCode>7290003102976</ItemCode><ItemType>1</ItemType><ItemName>קסמי אוזניים קופסה פ</ItemName><ManufacturerName>לא ידוע</ManufacturerName><ManufactureCountry>ישראל</ManufactureCountry><ManufacturerItemDescription>קסמי אוזניים קופסה פ</ManufacturerItemDescription><SoldByWeight/><Quantity>200.00</Quantity><UnitOfMeasure>יח'</UnitOfMeasure><QtyInPackage>לא ידוע</QtyInPackage><UnitOfMeasurePrice>0.0235</UnitOfMeasurePrice><AllowDiscount>1</AllowDiscount><ItemStatus>1</ItemStatus><ItemPrice>4.70</ItemPrice></item><item><PriceUpdateDate>2015-11-12 15:04:31</PriceUpdateDate><ItemCode>7290003109241</ItemCode><ItemType>1</ItemType><ItemName>עוגיות מלוחות  400 ג</ItemName><ManufacturerName>אפיפית</ManufacturerName><ManufactureCountry>ישראל</ManufactureCountry><ManufacturerItemDescription>עוגיות מלוחות  400 ג</ManufacturerItemDescription><SoldByWeight/><Quantity>300.00</Quantity><UnitOfMeasure>גרם     </UnitOfMeasure><QtyInPackage>לא ידוע</QtyInPackage><UnitOfMeasurePrice>0.0590</UnitOfMeasurePrice><AllowDiscount>1</AllowDiscount><ItemStatus>1</ItemStatus><ItemPrice>17.70</ItemPrice></item><item><PriceUpdateDate>2016-03-16 15:40:43</PriceUpdateDate><ItemCode>7290003119110</ItemCode><ItemType>1</ItemType><ItemName>קוקה קולה שישייה. 1.</ItemName><ManufacturerName>קוקה קולה</ManufacturerName><ManufactureCountry>ישראל</ManufactureCountry><ManufacturerItemDescription>קוקה קולה 1.5 ל</ManufacturerItemDescription><SoldByWeight/><Quantity>9000.00</Quantity><UnitOfMeasure>מ"ל</UnitOfMeasure><QtyInPackage>לא ידוע</QtyInPackage><UnitOfMeasurePrice>0.0040</UnitOfMeasurePrice><AllowDiscount>1</AllowDiscount><ItemStatus>1</ItemStatus><ItemPrice>35.90</ItemPrice></item><item><PriceUpdateDate>2016-03-16 15:40:43</PriceUpdateDate><ItemCode>7290003119165</ItemCode><ItemType>1</ItemType><ItemName>קוקה קולה דיאט שישיי</ItemName><ManufacturerName>דיאט קוקה קולה</ManufacturerName><ManufactureCountry>ישראל</ManufactureCountry><ManufacturerItemDescription>קוקה קולה דיאט1.5 ל</ManufacturerItemDescription><SoldByWeight/><Quantity>9000.00</Quantity><UnitOfMeasure>מ"ל</UnitOfMeasure><QtyInPackage>לא ידוע</QtyInPackage><UnitOfMeasurePrice>0.0040</UnitOfMeasurePrice><AllowDiscount>1</AllowDiscount><ItemStatus>1</ItemStatus><ItemPrice>35.90</ItemPrice></item><item><PriceUpdateDate>2015-10-22 16:07:06</PriceUpdateDate><ItemCode>7290003121083</ItemCode><ItemType>1</ItemType><ItemName>מג'יק אטריות בט. בשר</ItemName><ManufacturerName>מגיק</ManufacturerName><ManufactureCountry>ישראל</ManufactureCountry><ManufacturerItemDescription>מג'יק אטריות בט. בשר</ManufacturerItemDescription><SoldByWeight/><Quantity>14.00</Quantity><UnitOfMeasure>גרם     </UnitOfMeasure><QtyInPackage>לא ידוע</QtyInPackage><UnitOfMeasurePrice>0.3000</UnitOfMeasurePrice><AllowDiscount>1</AllowDiscount><ItemStatus>1</ItemStatus><ItemPrice>4.20</ItemPrice></item><item><PriceUpdateDate>2015-10-22 16:07:06</PriceUpdateDate><ItemCode>7290003121090</ItemCode><ItemType>1</ItemType><ItemName>מג'ק אטריות בטעם מרק</ItemName><ManufacturerName>מגיק</ManufacturerName><ManufactureCountry>ישראל</ManufactureCountry><ManufacturerItemDescription>מג'ק אטריות בטעם מרק</ManufacturerItemDescription><SoldByWeight/><Quantity>14.00</Quantity><UnitOfMeasure>גרם     </UnitOfMeasure><QtyInPackage>לא ידוע</QtyInPackage><UnitOfMeasurePrice>0.3000</UnitOfMeasurePrice><AllowDiscount>1</AllowDiscount><ItemStatus>1</ItemStatus><ItemPrice>4.20</ItemPrice></item><item><PriceUpdateDate>2015-10-22 16:07:06</PriceUpdateDate><ItemCode>7290003121106</ItemCode><ItemType>1</ItemType><ItemName>מג'יק אטריות בטעם מר</ItemName><ManufacturerName>מג'יק</ManufacturerName><ManufactureCountry>ישראל</ManufactureCountry><ManufacturerItemDescription>מג'יק אטריות בטעם מר</ManufacturerItemDescription><SoldByWeight/><Quantity>14.00</Quantity><UnitOfMeasure>גרם     </UnitOfMeasure><QtyInPackage>לא ידוע</QtyInPackage><UnitOfMeasurePrice>0.3000</UnitOfMeasurePrice><AllowDiscount>1</AllowDiscount><ItemStatus>1</ItemStatus><ItemPrice>4.20</ItemPrice></item><item><PriceUpdateDate>2015-10-21 14:06:43</PriceUpdateDate><ItemCode>7290003126712</ItemCode><ItemType>1</ItemType><ItemName>יוגורט עיזים טבעי 15</ItemName><ManufacturerName>משק צוריאל</ManufacturerName><ManufactureCountry>ישראל</ManufactureCountry><ManufacturerItemDescription>יוגורט עיזים 150 3.9% גר</ManufacturerItemDescription><SoldByWeight/><Quantity>140.00</Quantity><UnitOfMeasure>מ"ל</UnitOfMeasure><QtyInPackage>לא ידוע</QtyInPackage><UnitOfMeasurePrice>0.0493</UnitOfMeasurePrice><AllowDiscount>0</AllowDiscount><ItemStatus>1</ItemStatus><ItemPrice>6.90</ItemPrice></item><item><PriceUpdateDate>2015-10-21 14:06:43</PriceUpdateDate><ItemCode>7290003126958</ItemCode><ItemType>1</ItemType><ItemName>טופו טבעי 300 גרם</ItemName><ManufacturerName>משק צוריאל</ManufacturerName><ManufactureCountry>ארצות הברית</ManufactureCountry><ManufacturerItemDescription>טופו גולמי ואקום 300 גר</ManufacturerItemDescription><SoldByWeight/><Quantity>300.00</Quantity><UnitOfMeasure>גרם     </UnitOfMeasure><QtyInPackage>לא ידוע</QtyInPackage><UnitOfMeasurePrice>0.0463</UnitOfMeasurePrice><AllowDiscount>1</AllowDiscount><ItemStatus>1</ItemStatus><ItemPrice>13.90</ItemPrice></item><item><PriceUpdateDate>2016-03-29 13:00:31</PriceUpdateDate><ItemCode>7290003133123</ItemCode><ItemType>1</ItemType><ItemName>לחם רוסי זהב עגול 75</ItemName><ManufacturerName>שיבולת הזהב</ManufacturerName><ManufactureCountry>ישראל</ManufactureCountry><ManufacturerItemDescription>לחם רוסי זהב עגול 75</ManufacturerItemDescription><SoldByWeight/><Quantity>750.00</Quantity><UnitOfMeasure>גרם     </UnitOfMeasure><QtyInPackage>לא ידוע</QtyInPackage><UnitOfMeasurePrice>0.0231</UnitOfMeasurePrice><AllowDiscount>1</AllowDiscount><ItemStatus>1</ItemStatus><ItemPrice>17.30</ItemPrice></item><item><PriceUpdateDate>2015-11-12 16:43:46</PriceUpdateDate><ItemCode>7290003140237</ItemCode><ItemType>1</ItemType><ItemName>סילאן לחיץ קליית גת</ItemName><ManufacturerName>קליית גת</ManufacturerName><ManufactureCountry>ישראל</ManufactureCountry><ManufacturerItemDescription>סילאן לחיץ קליית גת</ManufacturerItemDescription><SoldByWeight/><Quantity>360.00</Quantity><UnitOfMeasure>גרם     </UnitOfMeasure><QtyInPackage>לא ידוע</QtyInPackage><UnitOfMeasurePrice>0.0422</UnitOfMeasurePrice><AllowDiscount>1</AllowDiscount><ItemStatus>1</ItemStatus><ItemPrice>15.20</ItemPrice></item><item><PriceUpdateDate>2015-03-09 08:27:34</PriceUpdateDate><ItemCode>7290003141425</ItemCode><ItemType>1</ItemType><ItemName>טופי יוגטה 200 גרם</ItemName><ManufacturerName>יוגטה</ManufacturerName><ManufactureCountry>ישראל</ManufactureCountry><ManufacturerItemDescription>טופי 200 גר יוגטה</ManufacturerItemDescription><SoldByWeight/><Quantity>200.00</Quantity><UnitOfMeasure>גרם     </UnitOfMeasure><QtyInPackage>לא ידוע</QtyInPackage><UnitOfMeasurePrice>0.0495</UnitOfMeasurePrice><AllowDiscount>1</AllowDiscount><ItemStatus>1</ItemStatus><ItemPrice>9.90</ItemPrice></item><item><PriceUpdateDate>2015-11-12 16:43:46</PriceUpdateDate><ItemCode>7290003142422</ItemCode><ItemType>1</ItemType><ItemName>גרעיני חמניה 180 גרם</ItemName><ManufacturerName>ליימן חטיבת המותגים</ManufacturerName><ManufactureCountry>ישראל</ManufactureCountry><ManufacturerItemDescription>גרעיני חמניה 180 גרם</ManufacturerItemDescription><SoldByWeight/><Quantity>180.00</Quantity><UnitOfMeasure>גרם     </UnitOfMeasure><QtyInPackage>לא ידוע</QtyInPackage><UnitOfMeasurePrice>0.0433</UnitOfMeasurePrice><AllowDiscount>1</AllowDiscount><ItemStatus>1</ItemStatus><ItemPrice>7.80</ItemPrice></item><item><PriceUpdateDate>2015-10-21 13:55:22</PriceUpdateDate><ItemCode>7290003142477</ItemCode><ItemType>1</ItemType><ItemName>ערמונים קלופים וקלוי</ItemName><ManufacturerName>לא ממותג</ManufacturerName><ManufactureCountry>ישראל</ManufactureCountry><ManufacturerItemDescription>ערמונים קלופים וקלוי</ManufacturerItemDescription><SoldByWeight/><Quantity>100.00</Quantity><UnitOfMeasure>גרם     </UnitOfMeasure><QtyInPackage>לא ידוע</QtyInPackage><UnitOfMeasurePrice>0.0870</UnitOfMeasurePrice><AllowDiscount>1</AllowDiscount><ItemStatus>1</ItemStatus><ItemPrice>8.70</ItemPrice></item><item><PriceUpdateDate>2016-05-30 22:03:51</PriceUpdateDate><ItemCode>7290003143139</ItemCode><ItemType>1</ItemType><ItemName>סילאן 900 גרם קליית</ItemName><ManufacturerName>לא ממותג</ManufacturerName><ManufactureCountry>ישראל</ManufactureCountry><ManufacturerItemDescription>סילאן 900 גרם קליית</ManufacturerItemDescription><SoldByWeight/><Quantity>900.00</Quantity><UnitOfMeasure>גרם     </UnitOfMeasure><QtyInPackage>לא ידוע</QtyInPackage><UnitOfMeasurePrice>0.0221</UnitOfMeasurePrice><AllowDiscount>1</AllowDiscount><ItemStatus>1</ItemStatus><ItemPrice>19.90</ItemPrice></item><item><PriceUpdateDate>2016-05-16 18:37:41</PriceUpdateDate><ItemCode>7290003143146</ItemCode><ItemType>1</ItemType><ItemName>ממרח תמרים קליית גת</ItemName><ManufacturerName>לא ממותג</ManufacturerName><ManufactureCountry>ישראל</ManufactureCountry><ManufacturerItemDescription>ממרח תמרים קליית גת</ManufacturerItemDescription><SoldByWeight/><Quantity>450.00</Quantity><UnitOfMeasure>גרם     </UnitOfMeasure><QtyInPackage>לא ידוע</QtyInPackage><UnitOfMeasurePrice>0.0167</UnitOfMeasurePrice><AllowDiscount>1</AllowDiscount><ItemStatus>1</ItemStatus><ItemPrice>7.50</ItemPrice></item><item><PriceUpdateDate>2014-11-03 06:38:42</PriceUpdateDate><ItemCode>7290003143191</ItemCode><ItemType>1</ItemType><ItemName>צ'וקטה עדשי שוקולד ח</ItemName><ManufacturerName>יוגטה</ManufacturerName><ManufactureCountry>ספרד</ManufactureCountry><ManufacturerItemDescription>עדשי שוקולד צוקטה</ManufacturerItemDescription><SoldByWeight/><Quantity>100.00</Quantity><UnitOfMeasure>גרם     </UnitOfMeasure><QtyInPackage>לא ידוע</QtyInPackage><UnitOfMeasurePrice>0.0760</UnitOfMeasurePrice><AllowDiscount>1</AllowDiscount><ItemStatus>1</ItemStatus><ItemPrice>7.60</ItemPrice></item><item><PriceUpdateDate>2015-02-02 08:35:38</PriceUpdateDate><ItemCode>7290003143252</ItemCode><ItemType>1</ItemType><ItemName>צ'וקטה שוקולד חלב ממ</ItemName><ManufacturerName>יוגטה</ManufacturerName><ManufactureCountry>ישראל</ManufactureCountry><ManufacturerItemDescription>צ'וקטה שוקולד חלב ממ</ManufacturerItemDescription><SoldByWeight/><Quantity>100.00</Quantity><UnitOfMeasure>גרם     </UnitOfMeasure><QtyInPackage>לא ידוע</QtyInPackage><UnitOfMeasurePrice>0.0790</UnitOfMeasurePrice><AllowDiscount>1</AllowDiscount><ItemStatus>1</ItemStatus><ItemPrice>7.90</ItemPrice></item><item><PriceUpdateDate>2016-03-23 09:37:48</PriceUpdateDate><ItemCode>7290003143276</ItemCode><ItemType>1</ItemType><ItemName>מרשמלו מגולגל יוגטה</ItemName><ManufacturerName>יוגטה</ManufacturerName><ManufactureCountry>ישראל</ManufactureCountry><ManufacturerItemDescription>מרשמלו מגולגל יוגטה</ManufacturerItemDescription><SoldByWeight/><Quantity>180.00</Quantity><UnitOfMeasure>גרם     </UnitOfMeasure><QtyInPackage>לא ידוע</QtyInPackage><UnitOfMeasurePrice>0.0511</UnitOfMeasurePrice><AllowDiscount>1</AllowDiscount><ItemStatus>1</ItemStatus><ItemPrice>9.20</ItemPrice></item><item><PriceUpdateDate>2016-03-30 06:50:05</PriceUpdateDate><ItemCode>7290003144068</ItemCode><ItemType>1</ItemType><ItemName>מב שוקולד מריר 60% מ</ItemName><ManufacturerName>יוגטה</ManufacturerName><ManufactureCountry>ספרד</ManufactureCountry><ManufacturerItemDescription>טואלט דאק זוג   750*מ"ל</ManufacturerItemDescription><SoldByWeight/><Quantity>300.00</Quantity><UnitOfMeasure>גרם     </UnitOfMeasure><QtyInPackage>לא ידוע</QtyInPackage><UnitOfMeasurePrice>0.0333</UnitOfMeasurePrice><AllowDiscount>1</AllowDiscount><ItemStatus>1</ItemStatus><ItemPrice>10.00</ItemPrice></item><item><PriceUpdateDate>2016-05-30 22:03:51</PriceUpdateDate><ItemCode>7290003144082</ItemCode><ItemType>1</ItemType><ItemName>מב צ'וקטה עוגות אישי</ItemName><ManufacturerName>יוגטה</ManufacturerName><ManufactureCountry>ישראל</ManufactureCountry><ManufacturerItemDescription>מב צ'וקטה עוגות אישי</ManufacturerItemDescription><SoldByWeight/><Quantity>300.00</Quantity><UnitOfMeasure>גרם     </UnitOfMeasure><QtyInPackage>לא ידוע</QtyInPackage><UnitOfMeasurePrice>0.0363</UnitOfMeasurePrice><AllowDiscount>1</AllowDiscount><ItemStatus>1</ItemStatus><ItemPrice>10.90</ItemPrice></item><item><PriceUpdateDate>2016-05-30 22:03:51</PriceUpdateDate><ItemCode>7290003144105</ItemCode><ItemType>1</ItemType><ItemName>מב צ'וקטה עוגות אישי</ItemName><ManufacturerName>לא ממותג</ManufacturerName><ManufactureCountry>לא ידוע</ManufactureCountry><ManufacturerItemDescription>מב צ'וקטה עוגות אישי</ManufacturerItemDescription><SoldByWeight/><Quantity>300.00</Quantity><UnitOfMeasure>גרם     </UnitOfMeasure><QtyInPackage>לא ידוע</QtyInPackage><UnitOfMeasurePrice>0.0363</UnitOfMeasurePrice><AllowDiscount>1</AllowDiscount><ItemStatus>1</ItemStatus><ItemPrice>10.90</ItemPrice></item><item><PriceUpdateDate>2016-05-30 22:03:51</PriceUpdateDate><ItemCode>7290003144310</ItemCode><ItemType>1</ItemType><ItemName>מב תערובת אגוזים וחמ</ItemName><ManufacturerName>קליית גת</ManufacturerName><ManufactureCountry>לא ידוע</ManufactureCountry><ManufacturerItemDescription>מב תערובת אגוזים וחמ</ManufacturerItemDescription><SoldByWeight/><Quantity>150.00</Quantity><UnitOfMeasure>גרם     </UnitOfMeasure><QtyInPackage>לא ידוע</QtyInPackage><UnitOfMeasurePrice>0.0927</UnitOfMeasurePrice><AllowDiscount>1</AllowDiscount><ItemStatus>1</ItemStatus><ItemPrice>13.90</ItemPrice></item><item><PriceUpdateDate>2016-05-30 22:03:51</PriceUpdateDate><ItemCode>7290003144440</ItemCode><ItemType>1</ItemType><ItemName>שוקולד צ'וקטה חלב יש</ItemName><ManufacturerName>יוגטה</ManufacturerName><ManufactureCountry>ישראל</ManufactureCountry><ManufacturerItemDescription>שוקולד צ'וקטה חלב יש</ManufacturerItemDescription><SoldByWeight/><Quantity>100.00</Quantity><UnitOfMeasure>גרם     </UnitOfMeasure><QtyInPackage>לא ידוע</QtyInPackage><UnitOfMeasurePrice>0.0590</UnitOfMeasurePrice><AllowDiscount>1</AllowDiscount><ItemStatus>1</ItemStatus><ItemPrice>5.90</ItemPrice></item><item><PriceUpdateDate>2016-05-30 22:03:51</PriceUpdateDate><ItemCode>7290003144457</ItemCode><ItemType>1</ItemType><ItemName>שוקולד צ'וקטה חלב 10</ItemName><ManufacturerName>יוגטה</ManufacturerName><ManufactureCountry>ישראל</ManufactureCountry><ManufacturerItemDescription>שוקולד צ'וקטה חלב 10</ManufacturerItemDescription><SoldByWeight/><Quantity>100.00</Quantity><UnitOfMeasure>גרם     </UnitOfMeasure><QtyInPackage>לא ידוע</QtyInPackage><UnitOfMeasurePrice>0.0590</UnitOfMeasurePrice><AllowDiscount>1</AllowDiscount><ItemStatus>1</ItemStatus><ItemPrice>5.90</ItemPrice></item><item><PriceUpdateDate>2016-03-23 09:37:48</PriceUpdateDate><ItemCode>7290003144501</ItemCode><ItemType>1</ItemType><ItemName>מרשמלו יוגטה כחול לב</ItemName><ManufacturerName>יוגטה</ManufacturerName><ManufactureCountry>ישראל</ManufactureCountry><ManufacturerItemDescription>מרשמלו יוגטה     גרם</ManufacturerItemDescription><SoldByWeight/><Quantity>180.00</Quantity><UnitOfMeasure>גרם     </UnitOfMeasure><QtyInPackage>לא ידוע</QtyInPackage><UnitOfMeasurePrice>0.0511</UnitOfMeasurePrice><AllowDiscount>1</AllowDiscount><ItemStatus>1</ItemStatus><ItemPrice>9.20</ItemPrice></item><item><PriceUpdateDate>2016-05-30 22:03:51</PriceUpdateDate><ItemCode>7290003144525</ItemCode><ItemType>1</ItemType><ItemName>מב אבקת שוקו צ'וקטה</ItemName><ManufacturerName>שוקולית</ManufacturerName><ManufactureCountry>ישראל</ManufactureCountry><ManufacturerItemDescription>שוקולית עלית 500 גרם</ManufacturerItemDescription><SoldByWeight/><Quantity>400.00</Quantity><UnitOfMeasure>גרם     </UnitOfMeasure><QtyInPackage>לא ידוע</QtyInPackage><UnitOfMeasurePrice>0.0223</UnitOfMeasurePrice><AllowDiscount>1</AllowDiscount><ItemStatus>1</ItemStatus><ItemPrice>8.90</ItemPrice></item><item><PriceUpdateDate>2016-05-30 22:03:51</PriceUpdateDate><ItemCode>7290003144617</ItemCode><ItemType>1</ItemType><ItemName>מב שוקולד חלב מארז 3</ItemName><ManufacturerName>יוגטה</ManufacturerName><ManufactureCountry>ספרד</ManufactureCountry><ManufacturerItemDescription>טואלט דאק זוג   750*מ"ל</ManufacturerItemDescription><SoldByWeight/><Quantity>300.00</Quantity><UnitOfMeasure>גרם     </UnitOfMeasure><QtyInPackage>לא ידוע</QtyInPackage><UnitOfMeasurePrice>0.0333</UnitOfMeasurePrice><AllowDiscount>1</AllowDiscount><ItemStatus>1</ItemStatus><ItemPrice>10.00</ItemPrice></item><item><PriceUpdateDate>2016-04-01 11:49:50</PriceUpdateDate><ItemCode>7290003144624</ItemCode><ItemType>1</ItemType><ItemName>מרשמלו תות שדה יוגטה</ItemName><ManufacturerName>יוגטה</ManufacturerName><ManufactureCountry>ישראל</ManufactureCountry><ManufacturerItemDescription>מרשמלו תות שדה יוגטה</ManufacturerItemDescription><SoldByWeight/><Quantity>90.00</Quantity><UnitOfMeasure>גרם     </UnitOfMeasure><QtyInPackage>לא ידוע</QtyInPackage><UnitOfMeasurePrice>0.0556</UnitOfMeasurePrice><AllowDiscount>1</AllowDiscount><ItemStatus>1</ItemStatus><ItemPrice>5.00</ItemPrice></item><item><PriceUpdateDate>2016-05-30 22:03:52</PriceUpdateDate><ItemCode>7290003144877</ItemCode><ItemType>1</ItemType><ItemName>מב שקד פרוס מולבן 10</ItemName><ManufacturerName>קליית גת</ManufacturerName><ManufactureCountry>ישראל</ManufactureCountry><ManufacturerItemDescription>מב שקד פרוס מולבן 10</ManufacturerItemDescription><SoldByWeight/><Quantity>100.00</Quantity><UnitOfMeasure>גרם     </UnitOfMeasure><QtyInPackage>לא ידוע</QtyInPackage><UnitOfMeasurePrice>0.1290</UnitOfMeasurePrice><AllowDiscount>1</AllowDiscount><ItemStatus>1</ItemStatus><ItemPrice>12.90</ItemPrice></item><item><PriceUpdateDate>2016-05-30 22:03:52</PriceUpdateDate><ItemCode>7290003145751</ItemCode><ItemType>1</ItemType><ItemName>קשיו קלוי 200 גרם</ItemName><ManufacturerName>ליימן חטיבת המותגים</ManufacturerName><ManufactureCountry>ישראל</ManufactureCountry><ManufacturerItemDescription>אגוז קשיו קלוי 200 גרם</ManufacturerItemDescription><SoldByWeight/><Quantity>200.00</Quantity><UnitOfMeasure>גרם     </UnitOfMeasure><QtyInPackage>לא ידוע</QtyInPackage><UnitOfMeasurePrice>0.1185</UnitOfMeasurePrice><AllowDiscount>1</AllowDiscount><ItemStatus>1</ItemStatus><ItemPrice>23.70</ItemPrice></item><item><PriceUpdateDate>2015-11-12 16:43:46</PriceUpdateDate><ItemCode>7290003145782</ItemCode><ItemType>1</ItemType><ItemName>צנובר בשקית 100 גרם</ItemName><ManufacturerName>ליימן חטיבת המותגים</ManufacturerName><ManufactureCountry>ישראל</ManufactureCountry><ManufacturerItemDescription>צנובר בשקית 100 גרם</ManufacturerItemDescription><SoldByWeight/><Quantity>100.00</Quantity><UnitOfMeasure>גרם     </UnitOfMeasure><QtyInPackage>לא ידוע</QtyInPackage><UnitOfMeasurePrice>0.2960</UnitOfMeasurePrice><AllowDiscount>1</AllowDiscount><ItemStatus>1</ItemStatus><ItemPrice>29.60</ItemPrice></item><item><PriceUpdateDate>2016-01-05 08:49:17</PriceUpdateDate><ItemCode>7290003145959</ItemCode><ItemType>1</ItemType><ItemName>פקאן טבעי 150 גרם</ItemName><ManufacturerName>ליימן חטיבת המותגים</ManufacturerName><ManufactureCountry>ישראל</ManufactureCountry><ManufacturerItemDescription>פקאן טבעי 150 גרם</ManufacturerItemDescription><SoldByWeight/><Quantity>150.00</Quantity><UnitOfMeasure>גרם     </UnitOfMeasure><QtyInPackage>לא ידוע</QtyInPackage><UnitOfMeasurePrice>0.1513</UnitOfMeasurePrice><AllowDiscount>1</AllowDiscount><ItemStatus>1</ItemStatus><ItemPrice>22.70</ItemPrice></item><item><PriceUpdateDate>2015-10-20 16:50:26</PriceUpdateDate><ItemCode>7290003153831</ItemCode><ItemType>1</ItemType><ItemName>חטיף שוש אפוי 80 גרם</ItemName><ManufacturerName>שוש</ManufacturerName><ManufactureCountry>ישראל</ManufactureCountry><ManufacturerItemDescription>חטיף שוש אפוי 80 גרם</ManufacturerItemDescription><SoldByWeight/><Quantity>80.00</Quantity><UnitOfMeasure>גרם     </UnitOfMeasure><QtyInPackage>לא ידוע</QtyInPackage><UnitOfMeasurePrice>0.0575</UnitOfMeasurePrice><AllowDiscount>1</AllowDiscount><ItemStatus>1</ItemStatus><ItemPrice>4.60</ItemPrice></item><item><PriceUpdateDate>2016-05-30 22:03:52</PriceUpdateDate><ItemCode>7290003163939</ItemCode><ItemType>1</ItemType><ItemName>מב נקנקיות גריל 1.5</ItemName><ManufacturerName>מעדני הטלה והעגל</ManufacturerName><ManufactureCountry>ישראל</ManufactureCountry><ManufacturerItemDescription>מב נקנקיות גריל 1.5</ManufacturerItemDescription><SoldByWeight/><Quantity>1500.00</Quantity><UnitOfMeasure>יח'</UnitOfMeasure><QtyInPackage>לא ידוע</QtyInPackage><UnitOfMeasurePrice>0.0186</UnitOfMeasurePrice><AllowDiscount>1</AllowDiscount><ItemStatus>1</ItemStatus><ItemPrice>27.90</ItemPrice></item><item><PriceUpdateDate>2016-05-01 21:46:44</PriceUpdateDate><ItemCode>7290003169047</ItemCode><ItemType>1</ItemType><ItemName>חטיפי שומשום.בוטנים</ItemName><ManufacturerName>אחווה</ManufacturerName><ManufactureCountry>ישראל</ManufactureCountry><ManufacturerItemDescription>חטיפי שומשום.בוטנים</ManufacturerItemDescription><SoldByWeight/><Quantity>300.00</Quantity><UnitOfMeasure>גרם     </UnitOfMeasure><QtyInPackage>לא ידוע</QtyInPackage><UnitOfMeasurePrice>0.0707</UnitOfMeasurePrice><AllowDiscount>1</AllowDiscount><ItemStatus>1</ItemStatus><ItemPrice>21.20</ItemPrice></item><item><PriceUpdateDate>2016-03-01 06:49:12</PriceUpdateDate><ItemCode>7290003185719</ItemCode><ItemType>1</ItemType><ItemName>מב קבב רומני 500 גרם</ItemName><ManufacturerName>טיבון ויל</ManufacturerName><ManufactureCountry>ישראל</ManufactureCountry><ManufacturerItemDescription>קבב רומני500 גר</ManufacturerItemDescription><SoldByWeight/><Quantity>500.00</Quantity><UnitOfMeasure>גרם     </UnitOfMeasure><QtyInPackage>לא ידוע</QtyInPackage><UnitOfMeasurePrice>0.0378</UnitOfMeasurePrice><AllowDiscount>1</AllowDiscount><ItemStatus>1</ItemStatus><ItemPrice>18.90</ItemPrice></item><item><PriceUpdateDate>2016-03-01 06:49:12</PriceUpdateDate><ItemCode>7290003185726</ItemCode><ItemType>1</ItemType><ItemName>מב קבב מזרחי 500 גרם</ItemName><ManufacturerName>טיבון ויל</ManufacturerName><ManufactureCountry>ישראל</ManufactureCountry><ManufacturerItemDescription>קבב מזרחי 500 גר</ManufacturerItemDescription><SoldByWeight/><Quantity>500.00</Quantity><UnitOfMeasure>גרם     </UnitOfMeasure><QtyInPackage>לא ידוע</QtyInPackage><UnitOfMeasurePrice>0.0378</UnitOfMeasurePrice><AllowDiscount>1</AllowDiscount><ItemStatus>1</ItemStatus><ItemPrice>18.90</ItemPrice></item><item><PriceUpdateDate>2015-11-12 16:47:04</PriceUpdateDate><ItemCode>7290003189045</ItemCode><ItemType>3</ItemType><ItemName>כפיר הולנדית 22%</ItemName><ManufacturerName>כפיר</ManufacturerName><ManufactureCountry>ישראל</ManufactureCountry><ManufacturerItemDescription>כפיר הולנדית 22%</ManufacturerItemDescription><SoldByWeight/><Quantity>1.00</Quantity><UnitOfMeasure>ק"ג</UnitOfMeasure><QtyInPackage>לא ידוע</QtyInPackage><UnitOfMeasurePrice>38.8000</UnitOfMeasurePrice><AllowDiscount>1</AllowDiscount><ItemStatus>1</ItemStatus><ItemPrice>38.80</ItemPrice></item><item><PriceUpdateDate>2015-11-12 16:47:04</PriceUpdateDate><ItemCode>7290003189199</ItemCode><ItemType>3</ItemType><ItemName>כפיר מקסיקני חריפה 2</ItemName><ManufacturerName>כפיר</ManufacturerName><ManufactureCountry>ישראל</ManufactureCountry><ManufacturerItemDescription>כפיר מקסיקני חריפה 2</ManufacturerItemDescription><SoldByWeight/><Quantity>1.00</Quantity><UnitOfMeasure>ק"ג</UnitOfMeasure><QtyInPackage>לא ידוע</QtyInPackage><UnitOfMeasurePrice>40.8000</UnitOfMeasurePrice><AllowDiscount>1</AllowDiscount><ItemStatus>1</ItemStatus><ItemPrice>40.80</ItemPrice></item><item><PriceUpdateDate>2015-10-20 16:46:56</PriceUpdateDate><ItemCode>7290003189274</ItemCode><ItemType>3</ItemType><ItemName>כפיר מעושנת 22% נקני</ItemName><ManufacturerName>כפיר</ManufacturerName><ManufactureCountry>ישראל</ManufactureCountry><ManufacturerItemDescription>כפיר מעושנת 22% נקני</ManufacturerItemDescription><SoldByWeight/><Quantity>1.00</Quantity><UnitOfMeasure>ק"ג</UnitOfMeasure><QtyInPackage>לא ידוע</QtyInPackage><UnitOfMeasurePrice>41.0000</UnitOfMeasurePrice><AllowDiscount>1</AllowDiscount><ItemStatus>1</ItemStatus><ItemPrice>41.00</ItemPrice></item><item><PriceUpdateDate>2015-10-20 16:58:06</PriceUpdateDate><ItemCode>7290003217014</ItemCode><ItemType>1</ItemType><ItemName>פיתות תנעמי רגילות 5</ItemName><ManufacturerName>פיתהות מעדן</ManufacturerName><ManufactureCountry>ישראל</ManufactureCountry><ManufacturerItemDescription>פיתה 1/5 בשקית תנעמי</ManufacturerItemDescription><SoldByWeight/><Quantity>500.00</Quantity><UnitOfMeasure>גרם     </UnitOfMeasure><QtyInPackage>לא ידוע</QtyInPackage><UnitOfMeasurePrice>0.0188</UnitOfMeasurePrice><AllowDiscount>1</AllowDiscount><ItemStatus>1</ItemStatus><ItemPrice>9.40</ItemPrice></item><item><PriceUpdateDate>2016-06-01 06:30:20</PriceUpdateDate><ItemCode>7290003229109</ItemCode><ItemType>1</ItemType><ItemName>מב פסטרמה בפפריקה 40</ItemName><ManufacturerName>טירת צבי</ManufacturerName><ManufactureCountry>ישראל</ManufactureCountry><ManufacturerItemDescription>פסטרמה בפפריקה 400 גר</ManufacturerItemDescription><SoldByWeight/><Quantity>400.00</Quantity><UnitOfMeasure>גרם     </UnitOfMeasure><QtyInPackage>לא ידוע</QtyInPackage><UnitOfMeasurePrice>0.0722</UnitOfMeasurePrice><AllowDiscount>1</AllowDiscount><ItemStatus>1</ItemStatus><ItemPrice>28.90</ItemPrice></item><item><PriceUpdateDate>2016-06-01 06:30:20</PriceUpdateDate><ItemCode>7290003229116</ItemCode><ItemType>1</ItemType><ItemName>מב פסטרמה בדבש 400 ג</ItemName><ManufacturerName>טירת צבי</ManufacturerName><ManufactureCountry>ישראל</ManufactureCountry><ManufacturerItemDescription>פסטרמה בדבש 400 גר</ManufacturerItemDescription><SoldByWeight/><Quantity>400.00</Quantity><UnitOfMeasure>גרם     </UnitOfMeasure><QtyInPackage>לא ידוע</QtyInPackage><UnitOfMeasurePrice>0.0722</UnitOfMeasurePrice><AllowDiscount>1</AllowDiscount><ItemStatus>1</ItemStatus><ItemPrice>28.90</ItemPrice></item><item><PriceUpdateDate>2016-06-01 06:30:20</PriceUpdateDate><ItemCode>7290003229123</ItemCode><ItemType>1</ItemType><ItemName>מב נקניק פסטרמה על ג</ItemName><ManufacturerName>טירת צבי</ManufacturerName><ManufactureCountry>ישראל</ManufactureCountry><ManufacturerItemDescription>פסטרמה על גחלים 400 גר</ManufacturerItemDescription><SoldByWeight/><Quantity>400.00</Quantity><UnitOfMeasure>גרם     </UnitOfMeasure><QtyInPackage>לא ידוע</QtyInPackage><UnitOfMeasurePrice>0.0722</UnitOfMeasurePrice><AllowDiscount>1</AllowDiscount><ItemStatus>1</ItemStatus><ItemPrice>28.90</ItemPrice></item><item><PriceUpdateDate>2016-05-31 12:02:27</PriceUpdateDate><ItemCode>7290003229147</ItemCode><ItemType>1</ItemType><ItemName>מב נקניק סלמי איטלקי</ItemName><ManufacturerName>טירת צבי</ManufacturerName><ManufactureCountry>ישראל</ManufactureCountry><ManufacturerItemDescription>סלמי אטלקי 300 גר</ManufacturerItemDescription><SoldByWeight/><Quantity>300.00</Quantity><UnitOfMeasure>גרם     </UnitOfMeasure><QtyInPackage>לא ידוע</QtyInPackage><UnitOfMeasurePrice>0.0897</UnitOfMeasurePrice><AllowDiscount>1</AllowDiscount><ItemStatus>1</ItemStatus><ItemPrice>26.90</ItemPrice></item><item><PriceUpdateDate>2016-06-01 06:30:20</PriceUpdateDate><ItemCode>7290003229208</ItemCode><ItemType>1</ItemType><ItemName>מב נקניק פסטרמה ספרד</ItemName><ManufacturerName>טירת צבי</ManufacturerName><ManufactureCountry>ישראל</ManufactureCountry><ManufacturerItemDescription>מב נקניק פסטרמה ספרד</ManufacturerItemDescription><SoldByWeight/><Quantity>360.00</Quantity><UnitOfMeasure>גרם     </UnitOfMeasure><QtyInPackage>לא ידוע</QtyInPackage><UnitOfMeasurePrice>0.0803</UnitOfMeasurePrice><AllowDiscount>1</AllowDiscount><ItemStatus>1</ItemStatus><ItemPrice>28.90</ItemPrice></item><item><PriceUpdateDate>2016-06-01 06:30:20</PriceUpdateDate><ItemCode>7290003229215</ItemCode><ItemType>1</ItemType><ItemName>מב נקניק פסטרמה איטל</ItemName><ManufacturerName>טירת צבי</ManufacturerName><ManufactureCountry>ישראל</ManufactureCountry><ManufacturerItemDescription>מב נקניק פסטרמה איטל</ManufacturerItemDescription><SoldByWeight/><Quantity>360.00</Quantity><UnitOfMeasure>גרם     </UnitOfMeasure><QtyInPackage>לא ידוע</QtyInPackage><UnitOfMeasurePrice>0.0803</UnitOfMeasurePrice><AllowDiscount>1</AllowDiscount><ItemStatus>1</ItemStatus><ItemPrice>28.90</ItemPrice></item><item><PriceUpdateDate>2015-11-12 14:32:40</PriceUpdateDate><ItemCode>7290003229222</ItemCode><ItemType>1</ItemType><ItemName>סלמי תה משובח 300 גר</ItemName><ManufacturerName>טירת צבי</ManufacturerName><ManufactureCountry>ישראל</ManufactureCountry><ManufacturerItemDescription>סלמי תה משובח 300 גר</ManufacturerItemDescription><SoldByWeight/><Quantity>300.00</Quantity><UnitOfMeasure>גרם     </UnitOfMeasure><QtyInPackage>לא ידוע</QtyInPackage><UnitOfMeasurePrice>0.0820</UnitOfMeasurePrice><AllowDiscount>1</AllowDiscount><ItemStatus>1</ItemStatus><ItemPrice>24.60</ItemPrice></item><item><PriceUpdateDate>2016-03-29 13:00:31</PriceUpdateDate><ItemCode>7290003231508</ItemCode><ItemType>1</ItemType><ItemName>שמפו פינוק בתוספת קר</ItemName><ManufacturerName>פינוק</ManufacturerName><ManufactureCountry>ישראל</ManufactureCountry><ManufacturerItemDescription>שמפו פינוק בתוספת קר</ManufacturerItemDescription><SoldByWeight/><Quantity>700.00</Quantity><UnitOfMeasure>מ"ל</UnitOfMeasure><QtyInPackage>לא ידוע</QtyInPackage><UnitOfMeasurePrice>0.0184</UnitOfMeasurePrice><AllowDiscount>1</AllowDiscount><ItemStatus>1</ItemStatus><ItemPrice>12.90</ItemPrice></item><item><PriceUpdateDate>2016-03-29 13:00:31</PriceUpdateDate><ItemCode>7290003231607</ItemCode><ItemType>1</ItemType><ItemName>מרכך פינוק בתוספת קר</ItemName><ManufacturerName>פינוק</ManufacturerName><ManufactureCountry>ישראל</ManufactureCountry><ManufacturerItemDescription>מרכך פינוק בתוספת קר</ManufacturerItemDescription><SoldByWeight/><Quantity>700.00</Quantity><UnitOfMeasure>מ"ל</UnitOfMeasure><QtyInPackage>לא ידוע</QtyInPackage><UnitOfMeasurePrice>0.0184</UnitOfMeasurePrice><AllowDiscount>1</AllowDiscount><ItemStatus>1</ItemStatus><ItemPrice>12.90</ItemPrice></item><item><PriceUpdateDate>2015-12-10 07:00:12</PriceUpdateDate><ItemCode>7290003231614</ItemCode><ItemType>1</ItemType><ItemName>תחליב רחצה פינוק אלו</ItemName><ManufacturerName>פינוק</ManufacturerName><ManufactureCountry>ישראל</ManufactureCountry><ManufacturerItemDescription>תחליב רחצה פינוק אלו</ManufacturerItemDescription><SoldByWeight/><Quantity>700.00</Quantity><UnitOfMeasure>מ"ל</UnitOfMeasure><QtyInPackage>לא ידוע</QtyInPackage><UnitOfMeasurePrice>0.0199</UnitOfMeasurePrice><AllowDiscount>1</AllowDiscount><ItemStatus>1</ItemStatus><ItemPrice>13.90</ItemPrice></item><item><PriceUpdateDate>2015-11-12 17:55:32</PriceUpdateDate><ItemCode>7290003251308</ItemCode><ItemType>1</ItemType><ItemName>אצטון שוורץ 100 סמ"ק</ItemName><ManufacturerName>שוורץ</ManufacturerName><ManufactureCountry>ישראל</ManufactureCountry><ManufacturerItemDescription>אצטון</ManufacturerItemDescription><SoldByWeight/><Quantity>100.00</Quantity><UnitOfMeasure>מ"ל</UnitOfMeasure><QtyInPackage>לא ידוע</QtyInPackage><UnitOfMeasurePrice>0.0430</UnitOfMeasurePrice><AllowDiscount>1</AllowDiscount><ItemStatus>1</ItemStatus><ItemPrice>4.30</ItemPrice></item><item><PriceUpdateDate>2016-02-02 06:51:05</PriceUpdateDate><ItemCode>7290003268252</ItemCode><ItemType>1</ItemType><ItemName>לחם חיטה מלא לילדים</ItemName><ManufacturerName>דגנית עין בר</ManufacturerName><ManufactureCountry>לא ידוע</ManufactureCountry><ManufacturerItemDescription>לחם חיטה מלא לילדים</ManufacturerItemDescription><SoldByWeight/><Quantity>750.00</Quantity><UnitOfMeasure>גרם     </UnitOfMeasure><QtyInPackage>לא ידוע</QtyInPackage><UnitOfMeasurePrice>0.0231</UnitOfMeasurePrice><AllowDiscount>1</AllowDiscount><ItemStatus>1</ItemStatus><ItemPrice>17.30</ItemPrice></item><item><PriceUpdateDate>2015-10-20 17:38:00</PriceUpdateDate><ItemCode>7290003287956</ItemCode><ItemType>3</ItemType><ItemName>פילה לברק 5-7 בוואקו</ItemName><ManufacturerName>בלדי</ManufacturerName><ManufactureCountry>סין</ManufactureCountry><ManufacturerItemDescription>פילה לברק 5-7 ואקום</ManufacturerItemDescription><SoldByWeight/><Quantity>1.00</Quantity><UnitOfMeasure>ק"ג</UnitOfMeasure><QtyInPackage>לא ידוע</QtyInPackage><UnitOfMeasurePrice>40.7000</UnitOfMeasurePrice><AllowDiscount>1</AllowDiscount><ItemStatus>1</ItemStatus><ItemPrice>40.70</ItemPrice></item><item><PriceUpdateDate>2016-01-18 09:37:33</PriceUpdateDate><ItemCode>7290003318100</ItemCode><ItemType>1</ItemType><ItemName>וופל מנעמים שוקו 200</ItemName><ManufacturerName>מנעמים</ManufacturerName><ManufactureCountry>ישראל</ManufactureCountry><ManufacturerItemDescription>וופל מנעמים שוקו 200</ManufacturerItemDescription><SoldByWeight/><Quantity>200.00</Quantity><UnitOfMeasure>גרם     </UnitOfMeasure><QtyInPackage>לא ידוע</QtyInPackage><UnitOfMeasurePrice>0.0225</UnitOfMeasurePrice><AllowDiscount>1</AllowDiscount><ItemStatus>1</ItemStatus><ItemPrice>4.50</ItemPrice></item><item><PriceUpdateDate>2016-01-18 09:37:33</PriceUpdateDate><ItemCode>7290003318155</ItemCode><ItemType>1</ItemType><ItemName>וופל מנעמים לימון 20</ItemName><ManufacturerName>מנעמים</ManufacturerName><ManufactureCountry>ישראל</ManufactureCountry><ManufacturerItemDescription>וופל מנעמים לימון 20</ManufacturerItemDescription><SoldByWeight/><Quantity>200.00</Quantity><UnitOfMeasure>גרם     </UnitOfMeasure><QtyInPackage>לא ידוע</QtyInPackage><UnitOfMeasurePrice>0.0225</UnitOfMeasurePrice><AllowDiscount>1</AllowDiscount><ItemStatus>1</ItemStatus><ItemPrice>4.50</ItemPrice></item><item><PriceUpdateDate>2016-01-18 09:37:33</PriceUpdateDate><ItemCode>7290003318599</ItemCode><ItemType>1</ItemType><ItemName>וופל מנעמים וניל 200</ItemName><ManufacturerName>מנעמית</ManufacturerName><ManufactureCountry>ישראל</ManufactureCountry><ManufacturerItemDescription>וופל מנעמים וניל 200</ManufacturerItemDescription><SoldByWeight/><Quantity>200.00</Quantity><UnitOfMeasure>גרם     </UnitOfMeasure><QtyInPackage>לא ידוע</QtyInPackage><UnitOfMeasurePrice>0.0225</UnitOfMeasurePrice><AllowDiscount>1</AllowDiscount><ItemStatus>1</ItemStatus><ItemPrice>4.50</ItemPrice></item><item><PriceUpdateDate>2016-03-16 15:40:43</PriceUpdateDate><ItemCode>7290003321155</ItemCode><ItemType>1</ItemType><ItemName>דנונה בר פקאן סיני מ</ItemName><ManufacturerName>דנונה</ManufacturerName><ManufactureCountry>ישראל</ManufactureCountry><ManufacturerItemDescription>דנונהדגנים פקאןסיני+שוקול</ManufacturerItemDescription><SoldByWeight/><Quantity>183.00</Quantity><UnitOfMeasure>גרם     </UnitOfMeasure><QtyInPackage>לא ידוע</QtyInPackage><UnitOfMeasurePrice>0.0246</UnitOfMeasurePrice><AllowDiscount>1</AllowDiscount><ItemStatus>1</ItemStatus><ItemPrice>4.50</ItemPrice></item><item><PriceUpdateDate>2015-12-07 06:57:24</PriceUpdateDate><ItemCode>7290003321292</ItemCode><ItemType>1</ItemType><ItemName>גבינת סקי 9% 250 גרם</ItemName><ManufacturerName>שטראוס</ManufacturerName><ManufactureCountry>ישראל</ManufactureCountry><ManufacturerItemDescription>גבינה סקי 250 9% גר</ManufacturerItemDescription><SoldByWeight/><Quantity>250.00</Quantity><UnitOfMeasure>גרם     </UnitOfMeasure><QtyInPackage>לא ידוע</QtyInPackage><UnitOfMeasurePrice>0.0192</UnitOfMeasurePrice><AllowDiscount>1</AllowDiscount><ItemStatus>1</ItemStatus><ItemPrice>4.80</ItemPrice></item><item><PriceUpdateDate>2016-05-30 22:03:54</PriceUpdateDate><ItemCode>7290003327409</ItemCode><ItemType>1</ItemType><ItemName>גפילטע פיש 680 גרם</ItemName><ManufacturerName>מנישביץ</ManufacturerName><ManufactureCountry>ארצות הברית</ManufactureCountry><ManufacturerItemDescription>ריאל שרדונה     דונה750מ</ManufacturerItemDescription><SoldByWeight/><Quantity>680.00</Quantity><UnitOfMeasure>גרם     </UnitOfMeasure><QtyInPackage>לא ידוע</QtyInPackage><UnitOfMeasurePrice>0.0410</UnitOfMeasurePrice><AllowDiscount>1</AllowDiscount><ItemStatus>1</ItemStatus><ItemPrice>27.90</ItemPrice></item><item><PriceUpdateDate>2016-06-06 11:53:00</PriceUpdateDate><ItemCode>7290003335190</ItemCode><ItemType>1</ItemType><ItemName>עלי גפן 400 גרם</ItemName><ManufacturerName>ויליגר</ManufacturerName><ManufactureCountry>ישראל</ManufactureCountry><ManufacturerItemDescription>עלי גפן 400 גרם</ManufacturerItemDescription><SoldByWeight/><Quantity>400.00</Quantity><UnitOfMeasure>גרם     </UnitOfMeasure><QtyInPackage>לא ידוע</QtyInPackage><UnitOfMeasurePrice>0.0238</UnitOfMeasurePrice><AllowDiscount>1</AllowDiscount><ItemStatus>1</ItemStatus><ItemPrice>9.50</ItemPrice></item><item><PriceUpdateDate>2016-05-30 22:03:54</PriceUpdateDate><ItemCode>7290003387205</ItemCode><ItemType>1</ItemType><ItemName>דאו' סטיק ספיד סטיק</ItemName><ManufacturerName>ספיד סטיק</ManufacturerName><ManufactureCountry>ארצות הברית</ManufactureCountry><ManufacturerItemDescription>מיזלי שקדים     ם 1 ק"ג</ManufacturerItemDescription><SoldByWeight/><Quantity>64.00</Quantity><UnitOfMeasure>גרם     </UnitOfMeasure><QtyInPackage>לא ידוע</QtyInPackage><UnitOfMeasurePrice>0.4031</UnitOfMeasurePrice><AllowDiscount>1</AllowDiscount><ItemStatus>1</ItemStatus><ItemPrice>25.80</ItemPrice></item><item><PriceUpdateDate>2015-08-07 09:36:45</PriceUpdateDate><ItemCode>7290003411054</ItemCode><ItemType>1</ItemType><ItemName>שקיות לצליה 5 יח'</ItemName><ManufacturerName>הנמל</ManufacturerName><ManufactureCountry>ישראל</ManufactureCountry><ManufacturerItemDescription>שקיות לצליה 5 יח'</ManufacturerItemDescription><SoldByWeight/><Quantity>5.00</Quantity><UnitOfMeasure>יח'</UnitOfMeasure><QtyInPackage>לא ידוע</QtyInPackage><UnitOfMeasurePrice>0.9800</UnitOfMeasurePrice><AllowDiscount>1</AllowDiscount><ItemStatus>1</ItemStatus><ItemPrice>4.90</ItemPrice></item><item><PriceUpdateDate>2015-11-12 17:23:22</PriceUpdateDate><ItemCode>7290003411214</ItemCode><ItemType>1</ItemType><ItemName>תמצית אפיה שקדים 55</ItemName><ManufacturerName>הנמל</ManufacturerName><ManufactureCountry>ישראל</ManufactureCountry><ManufacturerItemDescription>תמצית אפיה שקדים 55</ManufacturerItemDescription><SoldByWeight/><Quantity>55.00</Quantity><UnitOfMeasure>מ"ל</UnitOfMeasure><QtyInPackage>לא ידוע</QtyInPackage><UnitOfMeasurePrice>0.0709</UnitOfMeasurePrice><AllowDiscount>1</AllowDiscount><ItemStatus>1</ItemStatus><ItemPrice>3.90</ItemPrice></item><item><PriceUpdateDate>2014-11-03 06:37:19</PriceUpdateDate><ItemCode>7290003411429</ItemCode><ItemType>1</ItemType><ItemName>שמרים יבשים 3 יח בקו</ItemName><ManufacturerName>הנמל</ManufacturerName><ManufactureCountry>ישראל</ManufactureCountry><ManufacturerItemDescription>שמרים יבשים 3 יח בקו</ManufacturerItemDescription><SoldByWeight/><Quantity>14.00</Quantity><UnitOfMeasure>גרם     </UnitOfMeasure><QtyInPackage>לא ידוע</QtyInPackage><UnitOfMeasurePrice>0.3643</UnitOfMeasurePrice><AllowDiscount>1</AllowDiscount><ItemStatus>1</ItemStatus><ItemPrice>5.10</ItemPrice></item><item><PriceUpdateDate>2014-11-03 06:37:19</PriceUpdateDate><ItemCode>7290003411528</ItemCode><ItemType>1</ItemType><ItemName>מלית קינמון</ItemName><ManufacturerName>פוליבה</ManufacturerName><ManufactureCountry>ישראל</ManufactureCountry><ManufacturerItemDescription>מלית קינמון</ManufacturerItemDescription><SoldByWeight/><Quantity>0.00</Quantity><UnitOfMeasure>יח'</UnitOfMeasure><QtyInPackage>לא ידוע</QtyInPackage><UnitOfMeasurePrice>0.0000</UnitOfMeasurePrice><AllowDiscount>1</AllowDiscount><ItemStatus>1</ItemStatus><ItemPrice>11.50</ItemPrice></item><item><PriceUpdateDate>2015-11-11 08:27:41</PriceUpdateDate><ItemCode>7290003411566</ItemCode><ItemType>1</ItemType><ItemName>צמרונים 200 יח</ItemName><ManufacturerName>הנמל</ManufacturerName><ManufactureCountry>ישראל</ManufactureCountry><ManufacturerItemDescription>צמרונים 200 יח</ManufacturerItemDescription><SoldByWeight/><Quantity>0.00</Quantity><UnitOfMeasure>יח'</UnitOfMeasure><QtyInPackage>לא ידוע</QtyInPackage><UnitOfMeasurePrice>0.0000</UnitOfMeasurePrice><AllowDiscount>1</AllowDiscount><ItemStatus>1</ItemStatus><ItemPrice>3.30</ItemPrice></item><item><PriceUpdateDate>2015-11-12 17:23:22</PriceUpdateDate><ItemCode>7290003411689</ItemCode><ItemType>1</ItemType><ItemName>לפתניה חד פעמי לבן 2</ItemName><ManufacturerName>הנמל</ManufacturerName><ManufactureCountry>ישראל</ManufactureCountry><ManufacturerItemDescription>לפתניה חד פעמי לבן 2</ManufacturerItemDescription><SoldByWeight/><Quantity>25.00</Quantity><UnitOfMeasure>בודד</UnitOfMeasure><QtyInPackage>לא ידוע</QtyInPackage><UnitOfMeasurePrice>0.1720</UnitOfMeasurePrice><AllowDiscount>1</AllowDiscount><ItemStatus>1</ItemStatus><ItemPrice>4.30</ItemPrice></item><item><PriceUpdateDate>2015-10-22 16:08:01</PriceUpdateDate><ItemCode>7290003411696</ItemCode><ItemType>1</ItemType><ItemName>מרקיות חד פעמי לבן 2</ItemName><ManufacturerName>הנמל</ManufacturerName><ManufactureCountry>ישראל</ManufactureCountry><ManufacturerItemDescription>מרקיות חד פעמי 25 יח</ManufacturerItemDescription><SoldByWeight/><Quantity>25.00</Quantity><UnitOfMeasure>בודד</UnitOfMeasure><QtyInPackage>לא ידוע</QtyInPackage><UnitOfMeasurePrice>0.2560</UnitOfMeasurePrice><AllowDiscount>1</AllowDiscount><ItemStatus>1</ItemStatus><ItemPrice>6.40</ItemPrice></item><item><PriceUpdateDate>2014-11-03 06:37:19</PriceUpdateDate><ItemCode>7290003411726</ItemCode><ItemType>1</ItemType><ItemName>קיסמים 300 יח' מלחיה</ItemName><ManufacturerName>הנמל</ManufacturerName><ManufactureCountry>ישראל</ManufactureCountry><ManufacturerItemDescription>קסמים מלחיה 300 יחידות</ManufacturerItemDescription><SoldByWeight/><Quantity>0.00</Quantity><UnitOfMeasure>יח'</UnitOfMeasure><QtyInPackage>לא ידוע</QtyInPackage><UnitOfMeasurePrice>0.0000</UnitOfMeasurePrice><AllowDiscount>1</AllowDiscount><ItemStatus>1</ItemStatus><ItemPrice>4.20</ItemPrice></item><item><PriceUpdateDate>2016-03-16 15:40:43</PriceUpdateDate><ItemCode>7290003411948</ItemCode><ItemType>1</ItemType><ItemName>צמר גפן 100 גרם</ItemName><ManufacturerName>הנמל</ManufacturerName><ManufactureCountry>ישראל</ManufactureCountry><ManufacturerItemDescription>צמר גפן 100 גרם</ManufacturerItemDescription><SoldByWeight/><Quantity>100.00</Quantity><UnitOfMeasure>גרם     </UnitOfMeasure><QtyInPackage>לא ידוע</QtyInPackage><UnitOfMeasurePrice>0.0490</UnitOfMeasurePrice><AllowDiscount>1</AllowDiscount><ItemStatus>1</ItemStatus><ItemPrice>4.90</ItemPrice></item><item><PriceUpdateDate>2015-10-22 16:08:01</PriceUpdateDate><ItemCode>7290003411993</ItemCode><ItemType>1</ItemType><ItemName>גפרורים 10 יח'</ItemName><ManufacturerName>הנמל</ManufacturerName><ManufactureCountry>ישראל</ManufactureCountry><ManufacturerItemDescription>גפרורים 10 יח'</ManufacturerItemDescription><SoldByWeight/><Quantity>0.00</Quantity><UnitOfMeasure>יח'</UnitOfMeasure><QtyInPackage>לא ידוע</QtyInPackage><UnitOfMeasurePrice>0.0000</UnitOfMeasurePrice><AllowDiscount>1</AllowDiscount><ItemStatus>1</ItemStatus><ItemPrice>4.80</ItemPrice></item><item><PriceUpdateDate>2016-05-01 21:46:45</PriceUpdateDate><ItemCode>7290003427154</ItemCode><ItemType>1</ItemType><ItemName>שמן זית זיתא כתית מע</ItemName><ManufacturerName>זיתא</ManufacturerName><ManufactureCountry>ישראל</ManufactureCountry><ManufacturerItemDescription>שמן זית כתית מעולה 750 מל</ManufacturerItemDescription><SoldByWeight/><Quantity>750.00</Quantity><UnitOfMeasure>מ"ל</UnitOfMeasure><QtyInPackage>לא ידוע</QtyInPackage><UnitOfMeasurePrice>0.0532</UnitOfMeasurePrice><AllowDiscount>1</AllowDiscount><ItemStatus>1</ItemStatus><ItemPrice>39.90</ItemPrice></item><item><PriceUpdateDate>2015-12-01 08:41:43</PriceUpdateDate><ItemCode>7290003434053</ItemCode><ItemType>1</ItemType><ItemName>חטיפי הקפאה פופאייס</ItemName><ManufacturerName>לא ממותג</ManufacturerName><ManufactureCountry>ישראל</ManufactureCountry><ManufacturerItemDescription>משקה להקפאה סופר פופאייס</ManufacturerItemDescription><SoldByWeight/><Quantity>867.00</Quantity><UnitOfMeasure>גרם     </UnitOfMeasure><QtyInPackage>לא ידוע</QtyInPackage><UnitOfMeasurePrice>0.0075</UnitOfMeasurePrice><AllowDiscount>1</AllowDiscount><ItemStatus>1</ItemStatus><ItemPrice>6.50</ItemPrice></item><item><PriceUpdateDate>2016-05-30 22:03:54</PriceUpdateDate><ItemCode>7290003438006</ItemCode><ItemType>1</ItemType><ItemName>מב ממרח אוליביה פסטו</ItemName><ManufacturerName>אוליביה</ManufacturerName><ManufactureCountry>ישראל</ManufactureCountry><ManufacturerItemDescription>ממרח פסטו+צנובר180 גר</ManufacturerItemDescription><SoldByWeight/><Quantity>180.00</Quantity><UnitOfMeasure>גרם     </UnitOfMeasure><QtyInPackage>לא ידוע</QtyInPackage><UnitOfMeasurePrice>0.0717</UnitOfMeasurePrice><AllowDiscount>1</AllowDiscount><ItemStatus>1</ItemStatus><ItemPrice>12.90</ItemPrice></item><item><PriceUpdateDate>2016-05-30 22:03:55</PriceUpdateDate><ItemCode>7290003438617</ItemCode><ItemType>1</ItemType><ItemName>מב ממרח אריסה חריפה</ItemName><ManufacturerName>אוליביה</ManufacturerName><ManufactureCountry>ישראל</ManufactureCountry><ManufacturerItemDescription>מב ממרח אריסה חריפה</ManufacturerItemDescription><SoldByWeight/><Quantity>145.00</Quantity><UnitOfMeasure>גרם     </UnitOfMeasure><QtyInPackage>לא ידוע</QtyInPackage><UnitOfMeasurePrice>0.0614</UnitOfMeasurePrice><AllowDiscount>1</AllowDiscount><ItemStatus>1</ItemStatus><ItemPrice>8.90</ItemPrice></item><item><PriceUpdateDate>2016-05-30 22:03:55</PriceUpdateDate><ItemCode>7290003438655</ItemCode><ItemType>1</ItemType><ItemName>מב ממרח פסטו כוסברה</ItemName><ManufacturerName>אוליביה</ManufacturerName><ManufactureCountry>ישראל</ManufactureCountry><ManufacturerItemDescription>מב ממרח פסטו כוסברה</ManufacturerItemDescription><SoldByWeight/><Quantity>135.00</Quantity><UnitOfMeasure>גרם     </UnitOfMeasure><QtyInPackage>לא ידוע</QtyInPackage><UnitOfMeasurePrice>0.0659</UnitOfMeasurePrice><AllowDiscount>1</AllowDiscount><ItemStatus>1</ItemStatus><ItemPrice>8.90</ItemPrice></item><item><PriceUpdateDate>2014-11-03 06:36:57</PriceUpdateDate><ItemCode>7290003438907</ItemCode><ItemType>1</ItemType><ItemName>ממרח ויקול שמן זית 1</ItemName><ManufacturerName>אוליביה</ManufacturerName><ManufactureCountry>ישראל</ManufactureCountry><ManufacturerItemDescription>ממרח ויקול שמן זית 1</ManufacturerItemDescription><SoldByWeight/><Quantity>150.00</Quantity><UnitOfMeasure>גרם     </UnitOfMeasure><QtyInPackage>לא ידוע</QtyInPackage><UnitOfMeasurePrice>0.0620</UnitOfMeasurePrice><AllowDiscount>1</AllowDiscount><ItemStatus>1</ItemStatus><ItemPrice>9.30</ItemPrice></item><item><PriceUpdateDate>2014-11-03 06:36:57</PriceUpdateDate><ItemCode>7290003438914</ItemCode><ItemType>1</ItemType><ItemName>ממרח ויקול שמן קנולה</ItemName><ManufacturerName>אוליביה</ManufacturerName><ManufactureCountry>ישראל</ManufactureCountry><ManufacturerItemDescription>ממרח ויקול שמן קנולה</ManufacturerItemDescription><SoldByWeight/><Quantity>150.00</Quantity><UnitOfMeasure>גרם     </UnitOfMeasure><QtyInPackage>לא ידוע</QtyInPackage><UnitOfMeasurePrice>0.0620</UnitOfMeasurePrice><AllowDiscount>1</AllowDiscount><ItemStatus>1</ItemStatus><ItemPrice>9.30</ItemPrice></item><item><PriceUpdateDate>2016-05-01 21:46:45</PriceUpdateDate><ItemCode>7290003450091</ItemCode><ItemType>1</ItemType><ItemName>מיונז היינץ אמיתי 43</ItemName><ManufacturerName>היינץ</ManufacturerName><ManufactureCountry>ספרד</ManufactureCountry><ManufacturerItemDescription>גרנולה אגוזים   ק"ג</ManufacturerItemDescription><SoldByWeight/><Quantity>430.00</Quantity><UnitOfMeasure>גרם     </UnitOfMeasure><QtyInPackage>לא ידוע</QtyInPackage><UnitOfMeasurePrice>0.0286</UnitOfMeasurePrice><AllowDiscount>0</AllowDiscount><ItemStatus>1</ItemStatus><ItemPrice>12.30</ItemPrice></item><item><PriceUpdateDate>2016-05-30 22:03:55</PriceUpdateDate><ItemCode>7290003450602</ItemCode><ItemType>1</ItemType><ItemName>היינץ חרדל אמיתי 255</ItemName><ManufacturerName>היינץ</ManufacturerName><ManufactureCountry>ארצות הברית</ManufactureCountry><ManufacturerItemDescription>כריות הנקה      דות הנקה</ManufacturerItemDescription><SoldByWeight/><Quantity>255.00</Quantity><UnitOfMeasure>גרם     </UnitOfMeasure><QtyInPackage>לא ידוע</QtyInPackage><UnitOfMeasurePrice>0.0467</UnitOfMeasurePrice><AllowDiscount>1</AllowDiscount><ItemStatus>1</ItemStatus><ItemPrice>11.90</ItemPrice></item><item><PriceUpdateDate>2014-11-03 06:38:09</PriceUpdateDate><ItemCode>7290003450725</ItemCode><ItemType>1</ItemType><ItemName>חומץ בן יין 355 מ"ל</ItemName><ManufacturerName>היינץ</ManufacturerName><ManufactureCountry>ישראל</ManufactureCountry><ManufacturerItemDescription>חומץ בן יין 355 מ"ל</ManufacturerItemDescription><SoldByWeight/><Quantity>355.00</Quantity><UnitOfMeasure>מ"ל</UnitOfMeasure><QtyInPackage>לא ידוע</QtyInPackage><UnitOfMeasurePrice>0.0389</UnitOfMeasurePrice><AllowDiscount>1</AllowDiscount><ItemStatus>1</ItemStatus><ItemPrice>13.80</ItemPrice></item><item><PriceUpdateDate>2016-03-29 06:17:17</PriceUpdateDate><ItemCode>7290003451180</ItemCode><ItemType>3</ItemType><ItemName>פילה טונה פרוס קפוא</ItemName><ManufacturerName>בלדי</ManufacturerName><ManufactureCountry>ישראל</ManufactureCountry><ManufacturerItemDescription>סטייק טונה פרוס</ManufacturerItemDescription><SoldByWeight/><Quantity>1.00</Quantity><UnitOfMeasure>ק"ג</UnitOfMeasure><QtyInPackage>לא ידוע</QtyInPackage><UnitOfMeasurePrice>42.8000</UnitOfMeasurePrice><AllowDiscount>1</AllowDiscount><ItemStatus>1</ItemStatus><ItemPrice>42.80</ItemPrice></item><item><PriceUpdateDate>2015-10-11 18:10:48</PriceUpdateDate><ItemCode>7290003457991</ItemCode><ItemType>1</ItemType><ItemName>מאגדת קורנטו קלאסיק</ItemName><ManufacturerName>שטראוס גלידה</ManufacturerName><ManufactureCountry>ישראל</ManufactureCountry><ManufacturerItemDescription>טילון קורנטו קלאסיקו משפח</ManufacturerItemDescription><SoldByWeight/><Quantity>360.00</Quantity><UnitOfMeasure>גרם     </UnitOfMeasure><QtyInPackage>לא ידוע</QtyInPackage><UnitOfMeasurePrice>0.1017</UnitOfMeasurePrice><AllowDiscount>1</AllowDiscount><ItemStatus>1</ItemStatus><ItemPrice>36.60</ItemPrice></item><item><PriceUpdateDate>2014-11-03 06:36:48</PriceUpdateDate><ItemCode>7290003475124</ItemCode><ItemType>1</ItemType><ItemName>צמר גפן עננים 100 גר</ItemName><ManufacturerName>בלונס</ManufacturerName><ManufactureCountry>ישראל</ManufactureCountry><ManufacturerItemDescription>צמר גפן עננים 100 גר</ManufacturerItemDescription><SoldByWeight/><Quantity>100.00</Quantity><UnitOfMeasure>גרם     </UnitOfMeasure><QtyInPackage>לא ידוע</QtyInPackage><UnitOfMeasurePrice>0.0730</UnitOfMeasurePrice><AllowDiscount>1</AllowDiscount><ItemStatus>1</ItemStatus><ItemPrice>7.30</ItemPrice></item><item><PriceUpdateDate>2016-05-30 22:03:55</PriceUpdateDate><ItemCode>7290003514007</ItemCode><ItemType>1</ItemType><ItemName>מב שקדי מרק מנה 400</ItemName><ManufacturerName>מנה</ManufacturerName><ManufactureCountry>ישראל</ManufactureCountry><ManufacturerItemDescription>שקדי מרק מנה 400 גרם</ManufacturerItemDescription><SoldByWeight/><Quantity>400.00</Quantity><UnitOfMeasure>גרם     </UnitOfMeasure><QtyInPackage>לא ידוע</QtyInPackage><UnitOfMeasurePrice>0.0213</UnitOfMeasurePrice><AllowDiscount>1</AllowDiscount><ItemStatus>1</ItemStatus><ItemPrice>8.50</ItemPrice></item><item><PriceUpdateDate>2015-11-11 08:02:35</PriceUpdateDate><ItemCode>7290003514557</ItemCode><ItemType>1</ItemType><ItemName>צ'יפסונים 40 ג' קלאס</ItemName><ManufacturerName>מנה</ManufacturerName><ManufactureCountry>ישראל</ManufactureCountry><ManufacturerItemDescription>חטיף ציפסונים קלאסי 40 גר</ManufacturerItemDescription><SoldByWeight/><Quantity>40.00</Quantity><UnitOfMeasure>גרם     </UnitOfMeasure><QtyInPackage>לא ידוע</QtyInPackage><UnitOfMeasurePrice>0.1325</UnitOfMeasurePrice><AllowDiscount>1</AllowDiscount><ItemStatus>1</ItemStatus><ItemPrice>5.30</ItemPrice></item><item><PriceUpdateDate>2015-10-11 10:48:28</PriceUpdateDate><ItemCode>7290003514571</ItemCode><ItemType>1</ItemType><ItemName>מנה פריכיות אורז עם</ItemName><ManufacturerName>מנה</ManufacturerName><ManufactureCountry>ישראל</ManufactureCountry><ManufacturerItemDescription>פריכונים אורז עם מלח100 ג</ManufacturerItemDescription><SoldByWeight/><Quantity>100.00</Quantity><UnitOfMeasure>גרם     </UnitOfMeasure><QtyInPackage>לא ידוע</QtyInPackage><UnitOfMeasurePrice>0.0720</UnitOfMeasurePrice><AllowDiscount>1</AllowDiscount><ItemStatus>1</ItemStatus><ItemPrice>7.20</ItemPrice></item><item><PriceUpdateDate>2015-11-12 18:17:55</PriceUpdateDate><ItemCode>7290003525461</ItemCode><ItemType>1</ItemType><ItemName>סלט טונה פיקנטי וילי</ItemName><ManufacturerName>ויליגר</ManufacturerName><ManufactureCountry>ישראל</ManufactureCountry><ManufacturerItemDescription>סלט טונה פיקנטי 160 גר</ManufacturerItemDescription><SoldByWeight/><Quantity>112.00</Quantity><UnitOfMeasure>גרם     </UnitOfMeasure><QtyInPackage>לא ידוע</QtyInPackage><UnitOfMeasurePrice>0.0545</UnitOfMeasurePrice><AllowDiscount>1</AllowDiscount><ItemStatus>1</ItemStatus><ItemPrice>6.10</ItemPrice></item><item><PriceUpdateDate>2015-11-12 18:17:55</PriceUpdateDate><ItemCode>7290003525478</ItemCode><ItemType>1</ItemType><ItemName>סלט טונה ויליגר 160</ItemName><ManufacturerName>ויליגר</ManufacturerName><ManufactureCountry>ישראל</ManufactureCountry><ManufacturerItemDescription>סלט טונה ויליגר 160 גר</ManufacturerItemDescription><SoldByWeight/><Quantity>160.00</Quantity><UnitOfMeasure>גרם     </UnitOfMeasure><QtyInPackage>לא ידוע</QtyInPackage><UnitOfMeasurePrice>0.0381</UnitOfMeasurePrice><AllowDiscount>1</AllowDiscount><ItemStatus>1</ItemStatus><ItemPrice>6.10</ItemPrice></item><item><PriceUpdateDate>2016-06-06 11:45:50</PriceUpdateDate><ItemCode>7290003550494</ItemCode><ItemType>3</ItemType><ItemName>פילה סלמון  סטרלינג</ItemName><ManufacturerName>דלידג</ManufacturerName><ManufactureCountry>ישראל</ManufactureCountry><ManufacturerItemDescription>פילה סלמון סטרלינג לקג</ManufacturerItemDescription><SoldByWeight/><Quantity>1.00</Quantity><UnitOfMeasure>ק"ג</UnitOfMeasure><QtyInPackage>לא ידוע</QtyInPackage><UnitOfMeasurePrice>74.9000</UnitOfMeasurePrice><AllowDiscount>1</AllowDiscount><ItemStatus>1</ItemStatus><ItemPrice>74.90</ItemPrice></item><item><PriceUpdateDate>2016-05-30 22:03:56</PriceUpdateDate><ItemCode>7290003578061</ItemCode><ItemType>1</ItemType><ItemName>לבבות דקל שלם ויליפו</ItemName><ManufacturerName>.N.Y.C</ManufacturerName><ManufactureCountry>ישראל</ManufactureCountry><ManufacturerItemDescription>דקל לבבות שלמים400 גרם</ManufacturerItemDescription><SoldByWeight/><Quantity>400.00</Quantity><UnitOfMeasure>גרם     </UnitOfMeasure><QtyInPackage>לא ידוע</QtyInPackage><UnitOfMeasurePrice>0.0380</UnitOfMeasurePrice><AllowDiscount>1</AllowDiscount><ItemStatus>1</ItemStatus><ItemPrice>15.20</ItemPrice></item><item><PriceUpdateDate>2014-11-03 06:37:09</PriceUpdateDate><ItemCode>7290003578290</ItemCode><ItemType>1</ItemType><ItemName>אטריות אורז 300  גרם</ItemName><ManufacturerName>וילי פוד</ManufacturerName><ManufactureCountry>ישראל</ManufactureCountry><ManufacturerItemDescription>אטריות אורז 300  גרם</ManufacturerItemDescription><SoldByWeight/><Quantity>300.00</Quantity><UnitOfMeasure>גרם     </UnitOfMeasure><QtyInPackage>לא ידוע</QtyInPackage><UnitOfMeasurePrice>0.0203</UnitOfMeasurePrice><AllowDiscount>1</AllowDiscount><ItemStatus>1</ItemStatus><ItemPrice>6.10</ItemPrice></item><item><PriceUpdateDate>2016-05-30 22:03:56</PriceUpdateDate><ItemCode>7290003578313</ItemCode><ItemType>1</ItemType><ItemName>מב ליפתן דובדבנים 68</ItemName><ManufacturerName>.N.Y.C</ManufacturerName><ManufactureCountry>ישראל</ManufactureCountry><ManufacturerItemDescription>מב ליפתן דובדבנים 68</ManufacturerItemDescription><SoldByWeight/><Quantity>350.00</Quantity><UnitOfMeasure>גרם     </UnitOfMeasure><QtyInPackage>לא ידוע</QtyInPackage><UnitOfMeasurePrice>0.0283</UnitOfMeasurePrice><AllowDiscount>1</AllowDiscount><ItemStatus>1</ItemStatus><ItemPrice>9.90</ItemPrice></item><item><PriceUpdateDate>2015-11-16 11:40:31</PriceUpdateDate><ItemCode>7290003578412</ItemCode><ItemType>1</ItemType><ItemName>ליפתן אפרסקים  825 ג</ItemName><ManufacturerName>וילי פוד</ManufacturerName><ManufactureCountry>ישראל</ManufactureCountry><ManufacturerItemDescription>חצאי אפרסקים 820 גרם</ManufacturerItemDescription><SoldByWeight/><Quantity>470.00</Quantity><UnitOfMeasure>גרם     </UnitOfMeasure><QtyInPackage>לא ידוע</QtyInPackage><UnitOfMeasurePrice>0.0206</UnitOfMeasurePrice><AllowDiscount>1</AllowDiscount><ItemStatus>1</ItemStatus><ItemPrice>9.70</ItemPrice></item><item><PriceUpdateDate>2016-05-30 22:03:56</PriceUpdateDate><ItemCode>7290003608089</ItemCode><ItemType>1</ItemType><ItemName>ספרינג 1.5 ליטר טעם</ItemName><ManufacturerName>ספרינג</ManufacturerName><ManufactureCountry>ישראל</ManufactureCountry><ManufacturerItemDescription>ספרינג תות בננה 1.5 ל</ManufacturerItemDescription><SoldByWeight/><Quantity>1500.00</Quantity><UnitOfMeasure>מ"ל</UnitOfMeasure><QtyInPackage>לא ידוע</QtyInPackage><UnitOfMeasurePrice>0.0039</UnitOfMeasurePrice><AllowDiscount>1</AllowDiscount><ItemStatus>1</ItemStatus><ItemPrice>5.90</ItemPrice></item><item><PriceUpdateDate>2016-03-01 06:49:13</PriceUpdateDate><ItemCode>7290003608546</ItemCode><ItemType>1</ItemType><ItemName>תפוזינה תות בננה 1.5</ItemName><ManufacturerName>תפוזינה</ManufacturerName><ManufactureCountry>ישראל</ManufactureCountry><ManufacturerItemDescription>תפוזינה תות בננה 1.5</ManufacturerItemDescription><SoldByWeight/><Quantity>1500.00</Quantity><UnitOfMeasure>מ"ל</UnitOfMeasure><QtyInPackage>לא ידוע</QtyInPackage><UnitOfMeasurePrice>0.0050</UnitOfMeasurePrice><AllowDiscount>1</AllowDiscount><ItemStatus>1</ItemStatus><ItemPrice>7.50</ItemPrice></item><item><PriceUpdateDate>2016-03-01 06:49:13</PriceUpdateDate><ItemCode>7290003608898</ItemCode><ItemType>1</ItemType><ItemName>תפוזינה תפוזים דיאט</ItemName><ManufacturerName>תפוזינה</ManufacturerName><ManufactureCountry>ישראל</ManufactureCountry><ManufacturerItemDescription>תפוזינה תפוזים דיאט</ManufacturerItemDescription><SoldByWeight/><Quantity>1500.00</Quantity><UnitOfMeasure>מ"ל</UnitOfMeasure><QtyInPackage>לא ידוע</QtyInPackage><UnitOfMeasurePrice>0.0050</UnitOfMeasurePrice><AllowDiscount>1</AllowDiscount><ItemStatus>1</ItemStatus><ItemPrice>7.50</ItemPrice></item><item><PriceUpdateDate>2016-05-30 22:03:56</PriceUpdateDate><ItemCode>7290003643004</ItemCode><ItemType>1</ItemType><ItemName>אורז בסמטי 1 ק"ג</ItemName><ManufacturerName>סוגת</ManufacturerName><ManufactureCountry>ישראל</ManufactureCountry><ManufacturerItemDescription>אורז בסמטי קלאסי1 קג</ManufacturerItemDescription><SoldByWeight/><Quantity>1000.00</Quantity><UnitOfMeasure>גרם     </UnitOfMeasure><QtyInPackage>לא ידוע</QtyInPackage><UnitOfMeasurePrice>0.0119</UnitOfMeasurePrice><AllowDiscount>1</AllowDiscount><ItemStatus>1</ItemStatus><ItemPrice>11.90</ItemPrice></item><item><PriceUpdateDate>2014-11-03 06:36:42</PriceUpdateDate><ItemCode>7290003643158</ItemCode><ItemType>1</ItemType><ItemName>קורנפלור 200 גרם</ItemName><ManufacturerName>סוגת</ManufacturerName><ManufactureCountry>ישראל</ManufactureCountry><ManufacturerItemDescription>קורנפלור 200 גרם</ManufacturerItemDescription><SoldByWeight/><Quantity>200.00</Quantity><UnitOfMeasure>גרם     </UnitOfMeasure><QtyInPackage>לא ידוע</QtyInPackage><UnitOfMeasurePrice>0.0190</UnitOfMeasurePrice><AllowDiscount>1</AllowDiscount><ItemStatus>1</ItemStatus><ItemPrice>3.80</ItemPrice></item><item><PriceUpdateDate>2014-11-03 06:36:42</PriceUpdateDate><ItemCode>7290003643165</ItemCode><ItemType>1</ItemType><ItemName>קורנפלור 500 גרם</ItemName><ManufacturerName>סוגת</ManufacturerName><ManufactureCountry>ישראל</ManufactureCountry><ManufacturerItemDescription>קורנפלור 500 גרם</ManufacturerItemDescription><SoldByWeight/><Quantity>500.00</Quantity><UnitOfMeasure>גרם     </UnitOfMeasure><QtyInPackage>לא ידוע</QtyInPackage><UnitOfMeasurePrice>0.0126</UnitOfMeasurePrice><AllowDiscount>1</AllowDiscount><ItemStatus>1</ItemStatus><ItemPrice>6.30</ItemPrice></item><item><PriceUpdateDate>2015-11-12 13:37:39</PriceUpdateDate><ItemCode>7290003643172</ItemCode><ItemType>1</ItemType><ItemName>אבקת סוכר סוגת 100 ג</ItemName><ManufacturerName>סוגת</ManufacturerName><ManufactureCountry>ישראל</ManufactureCountry><ManufacturerItemDescription>אבקת סוכר סוגת 100 ג</ManufacturerItemDescription><SoldByWeight/><Quantity>100.00</Quantity><UnitOfMeasure>גרם     </UnitOfMeasure><QtyInPackage>לא ידוע</QtyInPackage><UnitOfMeasurePrice>0.0250</UnitOfMeasurePrice><AllowDiscount>1</AllowDiscount><ItemStatus>1</ItemStatus><ItemPrice>2.50</ItemPrice></item><item><PriceUpdateDate>2016-05-09 06:44:01</PriceUpdateDate><ItemCode>7290003643325</ItemCode><ItemType>1</ItemType><ItemName>קוסקוס בינוני סוגת 3</ItemName><ManufacturerName>סוגת</ManufacturerName><ManufactureCountry>ישראל</ManufactureCountry><ManufacturerItemDescription>קוסקוס בינוני סוגת 3</ManufacturerItemDescription><SoldByWeight/><Quantity>350.00</Quantity><UnitOfMeasure>גרם     </UnitOfMeasure><QtyInPackage>לא ידוע</QtyInPackage><UnitOfMeasurePrice>0.0197</UnitOfMeasurePrice><AllowDiscount>1</AllowDiscount><ItemStatus>1</ItemStatus><ItemPrice>6.90</ItemPrice></item><item><PriceUpdateDate>2016-02-08 09:00:16</PriceUpdateDate><ItemCode>7290003643387</ItemCode><ItemType>1</ItemType><ItemName>סוכר לבן 1 ק''ג צנצנ</ItemName><ManufacturerName>סוגת</ManufacturerName><ManufactureCountry>ישראל</ManufactureCountry><ManufacturerItemDescription>סוכר1 קג בצנצנת פלסטיק</ManufacturerItemDescription><SoldByWeight/><Quantity>1000.00</Quantity><UnitOfMeasure>גרם     </UnitOfMeasure><QtyInPackage>לא ידוע</QtyInPackage><UnitOfMeasurePrice>0.0079</UnitOfMeasurePrice><AllowDiscount>1</AllowDiscount><ItemStatus>1</ItemStatus><ItemPrice>7.90</ItemPrice></item><item><PriceUpdateDate>2016-05-30 22:03:56</PriceUpdateDate><ItemCode>7290003643646</ItemCode><ItemType>1</ItemType><ItemName>מב סוכר דמררה 1 ק''ג</ItemName><ManufacturerName>סוגת</ManufacturerName><ManufactureCountry>ישראל</ManufactureCountry><ManufacturerItemDescription>סוכר דמררה1 קג.צנצנת</ManufacturerItemDescription><SoldByWeight/><Quantity>1000.00</Quantity><UnitOfMeasure>גרם     </UnitOfMeasure><QtyInPackage>לא ידוע</QtyInPackage><UnitOfMeasurePrice>0.0129</UnitOfMeasurePrice><AllowDiscount>1</AllowDiscount><ItemStatus>1</ItemStatus><ItemPrice>12.90</ItemPrice></item><item><PriceUpdateDate>2016-05-30 22:03:56</PriceUpdateDate><ItemCode>7290003643684</ItemCode><ItemType>1</ItemType><ItemName>מב אפונה ירוקה 500גר</ItemName><ManufacturerName>סוגת</ManufacturerName><ManufactureCountry>ישראל</ManufactureCountry><ManufacturerItemDescription>אפונה 500 גר</ManufacturerItemDescription><SoldByWeight/><Quantity>500.00</Quantity><UnitOfMeasure>גרם     </UnitOfMeasure><QtyInPackage>לא ידוע</QtyInPackage><UnitOfMeasurePrice>0.0110</UnitOfMeasurePrice><AllowDiscount>1</AllowDiscount><ItemStatus>1</ItemStatus><ItemPrice>5.50</ItemPrice></item><item><PriceUpdateDate>2016-05-30 22:03:56</PriceUpdateDate><ItemCode>7290003643707</ItemCode><ItemType>1</ItemType><ItemName>מב גריסים 500 גרם</ItemName><ManufacturerName>סוגת</ManufacturerName><ManufactureCountry>ישראל</ManufactureCountry><ManufacturerItemDescription>מב גריסים 500 גרם</ManufacturerItemDescription><SoldByWeight/><Quantity>500.00</Quantity><UnitOfMeasure>גרם     </UnitOfMeasure><QtyInPackage>לא ידוע</QtyInPackage><UnitOfMeasurePrice>0.0100</UnitOfMeasurePrice><AllowDiscount>1</AllowDiscount><ItemStatus>1</ItemStatus><ItemPrice>5.00</ItemPrice></item><item><PriceUpdateDate>2016-05-02 08:05:49</PriceUpdateDate><ItemCode>7290003643714</ItemCode><ItemType>1</ItemType><ItemName>מב חומוס סוגת 500 גר</ItemName><ManufacturerName>סוגת</ManufacturerName><ManufactureCountry>ישראל</ManufactureCountry><ManufacturerItemDescription>חומוס 500 גרם</ManufacturerItemDescription><SoldByWeight/><Quantity>500.00</Quantity><UnitOfMeasure>גרם     </UnitOfMeasure><QtyInPackage>לא ידוע</QtyInPackage><UnitOfMeasurePrice>0.0130</UnitOfMeasurePrice><AllowDiscount>1</AllowDiscount><ItemStatus>1</ItemStatus><ItemPrice>6.50</ItemPrice></item><item><PriceUpdateDate>2016-05-30 22:03:56</PriceUpdateDate><ItemCode>7290003643738</ItemCode><ItemType>1</ItemType><ItemName>מב חיטה סוגת 500 גרם</ItemName><ManufacturerName>סוגת</ManufacturerName><ManufactureCountry>ישראל</ManufactureCountry><ManufacturerItemDescription>חיטה 500 גרם</ManufacturerItemDescription><SoldByWeight/><Quantity>500.00</Quantity><UnitOfMeasure>גרם     </UnitOfMeasure><QtyInPackage>לא ידוע</QtyInPackage><UnitOfMeasurePrice>0.0100</UnitOfMeasurePrice><AllowDiscount>1</AllowDiscount><ItemStatus>1</ItemStatus><ItemPrice>5.00</ItemPrice></item><item><PriceUpdateDate>2016-05-02 08:05:49</PriceUpdateDate><ItemCode>7290003643745</ItemCode><ItemType>1</ItemType><ItemName>מב כוסמת 500 גרם</ItemName><ManufacturerName>סוגת</ManufacturerName><ManufactureCountry>ישראל</ManufactureCountry><ManufacturerItemDescription>מב כוסמת 500 גרם</ManufacturerItemDescription><SoldByWeight/><Quantity>500.00</Quantity><UnitOfMeasure>גרם     </UnitOfMeasure><QtyInPackage>לא ידוע</QtyInPackage><UnitOfMeasurePrice>0.0130</UnitOfMeasurePrice><AllowDiscount>1</AllowDiscount><ItemStatus>1</ItemStatus><ItemPrice>6.50</ItemPrice></item><item><PriceUpdateDate>2016-03-16 15:40:43</PriceUpdateDate><ItemCode>7290003643752</ItemCode><ItemType>1</ItemType><ItemName>עדשים ירוקים סוגת 50</ItemName><ManufacturerName>סוגת</ManufacturerName><ManufactureCountry>ישראל</ManufactureCountry><ManufacturerItemDescription>עדשים ירוקות 500 גרם</ManufacturerItemDescription><SoldByWeight/><Quantity>500.00</Quantity><UnitOfMeasure>גרם     </UnitOfMeasure><QtyInPackage>לא ידוע</QtyInPackage><UnitOfMeasurePrice>0.0118</UnitOfMeasurePrice><AllowDiscount>1</AllowDiscount><ItemStatus>1</ItemStatus><ItemPrice>5.90</ItemPrice></item><item><PriceUpdateDate>2016-05-02 08:05:49</PriceUpdateDate><ItemCode>7290003643769</ItemCode><ItemType>1</ItemType><ItemName>מב עדשים אדומים סוגת</ItemName><ManufacturerName>סוגת</ManufacturerName><ManufactureCountry>ישראל</ManufactureCountry><ManufacturerItemDescription>עדשים אדומות 500 גרם</ManufacturerItemDescription><SoldByWeight/><Quantity>500.00</Quantity><UnitOfMeasure>גרם     </UnitOfMeasure><QtyInPackage>לא ידוע</QtyInPackage><UnitOfMeasurePrice>0.0130</UnitOfMeasurePrice><AllowDiscount>1</AllowDiscount><ItemStatus>1</ItemStatus><ItemPrice>6.50</ItemPrice></item><item><PriceUpdateDate>2015-11-12 13:54:55</PriceUpdateDate><ItemCode>7290003643776</ItemCode><ItemType>1</ItemType><ItemName>פופקורן סוגת 500 גרם</ItemName><ManufacturerName>סוגת</ManufacturerName><ManufactureCountry>ישראל</ManufactureCountry><ManufacturerItemDescription>פופקורן 500 גרם</ManufacturerItemDescription><SoldByWeight/><Quantity>500.00</Quantity><UnitOfMeasure>גרם     </UnitOfMeasure><QtyInPackage>לא ידוע</QtyInPackage><UnitOfMeasurePrice>0.0156</UnitOfMeasurePrice><AllowDiscount>1</AllowDiscount><ItemStatus>1</ItemStatus><ItemPrice>7.80</ItemPrice></item><item><PriceUpdateDate>2016-03-29 06:17:18</PriceUpdateDate><ItemCode>7290003643806</ItemCode><ItemType>1</ItemType><ItemName>שעועית לבנה 500 גרם</ItemName><ManufacturerName>סוגת</ManufacturerName><ManufactureCountry>ישראל</ManufactureCountry><ManufacturerItemDescription>שעועית לבנה 500  גרם</ManufacturerItemDescription><SoldByWeight/><Quantity>500.00</Quantity><UnitOfMeasure>גרם     </UnitOfMeasure><QtyInPackage>לא ידוע</QtyInPackage><UnitOfMeasurePrice>0.0280</UnitOfMeasurePrice><AllowDiscount>1</AllowDiscount><ItemStatus>1</ItemStatus><ItemPrice>14.00</ItemPrice></item><item><PriceUpdateDate>2016-03-16 15:40:43</PriceUpdateDate><ItemCode>7290003667109</ItemCode><ItemType>1</ItemType><ItemName>פאנטה אורנג' 1.5 ליט</ItemName><ManufacturerName>פאנטה אורנג</ManufacturerName><ManufactureCountry>ישראל</ManufactureCountry><ManufacturerItemDescription>פאנטה אורנג1.5 ל</ManufacturerItemDescription><SoldByWeight/><Quantity>1500.00</Quantity><UnitOfMeasure>מ"ל</UnitOfMeasure><QtyInPackage>לא ידוע</QtyInPackage><UnitOfMeasurePrice>0.0046</UnitOfMeasurePrice><AllowDiscount>1</AllowDiscount><ItemStatus>1</ItemStatus><ItemPrice>6.90</ItemPrice></item><item><PriceUpdateDate>2016-05-30 22:03:56</PriceUpdateDate><ItemCode>7290003667369</ItemCode><ItemType>1</ItemType><ItemName>מיץ פריגת תות בננה 1</ItemName><ManufacturerName>פריגת</ManufacturerName><ManufactureCountry>ישראל</ManufactureCountry><ManufacturerItemDescription>מיץ פריגת תות בננה 1</ManufacturerItemDescription><SoldByWeight/><Quantity>1500.00</Quantity><UnitOfMeasure>מ"ל</UnitOfMeasure><QtyInPackage>לא ידוע</QtyInPackage><UnitOfMeasurePrice>0.0045</UnitOfMeasurePrice><AllowDiscount>0</AllowDiscount><ItemStatus>1</ItemStatus><ItemPrice>6.80</ItemPrice></item><item><PriceUpdateDate>2016-03-16 15:40:43</PriceUpdateDate><ItemCode>7290003667673</ItemCode><ItemType>1</ItemType><ItemName>פאנטה דיאט 1.5 ליטר</ItemName><ManufacturerName>דיאט פאנטה אורנג</ManufacturerName><ManufactureCountry>ישראל</ManufactureCountry><ManufacturerItemDescription>פאנטה אורנג דיאט1.5 ל</ManufacturerItemDescription><SoldByWeight/><Quantity>1500.00</Quantity><UnitOfMeasure>מ"ל</UnitOfMeasure><QtyInPackage>לא ידוע</QtyInPackage><UnitOfMeasurePrice>0.0046</UnitOfMeasurePrice><AllowDiscount>1</AllowDiscount><ItemStatus>1</ItemStatus><ItemPrice>6.90</ItemPrice></item><item><PriceUpdateDate>2015-11-12 17:24:22</PriceUpdateDate><ItemCode>7290003681211</ItemCode><ItemType>1</ItemType><ItemName>צנובר מיה 100 גרם</ItemName><ManufacturerName>מיה</ManufacturerName><ManufactureCountry>ישראל</ManufactureCountry><ManufacturerItemDescription>צנובר מיה 100 גרם</ManufacturerItemDescription><SoldByWeight/><Quantity>100.00</Quantity><UnitOfMeasure>גרם     </UnitOfMeasure><QtyInPackage>לא ידוע</QtyInPackage><UnitOfMeasurePrice>0.2860</UnitOfMeasurePrice><AllowDiscount>1</AllowDiscount><ItemStatus>1</ItemStatus><ItemPrice>28.60</ItemPrice></item><item><PriceUpdateDate>2015-10-21 13:53:41</PriceUpdateDate><ItemCode>7290003681228</ItemCode><ItemType>1</ItemType><ItemName>עלי דפנה מיה 10 גרם</ItemName><ManufacturerName>מיה</ManufacturerName><ManufactureCountry>ישראל</ManufactureCountry><ManufacturerItemDescription>עלי דפנה מיה 10 גרם</ManufacturerItemDescription><SoldByWeight/><Quantity>10.00</Quantity><UnitOfMeasure>גרם     </UnitOfMeasure><QtyInPackage>לא ידוע</QtyInPackage><UnitOfMeasurePrice>0.7700</UnitOfMeasurePrice><AllowDiscount>1</AllowDiscount><ItemStatus>1</ItemStatus><ItemPrice>7.70</ItemPrice></item><item><PriceUpdateDate>2014-11-03 06:37:33</PriceUpdateDate><ItemCode>7290003681235</ItemCode><ItemType>1</ItemType><ItemName>פלפל אנגלי מיה 50 גר</ItemName><ManufacturerName>מיה</ManufacturerName><ManufactureCountry>ישראל</ManufactureCountry><ManufacturerItemDescription>פלפל אנגלי מיה 50 גר</ManufacturerItemDescription><SoldByWeight/><Quantity>50.00</Quantity><UnitOfMeasure>גרם     </UnitOfMeasure><QtyInPackage>לא ידוע</QtyInPackage><UnitOfMeasurePrice>0.1440</UnitOfMeasurePrice><AllowDiscount>1</AllowDiscount><ItemStatus>1</ItemStatus><ItemPrice>7.20</ItemPrice></item><item><PriceUpdateDate>2014-11-03 06:37:33</PriceUpdateDate><ItemCode>7290003681730</ItemCode><ItemType>1</ItemType><ItemName>גריל דג מיה 80 גרם</ItemName><ManufacturerName>מיה</ManufacturerName><ManufactureCountry>ישראל</ManufactureCountry><ManufacturerItemDescription>גריל דג מיה 80 גרם</ManufacturerItemDescription><SoldByWeight/><Quantity>80.00</Quantity><UnitOfMeasure>גרם     </UnitOfMeasure><QtyInPackage>לא ידוע</QtyInPackage><UnitOfMeasurePrice>0.0900</UnitOfMeasurePrice><AllowDiscount>1</AllowDiscount><ItemStatus>1</ItemStatus><ItemPrice>7.20</ItemPrice></item><item><PriceUpdateDate>2016-03-29 13:00:32</PriceUpdateDate><ItemCode>7290003681792</ItemCode><ItemType>1</ItemType><ItemName>סוכריות טופי בד''צ 8</ItemName><ManufacturerName>מיה</ManufacturerName><ManufactureCountry>ישראל</ManufactureCountry><ManufacturerItemDescription>סוכריות טופי בד''צ 8</ManufacturerItemDescription><SoldByWeight/><Quantity>850.00</Quantity><UnitOfMeasure>גרם     </UnitOfMeasure><QtyInPackage>לא ידוע</QtyInPackage><UnitOfMeasurePrice>0.0222</UnitOfMeasurePrice><AllowDiscount>1</AllowDiscount><ItemStatus>1</ItemStatus><ItemPrice>18.90</ItemPrice></item><item><PriceUpdateDate>2015-10-21 13:55:31</PriceUpdateDate><ItemCode>7290003715107</ItemCode><ItemType>1</ItemType><ItemName>בוטנים קלופים 400 גר</ItemName><ManufacturerName>זארובי</ManufacturerName><ManufactureCountry>ישראל</ManufactureCountry><ManufacturerItemDescription>בוטנים קלופים 400 גר</ManufacturerItemDescription><SoldByWeight/><Quantity>400.00</Quantity><UnitOfMeasure>גרם     </UnitOfMeasure><QtyInPackage>לא ידוע</QtyInPackage><UnitOfMeasurePrice>0.0333</UnitOfMeasurePrice><AllowDiscount>1</AllowDiscount><ItemStatus>1</ItemStatus><ItemPrice>13.30</ItemPrice></item><item><PriceUpdateDate>2015-10-22 16:27:25</PriceUpdateDate><ItemCode>7290003715244</ItemCode><ItemType>1</ItemType><ItemName>קשיו קלוי 200 גרם</ItemName><ManufacturerName>זארובי</ManufacturerName><ManufactureCountry>ישראל</ManufactureCountry><ManufacturerItemDescription>קשיו קלוי 200 גרם</ManufacturerItemDescription><SoldByWeight/><Quantity>200.00</Quantity><UnitOfMeasure>גרם     </UnitOfMeasure><QtyInPackage>לא ידוע</QtyInPackage><UnitOfMeasurePrice>0.0745</UnitOfMeasurePrice><AllowDiscount>1</AllowDiscount><ItemStatus>1</ItemStatus><ItemPrice>14.90</ItemPrice></item><item><PriceUpdateDate>2014-11-03 06:38:41</PriceUpdateDate><ItemCode>7290003715299</ItemCode><ItemType>1</ItemType><ItemName>מעורב מובחר 350 גרם</ItemName><ManufacturerName>זארובי</ManufacturerName><ManufactureCountry>ישראל</ManufactureCountry><ManufacturerItemDescription>מעורב מובחר 350 גרם</ManufacturerItemDescription><SoldByWeight/><Quantity>350.00</Quantity><UnitOfMeasure>גרם     </UnitOfMeasure><QtyInPackage>לא ידוע</QtyInPackage><UnitOfMeasurePrice>0.0569</UnitOfMeasurePrice><AllowDiscount>1</AllowDiscount><ItemStatus>1</ItemStatus><ItemPrice>19.90</ItemPrice></item><item><PriceUpdateDate>2015-11-16 11:40:31</PriceUpdateDate><ItemCode>7290003715411</ItemCode><ItemType>1</ItemType><ItemName>צנובר סיני</ItemName><ManufacturerName>זארובי</ManufacturerName><ManufactureCountry>ישראל</ManufactureCountry><ManufacturerItemDescription>צנובר סיני</ManufacturerItemDescription><SoldByWeight/><Quantity>1200.00</Quantity><UnitOfMeasure>גרם     </UnitOfMeasure><QtyInPackage>לא ידוע</QtyInPackage><UnitOfMeasurePrice>0.0229</UnitOfMeasurePrice><AllowDiscount>1</AllowDiscount><ItemStatus>1</ItemStatus><ItemPrice>27.50</ItemPrice></item><item><PriceUpdateDate>2015-10-21 13:55:31</PriceUpdateDate><ItemCode>7290003715435</ItemCode><ItemType>1</ItemType><ItemName>אגוז מלך 100 גרם</ItemName><ManufacturerName>לא ממותג</ManufacturerName><ManufactureCountry>ישראל</ManufactureCountry><ManufacturerItemDescription>אגוז מלך 100 גרם</ManufacturerItemDescription><SoldByWeight/><Quantity>100.00</Quantity><UnitOfMeasure>גרם     </UnitOfMeasure><QtyInPackage>לא ידוע</QtyInPackage><UnitOfMeasurePrice>0.1280</UnitOfMeasurePrice><AllowDiscount>1</AllowDiscount><ItemStatus>1</ItemStatus><ItemPrice>12.80</ItemPrice></item><item><PriceUpdateDate>2016-05-31 12:02:37</PriceUpdateDate><ItemCode>7290003715596</ItemCode><ItemType>1</ItemType><ItemName>אגוז מלך 300 גרם</ItemName><ManufacturerName>זארובי</ManufacturerName><ManufactureCountry>ישראל</ManufactureCountry><ManufacturerItemDescription>אגוז מלך 300 גרם</ManufacturerItemDescription><SoldByWeight/><Quantity>300.00</Quantity><UnitOfMeasure>גרם     </UnitOfMeasure><QtyInPackage>לא ידוע</QtyInPackage><UnitOfMeasurePrice>0.0963</UnitOfMeasurePrice><AllowDiscount>1</AllowDiscount><ItemStatus>1</ItemStatus><ItemPrice>28.90</ItemPrice></item><item><PriceUpdateDate>2015-10-21 13:55:31</PriceUpdateDate><ItemCode>7290003715688</ItemCode><ItemType>1</ItemType><ItemName>שקד מולבן 100 גרם</ItemName><ManufacturerName>לא ממותג</ManufacturerName><ManufactureCountry>ישראל</ManufactureCountry><ManufacturerItemDescription>שקד מולבן 100 גרם</ManufacturerItemDescription><SoldByWeight/><Quantity>100.00</Quantity><UnitOfMeasure>גרם     </UnitOfMeasure><QtyInPackage>לא ידוע</QtyInPackage><UnitOfMeasurePrice>0.1280</UnitOfMeasurePrice><AllowDiscount>1</AllowDiscount><ItemStatus>1</ItemStatus><ItemPrice>12.80</ItemPrice></item><item><PriceUpdateDate>2015-10-21 13:55:31</PriceUpdateDate><ItemCode>7290003715749</ItemCode><ItemType>1</ItemType><ItemName>אגוז מלך גרוס 100 גר</ItemName><ManufacturerName>לא ממותג</ManufacturerName><ManufactureCountry>ישראל</ManufactureCountry><ManufacturerItemDescription>אגוז מלך גרוס 100 גר</ManufacturerItemDescription><SoldByWeight/><Quantity>100.00</Quantity><UnitOfMeasure>גרם     </UnitOfMeasure><QtyInPackage>לא ידוע</QtyInPackage><UnitOfMeasurePrice>0.1280</UnitOfMeasurePrice><AllowDiscount>1</AllowDiscount><ItemStatus>1</ItemStatus><ItemPrice>12.80</ItemPrice></item><item><PriceUpdateDate>2015-10-21 13:55:31</PriceUpdateDate><ItemCode>7290003715831</ItemCode><ItemType>1</ItemType><ItemName>אגוז מלך טחון 100 גר</ItemName><ManufacturerName>לא ממותג</ManufacturerName><ManufactureCountry>ישראל</ManufactureCountry><ManufacturerItemDescription>אגוז מלך טחון 100 גר</ManufacturerItemDescription><SoldByWeight/><Quantity>100.00</Quantity><UnitOfMeasure>גרם     </UnitOfMeasure><QtyInPackage>לא ידוע</QtyInPackage><UnitOfMeasurePrice>0.1280</UnitOfMeasurePrice><AllowDiscount>1</AllowDiscount><ItemStatus>1</ItemStatus><ItemPrice>12.80</ItemPrice></item><item><PriceUpdateDate>2015-10-20 16:57:36</PriceUpdateDate><ItemCode>7290003719259</ItemCode><ItemType>1</ItemType><ItemName>לחם טבעי אקסקלוסיב ל</ItemName><ManufacturerName>מאפית ליבו</ManufacturerName><ManufactureCountry>ישראל</ManufactureCountry><ManufacturerItemDescription>לחם טבעי אקסקלוסיב ל</ManufacturerItemDescription><SoldByWeight/><Quantity>1000.00</Quantity><UnitOfMeasure>גרם     </UnitOfMeasure><QtyInPackage>לא ידוע</QtyInPackage><UnitOfMeasurePrice>0.0193</UnitOfMeasurePrice><AllowDiscount>1</AllowDiscount><ItemStatus>1</ItemStatus><ItemPrice>19.30</ItemPrice></item><item><PriceUpdateDate>2016-03-29 13:00:32</PriceUpdateDate><ItemCode>7290003719280</ItemCode><ItemType>1</ItemType><ItemName>לחם דגנים קל מאפיית</ItemName><ManufacturerName>מאפית ליבו</ManufacturerName><ManufactureCountry>ישראל</ManufactureCountry><ManufacturerItemDescription>לחם דגנים קל מאפיית</ManufacturerItemDescription><SoldByWeight/><Quantity>750.00</Quantity><UnitOfMeasure>גרם     </UnitOfMeasure><QtyInPackage>לא ידוע</QtyInPackage><UnitOfMeasurePrice>0.0257</UnitOfMeasurePrice><AllowDiscount>1</AllowDiscount><ItemStatus>1</ItemStatus><ItemPrice>19.30</ItemPrice></item><item><PriceUpdateDate>2015-11-12 14:59:22</PriceUpdateDate><ItemCode>7290003744312</ItemCode><ItemType>1</ItemType><ItemName>סוכריות טעמים שונים</ItemName><ManufacturerName>אורביט</ManufacturerName><ManufactureCountry>ישראל</ManufactureCountry><ManufacturerItemDescription>סוכריות טעמים שונים</ManufacturerItemDescription><SoldByWeight/><Quantity>350.00</Quantity><UnitOfMeasure>גרם     </UnitOfMeasure><QtyInPackage>לא ידוע</QtyInPackage><UnitOfMeasurePrice>0.0520</UnitOfMeasurePrice><AllowDiscount>1</AllowDiscount><ItemStatus>1</ItemStatus><ItemPrice>18.20</ItemPrice></item><item><PriceUpdateDate>2016-05-30 22:03:57</PriceUpdateDate><ItemCode>7290003744428</ItemCode><ItemType>1</ItemType><ItemName>מב אובלטים קימל 300</ItemName><ManufacturerName>לא ממותג</ManufacturerName><ManufactureCountry>ישראל</ManufactureCountry><ManufacturerItemDescription>מב אובלטים קימל 300</ManufacturerItemDescription><SoldByWeight/><Quantity>300.00</Quantity><UnitOfMeasure>גרם     </UnitOfMeasure><QtyInPackage>לא ידוע</QtyInPackage><UnitOfMeasurePrice>0.0330</UnitOfMeasurePrice><AllowDiscount>1</AllowDiscount><ItemStatus>1</ItemStatus><ItemPrice>9.90</ItemPrice></item><item><PriceUpdateDate>2016-05-30 22:03:57</PriceUpdateDate><ItemCode>7290003744855</ItemCode><ItemType>1</ItemType><ItemName>מב אובלטים שומשום 30</ItemName><ManufacturerName>ברט</ManufacturerName><ManufactureCountry>ישראל</ManufactureCountry><ManufacturerItemDescription>מב אובלטים שומשום 30</ManufacturerItemDescription><SoldByWeight/><Quantity>300.00</Quantity><UnitOfMeasure>גרם     </UnitOfMeasure><QtyInPackage>לא ידוע</QtyInPackage><UnitOfMeasurePrice>0.0330</UnitOfMeasurePrice><AllowDiscount>1</AllowDiscount><ItemStatus>1</ItemStatus><ItemPrice>9.90</ItemPrice></item><item><PriceUpdateDate>2014-11-03 06:37:09</PriceUpdateDate><ItemCode>7290003781652</ItemCode><ItemType>1</ItemType><ItemName>צלפים 370 גרם</ItemName><ManufacturerName>וילי פוד</ManufacturerName><ManufactureCountry>ישראל</ManufactureCountry><ManufacturerItemDescription>צלפים במלח350 גר.צנצנת</ManufacturerItemDescription><SoldByWeight/><Quantity>230.00</Quantity><UnitOfMeasure>גרם     </UnitOfMeasure><QtyInPackage>לא ידוע</QtyInPackage><UnitOfMeasurePrice>0.0504</UnitOfMeasurePrice><AllowDiscount>1</AllowDiscount><ItemStatus>1</ItemStatus><ItemPrice>11.60</ItemPrice></item><item><PriceUpdateDate>2014-11-03 06:37:36</PriceUpdateDate><ItemCode>7290003782123</ItemCode><ItemType>3</ItemType><ItemName>פילה מטיאס שקיל</ItemName><ManufacturerName>מעדני מיקי</ManufacturerName><ManufactureCountry>ישראל</ManufactureCountry><ManufacturerItemDescription>פילה מטיאס שקיל</ManufacturerItemDescription><SoldByWeight/><Quantity>1.00</Quantity><UnitOfMeasure>ק"ג</UnitOfMeasure><QtyInPackage>לא ידוע</QtyInPackage><UnitOfMeasurePrice>97.0000</UnitOfMeasurePrice><AllowDiscount>1</AllowDiscount><ItemStatus>1</ItemStatus><ItemPrice>97.00</ItemPrice></item><item><PriceUpdateDate>2015-10-20 17:33:49</PriceUpdateDate><ItemCode>7290003782130</ItemCode><ItemType>3</ItemType><ItemName>פילה הרינג בשמן שקיל</ItemName><ManufacturerName>מעדני מיקי</ManufacturerName><ManufactureCountry>ישראל</ManufactureCountry><ManufacturerItemDescription>פילה הרינג בשמן שקיל</ManufacturerItemDescription><SoldByWeight/><Quantity>1.00</Quantity><UnitOfMeasure>ק"ג</UnitOfMeasure><QtyInPackage>לא ידוע</QtyInPackage><UnitOfMeasurePrice>62.2000</UnitOfMeasurePrice><AllowDiscount>1</AllowDiscount><ItemStatus>1</ItemStatus><ItemPrice>62.20</ItemPrice></item><item><PriceUpdateDate>2015-11-12 17:18:08</PriceUpdateDate><ItemCode>7290003782147</ItemCode><ItemType>3</ItemType><ItemName>מקרל בשמן שקיל</ItemName><ManufacturerName>מעדני מיקי</ManufacturerName><ManufactureCountry>ישראל</ManufactureCountry><ManufacturerItemDescription>מקרל בשמן שקיל</ManufacturerItemDescription><SoldByWeight/><Quantity>1.00</Quantity><UnitOfMeasure>ק"ג</UnitOfMeasure><QtyInPackage>לא ידוע</QtyInPackage><UnitOfMeasurePrice>109.0000</UnitOfMeasurePrice><AllowDiscount>1</AllowDiscount><ItemStatus>1</ItemStatus><ItemPrice>109.00</ItemPrice></item><item><PriceUpdateDate>2015-11-12 17:18:08</PriceUpdateDate><ItemCode>7290003782246</ItemCode><ItemType>3</ItemType><ItemName>הרינג כבוש שקיל</ItemName><ManufacturerName>מעדני מיקי</ManufacturerName><ManufactureCountry>ישראל</ManufactureCountry><ManufacturerItemDescription>הרינג כבוש שקיל</ManufacturerItemDescription><SoldByWeight/><Quantity>1.00</Quantity><UnitOfMeasure>ק"ג</UnitOfMeasure><QtyInPackage>לא ידוע</QtyInPackage><UnitOfMeasurePrice>62.2000</UnitOfMeasurePrice><AllowDiscount>1</AllowDiscount><ItemStatus>1</ItemStatus><ItemPrice>62.20</ItemPrice></item><item><PriceUpdateDate>2015-11-12 17:18:08</PriceUpdateDate><ItemCode>7290003782307</ItemCode><ItemType>3</ItemType><ItemName>סלמון נורבגי 1 ק''ג</ItemName><ManufacturerName>מעדני מיקי</ManufacturerName><ManufactureCountry>ישראל</ManufactureCountry><ManufacturerItemDescription>סלמון נורבגי 1 ק''ג</ManufacturerItemDescription><SoldByWeight/><Quantity>1.00</Quantity><UnitOfMeasure>ק"ג</UnitOfMeasure><QtyInPackage>לא ידוע</QtyInPackage><UnitOfMeasurePrice>223.1000</UnitOfMeasurePrice><AllowDiscount>1</AllowDiscount><ItemStatus>1</ItemStatus><ItemPrice>223.10</ItemPrice></item><item><PriceUpdateDate>2016-02-02 06:51:06</PriceUpdateDate><ItemCode>7290003804252</ItemCode><ItemType>1</ItemType><ItemName>תיבוליות נוסח הודי 7</ItemName><ManufacturerName>קנור</ManufacturerName><ManufactureCountry>ישראל</ManufactureCountry><ManufacturerItemDescription>תיבוליות נוסח הודי 7</ManufacturerItemDescription><SoldByWeight/><Quantity>72.00</Quantity><UnitOfMeasure>גרם     </UnitOfMeasure><QtyInPackage>לא ידוע</QtyInPackage><UnitOfMeasurePrice>0.1625</UnitOfMeasurePrice><AllowDiscount>1</AllowDiscount><ItemStatus>1</ItemStatus><ItemPrice>11.70</ItemPrice></item><item><PriceUpdateDate>2016-02-02 06:51:06</PriceUpdateDate><ItemCode>7290003804320</ItemCode><ItemType>1</ItemType><ItemName>תיבוליות שום ופטרוזי</ItemName><ManufacturerName>קנור</ManufacturerName><ManufactureCountry>ישראל</ManufactureCountry><ManufacturerItemDescription>תיבולית קנור שום ופטרוזיל</ManufacturerItemDescription><SoldByWeight/><Quantity>72.00</Quantity><UnitOfMeasure>גרם     </UnitOfMeasure><QtyInPackage>לא ידוע</QtyInPackage><UnitOfMeasurePrice>0.1625</UnitOfMeasurePrice><AllowDiscount>1</AllowDiscount><ItemStatus>1</ItemStatus><ItemPrice>11.70</ItemPrice></item><item><PriceUpdateDate>2016-05-01 21:46:45</PriceUpdateDate><ItemCode>7290003804344</ItemCode><ItemType>1</ItemType><ItemName>מרק קנור טעם עוף 400</ItemName><ManufacturerName>קנור</ManufacturerName><ManufactureCountry>ישראל</ManufactureCountry><ManufacturerItemDescription>מרקנור בטעם עוף קופסא400</ManufacturerItemDescription><SoldByWeight/><Quantity>400.00</Quantity><UnitOfMeasure>גרם     </UnitOfMeasure><QtyInPackage>לא ידוע</QtyInPackage><UnitOfMeasurePrice>0.0480</UnitOfMeasurePrice><AllowDiscount>1</AllowDiscount><ItemStatus>1</ItemStatus><ItemPrice>19.20</ItemPrice></item><item><PriceUpdateDate>2016-02-02 06:51:06</PriceUpdateDate><ItemCode>7290003804368</ItemCode><ItemType>1</ItemType><ItemName>תיבוליות בזילקום 72</ItemName><ManufacturerName>קנור</ManufacturerName><ManufactureCountry>ישראל</ManufactureCountry><ManufacturerItemDescription>תיבולית קנור בזיליקום</ManufacturerItemDescription><SoldByWeight/><Quantity>72.00</Quantity><UnitOfMeasure>גרם     </UnitOfMeasure><QtyInPackage>לא ידוע</QtyInPackage><UnitOfMeasurePrice>0.1625</UnitOfMeasurePrice><AllowDiscount>1</AllowDiscount><ItemStatus>1</ItemStatus><ItemPrice>11.70</ItemPrice></item><item><PriceUpdateDate>2016-02-02 06:51:07</PriceUpdateDate><ItemCode>7290003804375</ItemCode><ItemType>1</ItemType><ItemName>תיבוליות בניחוח צלי</ItemName><ManufacturerName>קנור</ManufacturerName><ManufactureCountry>ישראל</ManufactureCountry><ManufacturerItemDescription>תיבוליות בניחוח צלי</ManufacturerItemDescription><SoldByWeight/><Quantity>72.00</Quantity><UnitOfMeasure>גרם     </UnitOfMeasure><QtyInPackage>לא ידוע</QtyInPackage><UnitOfMeasurePrice>0.1625</UnitOfMeasurePrice><AllowDiscount>1</AllowDiscount><ItemStatus>1</ItemStatus><ItemPrice>11.70</ItemPrice></item><item><PriceUpdateDate>2016-02-02 06:51:07</PriceUpdateDate><ItemCode>7290003804382</ItemCode><ItemType>1</ItemType><ItemName>תיבוליות פטריות 72 ג</ItemName><ManufacturerName>קנור</ManufacturerName><ManufactureCountry>ישראל</ManufactureCountry><ManufacturerItemDescription>תיבוליות פטריות 72 ג</ManufacturerItemDescription><SoldByWeight/><Quantity>72.00</Quantity><UnitOfMeasure>גרם     </UnitOfMeasure><QtyInPackage>לא ידוע</QtyInPackage><UnitOfMeasurePrice>0.1625</UnitOfMeasurePrice><AllowDiscount>1</AllowDiscount><ItemStatus>1</ItemStatus><ItemPrice>11.70</ItemPrice></item><item><PriceUpdateDate>2016-02-02 06:51:07</PriceUpdateDate><ItemCode>7290003805129</ItemCode><ItemType>1</ItemType><ItemName>פירה טעם ביתי 260 גר</ItemName><ManufacturerName>קנור</ManufacturerName><ManufactureCountry>ישראל</ManufactureCountry><ManufacturerItemDescription>פירה בטעם ביתי</ManufacturerItemDescription><SoldByWeight/><Quantity>260.00</Quantity><UnitOfMeasure>גרם     </UnitOfMeasure><QtyInPackage>לא ידוע</QtyInPackage><UnitOfMeasurePrice>0.0596</UnitOfMeasurePrice><AllowDiscount>1</AllowDiscount><ItemStatus>1</ItemStatus><ItemPrice>15.50</ItemPrice></item><item><PriceUpdateDate>2016-02-02 06:51:07</PriceUpdateDate><ItemCode>7290003805136</ItemCode><ItemType>1</ItemType><ItemName>פירה טעם בצל 270 גרם</ItemName><ManufacturerName>תלמה</ManufacturerName><ManufactureCountry>ישראל</ManufactureCountry><ManufacturerItemDescription>פירה בטעם בצל 270 גר</ManufacturerItemDescription><SoldByWeight/><Quantity>270.00</Quantity><UnitOfMeasure>גרם     </UnitOfMeasure><QtyInPackage>לא ידוע</QtyInPackage><UnitOfMeasurePrice>0.0574</UnitOfMeasurePrice><AllowDiscount>1</AllowDiscount><ItemStatus>1</ItemStatus><ItemPrice>15.50</ItemPrice></item><item><PriceUpdateDate>2016-05-30 22:03:57</PriceUpdateDate><ItemCode>7290003805501</ItemCode><ItemType>1</ItemType><ItemName>פתית שוודי חסכוני בד</ItemName><ManufacturerName>פתית</ManufacturerName><ManufactureCountry>ישראל</ManufactureCountry><ManufacturerItemDescription>פתית שוודי חסכוני300 גר .</ManufacturerItemDescription><SoldByWeight/><Quantity>300.00</Quantity><UnitOfMeasure>גרם     </UnitOfMeasure><QtyInPackage>לא ידוע</QtyInPackage><UnitOfMeasurePrice>0.0590</UnitOfMeasurePrice><AllowDiscount>1</AllowDiscount><ItemStatus>1</ItemStatus><ItemPrice>17.70</ItemPrice></item><item><PriceUpdateDate>2015-12-24 09:22:23</PriceUpdateDate><ItemCode>7290003805525</ItemCode><ItemType>1</ItemType><ItemName>קורנפלקס תלמה בד"צ 7</ItemName><ManufacturerName>לא ממותג</ManufacturerName><ManufactureCountry>ישראל</ManufactureCountry><ManufacturerItemDescription>קורנפלקס תלמה בד"צ 7</ManufacturerItemDescription><SoldByWeight/><Quantity>750.00</Quantity><UnitOfMeasure>גרם     </UnitOfMeasure><QtyInPackage>לא ידוע</QtyInPackage><UnitOfMeasurePrice>0.0199</UnitOfMeasurePrice><AllowDiscount>0</AllowDiscount><ItemStatus>1</ItemStatus><ItemPrice>14.90</ItemPrice></item><item><PriceUpdateDate>2016-05-01 21:46:45</PriceUpdateDate><ItemCode>7290003805532</ItemCode><ItemType>1</ItemType><ItemName>דגני בוקר שוגי פיצי</ItemName><ManufacturerName>פיצי</ManufacturerName><ManufactureCountry>ישראל</ManufactureCountry><ManufacturerItemDescription>דגני בוקר שוגי פיצי</ManufacturerItemDescription><SoldByWeight/><Quantity>500.00</Quantity><UnitOfMeasure>גרם     </UnitOfMeasure><QtyInPackage>לא ידוע</QtyInPackage><UnitOfMeasurePrice>0.0458</UnitOfMeasurePrice><AllowDiscount>1</AllowDiscount><ItemStatus>1</ItemStatus><ItemPrice>22.90</ItemPrice></item><item><PriceUpdateDate>2016-05-30 22:03:57</PriceUpdateDate><ItemCode>7290003805556</ItemCode><ItemType>1</ItemType><ItemName>ברנפלקס 500 גרם</ItemName><ManufacturerName>ברנפלקס - תלמה</ManufacturerName><ManufactureCountry>ישראל</ManufactureCountry><ManufacturerItemDescription>ברנפלקס בדץ 500 גרם</ManufacturerItemDescription><SoldByWeight/><Quantity>500.00</Quantity><UnitOfMeasure>גרם     </UnitOfMeasure><QtyInPackage>לא ידוע</QtyInPackage><UnitOfMeasurePrice>0.0398</UnitOfMeasurePrice><AllowDiscount>1</AllowDiscount><ItemStatus>1</ItemStatus><ItemPrice>19.90</ItemPrice></item><item><PriceUpdateDate>2016-05-30 22:03:57</PriceUpdateDate><ItemCode>7290003805587</ItemCode><ItemType>1</ItemType><ItemName>פתית חיטה מלאה 250 ג</ItemName><ManufacturerName>פתית</ManufacturerName><ManufactureCountry>ישראל</ManufactureCountry><ManufacturerItemDescription>פתית חיטה מלאה בדצ 250 גר</ManufacturerItemDescription><SoldByWeight/><Quantity>250.00</Quantity><UnitOfMeasure>גרם     </UnitOfMeasure><QtyInPackage>לא ידוע</QtyInPackage><UnitOfMeasurePrice>0.0708</UnitOfMeasurePrice><AllowDiscount>1</AllowDiscount><ItemStatus>1</ItemStatus><ItemPrice>17.70</ItemPrice></item><item><PriceUpdateDate>2016-05-01 21:46:45</PriceUpdateDate><ItemCode>7290003805686</ItemCode><ItemType>1</ItemType><ItemName>קוקומן פצפוצי אורז 5</ItemName><ManufacturerName>קוקומן</ManufacturerName><ManufactureCountry>ישראל</ManufactureCountry><ManufacturerItemDescription>קוקומן פצפוצי אורז 5</ManufacturerItemDescription><SoldByWeight/><Quantity>500.00</Quantity><UnitOfMeasure>גרם     </UnitOfMeasure><QtyInPackage>לא ידוע</QtyInPackage><UnitOfMeasurePrice>0.0512</UnitOfMeasurePrice><AllowDiscount>1</AllowDiscount><ItemStatus>1</ItemStatus><ItemPrice>25.60</ItemPrice></item><item><PriceUpdateDate>2016-05-30 22:03:57</PriceUpdateDate><ItemCode>7290003805709</ItemCode><ItemType>1</ItemType><ItemName>כריות נוגט בד"צ 750</ItemName><ManufacturerName>כריות</ManufacturerName><ManufactureCountry>ישראל</ManufactureCountry><ManufacturerItemDescription>כריות נוגט 750 גרם בדצ</ManufacturerItemDescription><SoldByWeight/><Quantity>750.00</Quantity><UnitOfMeasure>גרם     </UnitOfMeasure><QtyInPackage>לא ידוע</QtyInPackage><UnitOfMeasurePrice>0.0332</UnitOfMeasurePrice><AllowDiscount>1</AllowDiscount><ItemStatus>1</ItemStatus><ItemPrice>24.90</ItemPrice></item><item><PriceUpdateDate>2015-10-11 10:46:10</PriceUpdateDate><ItemCode>7290003805716</ItemCode><ItemType>1</ItemType><ItemName>נמס בכוס ועוד זך זוג</ItemName><ManufacturerName>קנור</ManufacturerName><ManufactureCountry>ישראל</ManufactureCountry><ManufacturerItemDescription>מרקנמס בכוס ועוד זך 048 ג</ManufacturerItemDescription><SoldByWeight/><Quantity>14.00</Quantity><UnitOfMeasure>גרם     </UnitOfMeasure><QtyInPackage>לא ידוע</QtyInPackage><UnitOfMeasurePrice>0.5929</UnitOfMeasurePrice><AllowDiscount>1</AllowDiscount><ItemStatus>1</ItemStatus><ItemPrice>8.30</ItemPrice></item><item><PriceUpdateDate>2015-10-11 10:46:11</PriceUpdateDate><ItemCode>7290003805730</ItemCode><ItemType>1</ItemType><ItemName>מרק נמס בכוס ועוד עג</ItemName><ManufacturerName>קנור</ManufacturerName><ManufactureCountry>ישראל</ManufactureCountry><ManufacturerItemDescription>מרקנמס בכוס ועוד עגבניות0</ManufacturerItemDescription><SoldByWeight/><Quantity>14.00</Quantity><UnitOfMeasure>גרם     </UnitOfMeasure><QtyInPackage>לא ידוע</QtyInPackage><UnitOfMeasurePrice>0.5929</UnitOfMeasurePrice><AllowDiscount>1</AllowDiscount><ItemStatus>1</ItemStatus><ItemPrice>8.30</ItemPrice></item><item><PriceUpdateDate>2015-11-12 14:25:18</PriceUpdateDate><ItemCode>7290003806423</ItemCode><ItemType>1</ItemType><ItemName>תערובת עם פרורי לחם</ItemName><ManufacturerName>קנור</ManufacturerName><ManufactureCountry>ישראל</ManufactureCountry><ManufacturerItemDescription>תערובת עם פרורי לחם</ManufacturerItemDescription><SoldByWeight/><Quantity>180.00</Quantity><UnitOfMeasure>גרם     </UnitOfMeasure><QtyInPackage>לא ידוע</QtyInPackage><UnitOfMeasurePrice>0.0433</UnitOfMeasurePrice><AllowDiscount>1</AllowDiscount><ItemStatus>1</ItemStatus><ItemPrice>7.80</ItemPrice></item><item><PriceUpdateDate>2016-05-01 21:46:46</PriceUpdateDate><ItemCode>7290003806584</ItemCode><ItemType>1</ItemType><ItemName>דאב ספריי ללא סימן ל</ItemName><ManufacturerName>דאב</ManufacturerName><ManufactureCountry>לא ידוע</ManufactureCountry><ManufacturerItemDescription>דאב ספריי ללא סימן ל</ManufacturerItemDescription><SoldByWeight/><Quantity>150.00</Quantity><UnitOfMeasure>מ"ל</UnitOfMeasure><QtyInPackage>לא ידוע</QtyInPackage><UnitOfMeasurePrice>0.1527</UnitOfMeasurePrice><AllowDiscount>1</AllowDiscount><ItemStatus>1</ItemStatus><ItemPrice>22.90</ItemPrice></item><item><PriceUpdateDate>2016-02-02 06:51:07</PriceUpdateDate><ItemCode>7290003806645</ItemCode><ItemType>1</ItemType><ItemName>פתית תירס ללא גלוטן</ItemName><ManufacturerName>פתית</ManufacturerName><ManufactureCountry>ישראל</ManufactureCountry><ManufacturerItemDescription>פתית תירס       ל"פ200גר</ManufacturerItemDescription><SoldByWeight/><Quantity>200.00</Quantity><UnitOfMeasure>גרם     </UnitOfMeasure><QtyInPackage>לא ידוע</QtyInPackage><UnitOfMeasurePrice>0.1010</UnitOfMeasurePrice><AllowDiscount>1</AllowDiscount><ItemStatus>1</ItemStatus><ItemPrice>20.20</ItemPrice></item><item><PriceUpdateDate>2016-05-30 22:03:58</PriceUpdateDate><ItemCode>7290003806812</ItemCode><ItemType>1</ItemType><ItemName>מרכך כביסה בדין אקסט</ItemName><ManufacturerName>בדין</ManufacturerName><ManufactureCountry>ישראל</ManufactureCountry><ManufacturerItemDescription>מרכך בדין אקסטרא הדבש960</ManufacturerItemDescription><SoldByWeight/><Quantity>960.00</Quantity><UnitOfMeasure>מ"ל</UnitOfMeasure><QtyInPackage>לא ידוע</QtyInPackage><UnitOfMeasurePrice>0.0176</UnitOfMeasurePrice><AllowDiscount>0</AllowDiscount><ItemStatus>1</ItemStatus><ItemPrice>16.90</ItemPrice></item><item><PriceUpdateDate>2016-05-30 22:03:58</PriceUpdateDate><ItemCode>7290003806836</ItemCode><ItemType>1</ItemType><ItemName>מרכך כביסה בדין אקסט</ItemName><ManufacturerName>בדין</ManufacturerName><ManufactureCountry>ישראל</ManufactureCountry><ManufacturerItemDescription>מרכך בדין אקסטרא 960 מ"ל</ManufacturerItemDescription><SoldByWeight/><Quantity>960.00</Quantity><UnitOfMeasure>מ"ל</UnitOfMeasure><QtyInPackage>לא ידוע</QtyInPackage><UnitOfMeasurePrice>0.0176</UnitOfMeasurePrice><AllowDiscount>1</AllowDiscount><ItemStatus>1</ItemStatus><ItemPrice>16.90</ItemPrice></item><item><PriceUpdateDate>2015-11-12 14:24:45</PriceUpdateDate><ItemCode>7290003807314</ItemCode><ItemType>1</ItemType><ItemName>מרק עוף אמיתי קנור ר</ItemName><ManufacturerName>קנור</ManufacturerName><ManufactureCountry>ישראל</ManufactureCountry><ManufacturerItemDescription>מרק עוף אמיתי רכיבים טבעי</ManufacturerItemDescription><SoldByWeight/><Quantity>400.00</Quantity><UnitOfMeasure>גרם     </UnitOfMeasure><QtyInPackage>לא ידוע</QtyInPackage><UnitOfMeasurePrice>0.0772</UnitOfMeasurePrice><AllowDiscount>1</AllowDiscount><ItemStatus>1</ItemStatus><ItemPrice>30.90</ItemPrice></item><item><PriceUpdateDate>2015-10-21 13:52:44</PriceUpdateDate><ItemCode>7290003807352</ItemCode><ItemType>1</ItemType><ItemName>דגני בוקר שוגי 1 ק"ג</ItemName><ManufacturerName>שוגי</ManufacturerName><ManufactureCountry>ישראל</ManufactureCountry><ManufacturerItemDescription>דגני בוקר שוגי 1 ק"ג</ManufacturerItemDescription><SoldByWeight/><Quantity>1000.00</Quantity><UnitOfMeasure>גרם     </UnitOfMeasure><QtyInPackage>לא ידוע</QtyInPackage><UnitOfMeasurePrice>0.0351</UnitOfMeasurePrice><AllowDiscount>1</AllowDiscount><ItemStatus>1</ItemStatus><ItemPrice>35.10</ItemPrice></item><item><PriceUpdateDate>2016-02-02 06:51:07</PriceUpdateDate><ItemCode>7290003808649</ItemCode><ItemType>1</ItemType><ItemName>שוקולד ורד גליל זוג</ItemName><ManufacturerName>ורד הגליל</ManufacturerName><ManufactureCountry>ישראל</ManufactureCountry><ManufacturerItemDescription>שוקולד ורד גליל זוג</ManufacturerItemDescription><SoldByWeight/><Quantity>200.00</Quantity><UnitOfMeasure>גרם     </UnitOfMeasure><QtyInPackage>לא ידוע</QtyInPackage><UnitOfMeasurePrice>0.0710</UnitOfMeasurePrice><AllowDiscount>1</AllowDiscount><ItemStatus>1</ItemStatus><ItemPrice>14.20</ItemPrice></item><item><PriceUpdateDate>2015-09-30 23:37:46</PriceUpdateDate><ItemCode>7290003864478</ItemCode><ItemType>1</ItemType><ItemName>סרדין בשמן צמחי  125</ItemName><ManufacturerName>וילי פוד</ManufacturerName><ManufactureCountry>ישראל</ManufactureCountry><ManufacturerItemDescription>סרדינים בשמן צמחי 110 גר</ManufacturerItemDescription><SoldByWeight/><Quantity>85.00</Quantity><UnitOfMeasure>גרם     </UnitOfMeasure><QtyInPackage>לא ידוע</QtyInPackage><UnitOfMeasurePrice>0.0565</UnitOfMeasurePrice><AllowDiscount>1</AllowDiscount><ItemStatus>1</ItemStatus><ItemPrice>4.80</ItemPrice></item><item><PriceUpdateDate>2015-09-30 23:37:46</PriceUpdateDate><ItemCode>7290003864492</ItemCode><ItemType>1</ItemType><ItemName>סרדין בשמן חריף פתח</ItemName><ManufacturerName>.N.Y.C</ManufacturerName><ManufactureCountry>ישראל</ManufactureCountry><ManufacturerItemDescription>סרדין בשמן צמחי חריף 110</ManufacturerItemDescription><SoldByWeight/><Quantity>110.00</Quantity><UnitOfMeasure>גרם     </UnitOfMeasure><QtyInPackage>לא ידוע</QtyInPackage><UnitOfMeasurePrice>0.0436</UnitOfMeasurePrice><AllowDiscount>0</AllowDiscount><ItemStatus>1</ItemStatus><ItemPrice>4.80</ItemPrice></item><item><PriceUpdateDate>2016-05-30 22:03:58</PriceUpdateDate><ItemCode>7290003882922</ItemCode><ItemType>1</ItemType><ItemName>מב עלי גפן ממולאים ב</ItemName><ManufacturerName>7 אפ</ManufacturerName><ManufactureCountry>ישראל</ManufactureCountry><ManufacturerItemDescription>עלי גפן ממולאים באורז 400</ManufacturerItemDescription><SoldByWeight/><Quantity>360.00</Quantity><UnitOfMeasure>גרם     </UnitOfMeasure><QtyInPackage>לא ידוע</QtyInPackage><UnitOfMeasurePrice>0.0247</UnitOfMeasurePrice><AllowDiscount>1</AllowDiscount><ItemStatus>1</ItemStatus><ItemPrice>8.90</ItemPrice></item><item><PriceUpdateDate>2015-11-12 16:55:26</PriceUpdateDate><ItemCode>7290003901197</ItemCode><ItemType>1</ItemType><ItemName>שוקולד חלב+אגוזים  4</ItemName><ManufacturerName>פרה</ManufacturerName><ManufactureCountry>ישראל</ManufactureCountry><ManufacturerItemDescription>שוקולד חלב+אגוזים  4</ManufacturerItemDescription><SoldByWeight/><Quantity>400.00</Quantity><UnitOfMeasure>גרם     </UnitOfMeasure><QtyInPackage>לא ידוע</QtyInPackage><UnitOfMeasurePrice>0.0865</UnitOfMeasurePrice><AllowDiscount>1</AllowDiscount><ItemStatus>1</ItemStatus><ItemPrice>34.60</ItemPrice></item><item><PriceUpdateDate>2014-11-03 06:36:39</PriceUpdateDate><ItemCode>7290003903788</ItemCode><ItemType>1</ItemType><ItemName>קפוצינו וניל 200 גרם</ItemName><ManufacturerName>עלית קפוצינו</ManufacturerName><ManufactureCountry>ישראל</ManufactureCountry><ManufacturerItemDescription>קפוצינו וניל 200 גרם</ManufacturerItemDescription><SoldByWeight/><Quantity>200.00</Quantity><UnitOfMeasure>גרם     </UnitOfMeasure><QtyInPackage>לא ידוע</QtyInPackage><UnitOfMeasurePrice>0.1495</UnitOfMeasurePrice><AllowDiscount>1</AllowDiscount><ItemStatus>1</ItemStatus><ItemPrice>29.90</ItemPrice></item><item><PriceUpdateDate>2016-02-16 15:55:40</PriceUpdateDate><ItemCode>7290003903955</ItemCode><ItemType>1</ItemType><ItemName>שוקולד פרה קרם חלב 1</ItemName><ManufacturerName>פרה</ManufacturerName><ManufactureCountry>ישראל</ManufactureCountry><ManufacturerItemDescription>שוקולד פרה קרם חלב 100 גר</ManufacturerItemDescription><SoldByWeight/><Quantity>100.00</Quantity><UnitOfMeasure>גרם     </UnitOfMeasure><QtyInPackage>לא ידוע</QtyInPackage><UnitOfMeasurePrice>0.0690</UnitOfMeasurePrice><AllowDiscount>0</AllowDiscount><ItemStatus>1</ItemStatus><ItemPrice>6.90</ItemPrice></item><item><PriceUpdateDate>2016-03-16 15:40:44</PriceUpdateDate><ItemCode>7290003904389</ItemCode><ItemType>1</ItemType><ItemName>שוקולד פרה מריר ללא</ItemName><ManufacturerName>פרה</ManufacturerName><ManufactureCountry>ישראל</ManufactureCountry><ManufacturerItemDescription>שוקולד פרה מריר ללא סוכר1</ManufacturerItemDescription><SoldByWeight/><Quantity>100.00</Quantity><UnitOfMeasure>גרם     </UnitOfMeasure><QtyInPackage>לא ידוע</QtyInPackage><UnitOfMeasurePrice>0.0950</UnitOfMeasurePrice><AllowDiscount>1</AllowDiscount><ItemStatus>1</ItemStatus><ItemPrice>9.50</ItemPrice></item><item><PriceUpdateDate>2016-02-16 15:55:40</PriceUpdateDate><ItemCode>7290003905331</ItemCode><ItemType>1</ItemType><ItemName>שוקולד פרה חלב אגוזי</ItemName><ManufacturerName>פרה</ManufacturerName><ManufactureCountry>ישראל</ManufactureCountry><ManufacturerItemDescription>שוקולד פרה חלב+אגוזים 100</ManufacturerItemDescription><SoldByWeight/><Quantity>100.00</Quantity><UnitOfMeasure>גרם     </UnitOfMeasure><QtyInPackage>לא ידוע</QtyInPackage><UnitOfMeasurePrice>0.0690</UnitOfMeasurePrice><AllowDiscount>0</AllowDiscount><ItemStatus>1</ItemStatus><ItemPrice>6.90</ItemPrice></item><item><PriceUpdateDate>2016-03-16 15:40:44</PriceUpdateDate><ItemCode>7290003905362</ItemCode><ItemType>1</ItemType><ItemName>שוקולד חלב פרה ללא ס</ItemName><ManufacturerName>פרה</ManufacturerName><ManufactureCountry>ישראל</ManufactureCountry><ManufacturerItemDescription>שוקולד חלב ללא סוכר 100 ג</ManufacturerItemDescription><SoldByWeight/><Quantity>100.00</Quantity><UnitOfMeasure>גרם     </UnitOfMeasure><QtyInPackage>לא ידוע</QtyInPackage><UnitOfMeasurePrice>0.0950</UnitOfMeasurePrice><AllowDiscount>1</AllowDiscount><ItemStatus>1</ItemStatus><ItemPrice>9.50</ItemPrice></item><item><PriceUpdateDate>2015-10-20 16:39:48</PriceUpdateDate><ItemCode>7290003989096</ItemCode><ItemType>1</ItemType><ItemName>חציל פיקנטי 500 גרם</ItemName><ManufacturerName>אחלה</ManufacturerName><ManufactureCountry>ישראל</ManufactureCountry><ManufacturerItemDescription>סלט 500חציל פיקנטי אחלה</ManufacturerItemDescription><SoldByWeight/><Quantity>500.00</Quantity><UnitOfMeasure>גרם     </UnitOfMeasure><QtyInPackage>לא ידוע</QtyInPackage><UnitOfMeasurePrice>0.0374</UnitOfMeasurePrice><AllowDiscount>1</AllowDiscount><ItemStatus>1</ItemStatus><ItemPrice>18.70</ItemPrice></item><item><PriceUpdateDate>2016-02-02 06:51:08</PriceUpdateDate><ItemCode>7290003989539</ItemCode><ItemType>1</ItemType><ItemName>רביולי במילוי גבינה</ItemName><ManufacturerName>שטראוס</ManufacturerName><ManufactureCountry>ישראל</ManufactureCountry><ManufacturerItemDescription>פסטהשטראוס רביולי גבינה40</ManufacturerItemDescription><SoldByWeight/><Quantity>400.00</Quantity><UnitOfMeasure>גרם     </UnitOfMeasure><QtyInPackage>לא ידוע</QtyInPackage><UnitOfMeasurePrice>0.0522</UnitOfMeasurePrice><AllowDiscount>1</AllowDiscount><ItemStatus>1</ItemStatus><ItemPrice>20.90</ItemPrice></item><item><PriceUpdateDate>2016-06-01 09:41:31</PriceUpdateDate><ItemCode>7290004011284</ItemCode><ItemType>1</ItemType><ItemName>מב קצפת ריצ' פרווה 2</ItemName><ManufacturerName>ריצ</ManufacturerName><ManufactureCountry>ארצות הברית</ManufactureCountry><ManufacturerItemDescription>בייבי ביס       נה 50 גר</ManufacturerItemDescription><SoldByWeight/><Quantity>212.00</Quantity><UnitOfMeasure>מ"ל</UnitOfMeasure><QtyInPackage>לא ידוע</QtyInPackage><UnitOfMeasurePrice>0.0325</UnitOfMeasurePrice><AllowDiscount>1</AllowDiscount><ItemStatus>1</ItemStatus><ItemPrice>6.90</ItemPrice></item><item><PriceUpdateDate>2015-11-12 18:17:55</PriceUpdateDate><ItemCode>7290004011291</ItemCode><ItemType>1</ItemType><ItemName>קצפת ריצ' פרווה 425</ItemName><ManufacturerName>ריצ</ManufacturerName><ManufactureCountry>ארצות הברית</ManufactureCountry><ManufacturerItemDescription>דאק דיסק ג'ל    לה לבנדר</ManufacturerItemDescription><SoldByWeight/><Quantity>425.00</Quantity><UnitOfMeasure>מ"ל</UnitOfMeasure><QtyInPackage>לא ידוע</QtyInPackage><UnitOfMeasurePrice>0.0447</UnitOfMeasurePrice><AllowDiscount>1</AllowDiscount><ItemStatus>1</ItemStatus><ItemPrice>19.00</ItemPrice></item><item><PriceUpdateDate>2016-03-30 06:52:58</PriceUpdateDate><ItemCode>7290004011338</ItemCode><ItemType>1</ItemType><ItemName>מב קצפת ריצ' חלבי במ</ItemName><ManufacturerName>ריצ</ManufacturerName><ManufactureCountry>איטליה</ManufactureCountry><ManufacturerItemDescription>רייד בליסטר2X   וי+מכשיר</ManufacturerItemDescription><SoldByWeight/><Quantity>250.00</Quantity><UnitOfMeasure>גרם     </UnitOfMeasure><QtyInPackage>לא ידוע</QtyInPackage><UnitOfMeasurePrice>0.0396</UnitOfMeasurePrice><AllowDiscount>1</AllowDiscount><ItemStatus>1</ItemStatus><ItemPrice>9.90</ItemPrice></item><item><PriceUpdateDate>2016-03-30 06:52:58</PriceUpdateDate><ItemCode>7290004011345</ItemCode><ItemType>1</ItemType><ItemName>מב קצפת ריצ' פרווה ב</ItemName><ManufacturerName>ריצ</ManufacturerName><ManufactureCountry>ישראל</ManufactureCountry><ManufacturerItemDescription>קצפת ריצ פרווה במיכל 250</ManufacturerItemDescription><SoldByWeight/><Quantity>250.00</Quantity><UnitOfMeasure>גרם     </UnitOfMeasure><QtyInPackage>לא ידוע</QtyInPackage><UnitOfMeasurePrice>0.0396</UnitOfMeasurePrice><AllowDiscount>1</AllowDiscount><ItemStatus>1</ItemStatus><ItemPrice>9.90</ItemPrice></item><item><PriceUpdateDate>2016-05-30 22:03:59</PriceUpdateDate><ItemCode>7290004030018</ItemCode><ItemType>1</ItemType><ItemName>מב מיץ לימון 100% סח</ItemName><ManufacturerName>פריניב סחוט</ManufacturerName><ManufactureCountry>ישראל</ManufactureCountry><ManufacturerItemDescription>מב מיץ לימון 100% סח</ManufacturerItemDescription><SoldByWeight/><Quantity>500.00</Quantity><UnitOfMeasure>מ"ל</UnitOfMeasure><QtyInPackage>לא ידוע</QtyInPackage><UnitOfMeasurePrice>0.0138</UnitOfMeasurePrice><AllowDiscount>1</AllowDiscount><ItemStatus>1</ItemStatus><ItemPrice>6.90</ItemPrice></item><item><PriceUpdateDate>2016-05-30 22:03:59</PriceUpdateDate><ItemCode>7290004030223</ItemCode><ItemType>1</ItemType><ItemName>מב מיץ סחוט תפוח 1 ל</ItemName><ManufacturerName>פריניב סחוט</ManufacturerName><ManufactureCountry>ישראל</ManufactureCountry><ManufacturerItemDescription>מב מיץ סחוט תפוח 1 ל</ManufacturerItemDescription><SoldByWeight/><Quantity>1000.00</Quantity><UnitOfMeasure>מ"ל</UnitOfMeasure><QtyInPackage>לא ידוע</QtyInPackage><UnitOfMeasurePrice>0.0142</UnitOfMeasurePrice><AllowDiscount>1</AllowDiscount><ItemStatus>1</ItemStatus><ItemPrice>14.20</ItemPrice></item><item><PriceUpdateDate>2016-03-29 13:00:32</PriceUpdateDate><ItemCode>7290004030414</ItemCode><ItemType>1</ItemType><ItemName>מיץ סחוט תפוזים 2 לי</ItemName><ManufacturerName>פריניב סחוט</ManufacturerName><ManufactureCountry>ישראל</ManufactureCountry><ManufacturerItemDescription>מיץ תפוזים 2 ליטר</ManufacturerItemDescription><SoldByWeight/><Quantity>2000.00</Quantity><UnitOfMeasure>מ"ל</UnitOfMeasure><QtyInPackage>לא ידוע</QtyInPackage><UnitOfMeasurePrice>0.0099</UnitOfMeasurePrice><AllowDiscount>1</AllowDiscount><ItemStatus>1</ItemStatus><ItemPrice>19.90</ItemPrice></item><item><PriceUpdateDate>2016-05-30 22:04:00</PriceUpdateDate><ItemCode>7290004030445</ItemCode><ItemType>1</ItemType><ItemName>מב מיץ סחוט תפוז 1 ל</ItemName><ManufacturerName>פריניב סחוט</ManufacturerName><ManufactureCountry>ישראל</ManufactureCountry><ManufacturerItemDescription>מיץ תפוזים1 ליטר</ManufacturerItemDescription><SoldByWeight/><Quantity>1000.00</Quantity><UnitOfMeasure>מ"ל</UnitOfMeasure><QtyInPackage>לא ידוע</QtyInPackage><UnitOfMeasurePrice>0.0103</UnitOfMeasurePrice><AllowDiscount>1</AllowDiscount><ItemStatus>1</ItemStatus><ItemPrice>10.30</ItemPrice></item><item><PriceUpdateDate>2016-05-30 22:04:00</PriceUpdateDate><ItemCode>7290004030544</ItemCode><ItemType>1</ItemType><ItemName>מב מיץ לימונענע 1 לי</ItemName><ManufacturerName>פריניב סחוט</ManufacturerName><ManufactureCountry>ישראל</ManufactureCountry><ManufacturerItemDescription>מב מיץ לימונענע 1 לי</ManufacturerItemDescription><SoldByWeight/><Quantity>1000.00</Quantity><UnitOfMeasure>מ"ל</UnitOfMeasure><QtyInPackage>לא ידוע</QtyInPackage><UnitOfMeasurePrice>0.0103</UnitOfMeasurePrice><AllowDiscount>1</AllowDiscount><ItemStatus>1</ItemStatus><ItemPrice>10.30</ItemPrice></item><item><PriceUpdateDate>2016-06-13 13:03:31</PriceUpdateDate><ItemCode>7290004030643</ItemCode><ItemType>1</ItemType><ItemName>מיץ לימונדה לואיזה 2</ItemName><ManufacturerName>פריניב סחוט</ManufacturerName><ManufactureCountry>ישראל</ManufactureCountry><ManufacturerItemDescription>מיץ לימונדה לואיזה ולימון</ManufacturerItemDescription><SoldByWeight/><Quantity>2000.00</Quantity><UnitOfMeasure>מ"ל</UnitOfMeasure><QtyInPackage>לא ידוע</QtyInPackage><UnitOfMeasurePrice>0.0099</UnitOfMeasurePrice><AllowDiscount>1</AllowDiscount><ItemStatus>1</ItemStatus><ItemPrice>19.90</ItemPrice></item><item><PriceUpdateDate>2016-05-30 22:04:00</PriceUpdateDate><ItemCode>7290004030698</ItemCode><ItemType>1</ItemType><ItemName>מב נקטר חמוציות 2 לי</ItemName><ManufacturerName>פריניב סחוט</ManufacturerName><ManufactureCountry>ישראל</ManufactureCountry><ManufacturerItemDescription>מב נקטר חמוציות 2 לי</ManufacturerItemDescription><SoldByWeight/><Quantity>2000.00</Quantity><UnitOfMeasure>מ"ל</UnitOfMeasure><QtyInPackage>לא ידוע</QtyInPackage><UnitOfMeasurePrice>0.0080</UnitOfMeasurePrice><AllowDiscount>1</AllowDiscount><ItemStatus>1</ItemStatus><ItemPrice>15.90</ItemPrice></item><item><PriceUpdateDate>2016-05-30 22:04:00</PriceUpdateDate><ItemCode>7290004030834</ItemCode><ItemType>1</ItemType><ItemName>מב מיץ סחוט רימונים</ItemName><ManufacturerName>פריניב סחוט</ManufacturerName><ManufactureCountry>ישראל</ManufactureCountry><ManufacturerItemDescription>מיץ רימונים 1 100% ליטר</ManufacturerItemDescription><SoldByWeight/><Quantity>1000.00</Quantity><UnitOfMeasure>מ"ל</UnitOfMeasure><QtyInPackage>לא ידוע</QtyInPackage><UnitOfMeasurePrice>0.0202</UnitOfMeasurePrice><AllowDiscount>1</AllowDiscount><ItemStatus>1</ItemStatus><ItemPrice>20.20</ItemPrice></item><item><PriceUpdateDate>2016-06-13 13:03:31</PriceUpdateDate><ItemCode>7290004030957</ItemCode><ItemType>1</ItemType><ItemName>מיץ לימונדה בלדי 2 ל</ItemName><ManufacturerName>פריניב סחוט</ManufacturerName><ManufactureCountry>ישראל</ManufactureCountry><ManufacturerItemDescription>מיץ לימונדה בלדי 2 ל</ManufacturerItemDescription><SoldByWeight/><Quantity>2000.00</Quantity><UnitOfMeasure>מ"ל</UnitOfMeasure><QtyInPackage>לא ידוע</QtyInPackage><UnitOfMeasurePrice>0.0099</UnitOfMeasurePrice><AllowDiscount>1</AllowDiscount><ItemStatus>1</ItemStatus><ItemPrice>19.90</ItemPrice></item><item><PriceUpdateDate>2016-06-01 09:41:26</PriceUpdateDate><ItemCode>7290004030964</ItemCode><ItemType>1</ItemType><ItemName>מיץ תפוח צלול 2 ליטר</ItemName><ManufacturerName>פריניב סחוט</ManufacturerName><ManufactureCountry>ישראל</ManufactureCountry><ManufacturerItemDescription>מיץ תפוח צלול 2 ליטר</ManufacturerItemDescription><SoldByWeight/><Quantity>2000.00</Quantity><UnitOfMeasure>מ"ל</UnitOfMeasure><QtyInPackage>לא ידוע</QtyInPackage><UnitOfMeasurePrice>0.0099</UnitOfMeasurePrice><AllowDiscount>1</AllowDiscount><ItemStatus>1</ItemStatus><ItemPrice>19.90</ItemPrice></item><item><PriceUpdateDate>2015-09-30 23:37:46</PriceUpdateDate><ItemCode>7290004063016</ItemCode><ItemType>1</ItemType><ItemName>מלח שולחן 1 קג</ItemName><ManufacturerName>סלית</ManufacturerName><ManufactureCountry>ישראל</ManufactureCountry><ManufacturerItemDescription>מלח שולחן מעולה דק 1 קג פ</ManufacturerItemDescription><SoldByWeight/><Quantity>1000.00</Quantity><UnitOfMeasure>גרם     </UnitOfMeasure><QtyInPackage>לא ידוע</QtyInPackage><UnitOfMeasurePrice>0.0021</UnitOfMeasurePrice><AllowDiscount>1</AllowDiscount><ItemStatus>1</ItemStatus><ItemPrice>2.07</ItemPrice></item><item><PriceUpdateDate>2016-03-29 13:00:32</PriceUpdateDate><ItemCode>7290004063092</ItemCode><ItemType>1</ItemType><ItemName>מלח קריסטל למדיח 2 ק</ItemName><ManufacturerName>לא ממותג</ManufacturerName><ManufactureCountry>ישראל</ManufactureCountry><ManufacturerItemDescription>מלח קריסטל למדיח 2 ק</ManufacturerItemDescription><SoldByWeight/><Quantity>2000.00</Quantity><UnitOfMeasure>גרם     </UnitOfMeasure><QtyInPackage>לא ידוע</QtyInPackage><UnitOfMeasurePrice>0.0058</UnitOfMeasurePrice><AllowDiscount>1</AllowDiscount><ItemStatus>1</ItemStatus><ItemPrice>11.50</ItemPrice></item><item><PriceUpdateDate>2015-09-30 23:37:46</PriceUpdateDate><ItemCode>7290004063115</ItemCode><ItemType>1</ItemType><ItemName>מלח בישול 1 קג</ItemName><ManufacturerName>לא ממותג</ManufacturerName><ManufactureCountry>ישראל</ManufactureCountry><ManufacturerItemDescription>מלח בישול1 קג     פיקוח</ManufacturerItemDescription><SoldByWeight/><Quantity>1000.00</Quantity><UnitOfMeasure>גרם     </UnitOfMeasure><QtyInPackage>לא ידוע</QtyInPackage><UnitOfMeasurePrice>0.0021</UnitOfMeasurePrice><AllowDiscount>1</AllowDiscount><ItemStatus>1</ItemStatus><ItemPrice>2.07</ItemPrice></item><item><PriceUpdateDate>2015-11-12 17:26:03</PriceUpdateDate><ItemCode>7290004068172</ItemCode><ItemType>1</ItemType><ItemName>יוגורט מחלב עיזים 5%</ItemName><ManufacturerName>גד</ManufacturerName><ManufactureCountry>ישראל</ManufactureCountry><ManufacturerItemDescription>יוגורט עיזים 600 5% גרם</ManufacturerItemDescription><SoldByWeight/><Quantity>600.00</Quantity><UnitOfMeasure>גרם     </UnitOfMeasure><QtyInPackage>לא ידוע</QtyInPackage><UnitOfMeasurePrice>0.0343</UnitOfMeasurePrice><AllowDiscount>1</AllowDiscount><ItemStatus>1</ItemStatus><ItemPrice>20.60</ItemPrice></item><item><PriceUpdateDate>2016-01-31 10:18:49</PriceUpdateDate><ItemCode>7290004068523</ItemCode><ItemType>3</ItemType><ItemName>גבינה צהובה גד 28% ב</ItemName><ManufacturerName>לא ממותג</ManufacturerName><ManufactureCountry>ישראל</ManufactureCountry><ManufacturerItemDescription>גבינה צהובה גד 28% ב</ManufacturerItemDescription><SoldByWeight/><Quantity>1.00</Quantity><UnitOfMeasure>ק"ג</UnitOfMeasure><QtyInPackage>לא ידוע</QtyInPackage><UnitOfMeasurePrice>37.9000</UnitOfMeasurePrice><AllowDiscount>1</AllowDiscount><ItemStatus>1</ItemStatus><ItemPrice>37.90</ItemPrice></item><item><PriceUpdateDate>2016-05-30 22:04:00</PriceUpdateDate><ItemCode>7290004078263</ItemCode><ItemType>1</ItemType><ItemName>מב בלונס צמרונים זוג</ItemName><ManufacturerName>בלונס</ManufacturerName><ManufactureCountry>ישראל</ManufactureCountry><ManufacturerItemDescription>מב בלונס צמרונים זוג</ManufacturerItemDescription><SoldByWeight/><Quantity>0.00</Quantity><UnitOfMeasure>יח'</UnitOfMeasure><QtyInPackage>לא ידוע</QtyInPackage><UnitOfMeasurePrice>0.0000</UnitOfMeasurePrice><AllowDiscount>1</AllowDiscount><ItemStatus>1</ItemStatus><ItemPrice>9.90</ItemPrice></item><item><PriceUpdateDate>2016-03-01 06:43:24</PriceUpdateDate><ItemCode>7290004078379</ItemCode><ItemType>1</ItemType><ItemName>משחת שיניים קולגייט</ItemName><ManufacturerName>קולגייט</ManufacturerName><ManufactureCountry>פולין</ManufactureCountry><ManufacturerItemDescription>דאק סטריפ       בנדר10יח</ManufacturerItemDescription><SoldByWeight/><Quantity>100.00</Quantity><UnitOfMeasure>מ"ל</UnitOfMeasure><QtyInPackage>לא ידוע</QtyInPackage><UnitOfMeasurePrice>0.2190</UnitOfMeasurePrice><AllowDiscount>1</AllowDiscount><ItemStatus>1</ItemStatus><ItemPrice>21.90</ItemPrice></item><item><PriceUpdateDate>2015-11-11 08:00:00</PriceUpdateDate><ItemCode>7290004078690</ItemCode><ItemType>1</ItemType><ItemName>אג'קס לניקוי שרותים</ItemName><ManufacturerName>אג'קס</ManufacturerName><ManufactureCountry>צרפת</ManufactureCountry><ManufacturerItemDescription>אג'קס מרענן     750 מ"ל</ManufacturerItemDescription><SoldByWeight/><Quantity>750.00</Quantity><UnitOfMeasure>מ"ל</UnitOfMeasure><QtyInPackage>לא ידוע</QtyInPackage><UnitOfMeasurePrice>0.0247</UnitOfMeasurePrice><AllowDiscount>1</AllowDiscount><ItemStatus>1</ItemStatus><ItemPrice>18.50</ItemPrice></item><item><PriceUpdateDate>2016-06-13 13:03:31</PriceUpdateDate><ItemCode>7290004119225</ItemCode><ItemType>1</ItemType><ItemName>יופלה אננס 3% 150 גר</ItemName><ManufacturerName>יופלה</ManufacturerName><ManufactureCountry>ישראל</ManufactureCountry><ManufacturerItemDescription>יופלה אננס 150 3% מל</ManufacturerItemDescription><SoldByWeight/><Quantity>150.00</Quantity><UnitOfMeasure>גרם     </UnitOfMeasure><QtyInPackage>לא ידוע</QtyInPackage><UnitOfMeasurePrice>0.0327</UnitOfMeasurePrice><AllowDiscount>1</AllowDiscount><ItemStatus>1</ItemStatus><ItemPrice>4.90</ItemPrice></item><item><PriceUpdateDate>2015-10-11 12:50:04</PriceUpdateDate><ItemCode>7290004119522</ItemCode><ItemType>1</ItemType><ItemName>שוקו תנובה בשקית 225</ItemName><ManufacturerName>שוק</ManufacturerName><ManufactureCountry>ישראל</ManufactureCountry><ManufacturerItemDescription>שוקו שוק בשקית 225 מל</ManufacturerItemDescription><SoldByWeight/><Quantity>225.00</Quantity><UnitOfMeasure>מ"ל</UnitOfMeasure><QtyInPackage>לא ידוע</QtyInPackage><UnitOfMeasurePrice>0.0129</UnitOfMeasurePrice><AllowDiscount>1</AllowDiscount><ItemStatus>1</ItemStatus><ItemPrice>2.90</ItemPrice></item><item><PriceUpdateDate>2015-10-20 16:43:03</PriceUpdateDate><ItemCode>7290004119928</ItemCode><ItemType>1</ItemType><ItemName>מעדן קרלו וניל 1.5%</ItemName><ManufacturerName>קרלו</ManufacturerName><ManufactureCountry>ישראל</ManufactureCountry><ManufacturerItemDescription>קרלו מעדן וניל125 3%מל</ManufacturerItemDescription><SoldByWeight/><Quantity>125.00</Quantity><UnitOfMeasure>גרם     </UnitOfMeasure><QtyInPackage>לא ידוע</QtyInPackage><UnitOfMeasurePrice>0.0240</UnitOfMeasurePrice><AllowDiscount>1</AllowDiscount><ItemStatus>1</ItemStatus><ItemPrice>3.00</ItemPrice></item><item><PriceUpdateDate>2015-10-11 12:50:04</PriceUpdateDate><ItemCode>7290004119973</ItemCode><ItemType>1</ItemType><ItemName>מעדן קרלו שוקו 1.5%</ItemName><ManufacturerName>קרלו</ManufacturerName><ManufactureCountry>ישראל</ManufactureCountry><ManufacturerItemDescription>קרלו מעדן שוקו125 3% מל</ManufacturerItemDescription><SoldByWeight/><Quantity>125.00</Quantity><UnitOfMeasure>מ"ל</UnitOfMeasure><QtyInPackage>לא ידוע</QtyInPackage><UnitOfMeasurePrice>0.0240</UnitOfMeasurePrice><AllowDiscount>1</AllowDiscount><ItemStatus>1</ItemStatus><ItemPrice>3.00</ItemPrice></item><item><PriceUpdateDate>2015-10-11 12:50:04</PriceUpdateDate><ItemCode>7290004120061</ItemCode><ItemType>1</ItemType><ItemName>מעדן קרלו שוניל 1.5%</ItemName><ManufacturerName>קרלו</ManufacturerName><ManufactureCountry>ישראל</ManufactureCountry><ManufacturerItemDescription>קרלו מעדן שוניל 125 1.5%</ManufacturerItemDescription><SoldByWeight/><Quantity>125.00</Quantity><UnitOfMeasure>גרם     </UnitOfMeasure><QtyInPackage>לא ידוע</QtyInPackage><UnitOfMeasurePrice>0.0248</UnitOfMeasurePrice><AllowDiscount>1</AllowDiscount><ItemStatus>1</ItemStatus><ItemPrice>3.10</ItemPrice></item><item><PriceUpdateDate>2016-02-15 08:36:53</PriceUpdateDate><ItemCode>7290004120108</ItemCode><ItemType>1</ItemType><ItemName>יופלה דיאט דובדבן 0%</ItemName><ManufacturerName>יופלה</ManufacturerName><ManufactureCountry>ישראל</ManufactureCountry><ManufacturerItemDescription>יופלה דיאט דובדבן 150 מל</ManufacturerItemDescription><SoldByWeight/><Quantity>150.00</Quantity><UnitOfMeasure>גרם     </UnitOfMeasure><QtyInPackage>לא ידוע</QtyInPackage><UnitOfMeasurePrice>0.0353</UnitOfMeasurePrice><AllowDiscount>1</AllowDiscount><ItemStatus>1</ItemStatus><ItemPrice>5.30</ItemPrice></item><item><PriceUpdateDate>2016-03-29 06:17:19</PriceUpdateDate><ItemCode>7290004120269</ItemCode><ItemType>1</ItemType><ItemName>שוקו תנובה בשקית מאר</ItemName><ManufacturerName>תנובה</ManufacturerName><ManufactureCountry>ישראל</ManufactureCountry><ManufacturerItemDescription>שוקו מאגדת שקיות 225*6 מל</ManufacturerItemDescription><SoldByWeight/><Quantity>1350.00</Quantity><UnitOfMeasure>מ"ל</UnitOfMeasure><QtyInPackage>לא ידוע</QtyInPackage><UnitOfMeasurePrice>0.0124</UnitOfMeasurePrice><AllowDiscount>1</AllowDiscount><ItemStatus>1</ItemStatus><ItemPrice>16.70</ItemPrice></item><item><PriceUpdateDate>2016-03-29 06:17:19</PriceUpdateDate><ItemCode>7290004120573</ItemCode><ItemType>1</ItemType><ItemName>גבינה בולגרית 16% פי</ItemName><ManufacturerName>פיראוס</ManufacturerName><ManufactureCountry>ישראל</ManufactureCountry><ManufacturerItemDescription>גבינה בולגרית פיראוס250-1</ManufacturerItemDescription><SoldByWeight/><Quantity>250.00</Quantity><UnitOfMeasure>גרם     </UnitOfMeasure><QtyInPackage>לא ידוע</QtyInPackage><UnitOfMeasurePrice>0.0960</UnitOfMeasurePrice><AllowDiscount>1</AllowDiscount><ItemStatus>1</ItemStatus><ItemPrice>24.00</ItemPrice></item><item><PriceUpdateDate>2016-03-29 06:17:19</PriceUpdateDate><ItemCode>7290004120634</ItemCode><ItemType>1</ItemType><ItemName>גבינה בולגית 5% פירא</ItemName><ManufacturerName>פיראוס</ManufacturerName><ManufactureCountry>ישראל</ManufactureCountry><ManufacturerItemDescription>גבינה בולגרית פיראוס250-5</ManufacturerItemDescription><SoldByWeight/><Quantity>250.00</Quantity><UnitOfMeasure>גרם     </UnitOfMeasure><QtyInPackage>לא ידוע</QtyInPackage><UnitOfMeasurePrice>0.0908</UnitOfMeasurePrice><AllowDiscount>1</AllowDiscount><ItemStatus>1</ItemStatus><ItemPrice>22.70</ItemPrice></item><item><PriceUpdateDate>2016-02-15 08:36:53</PriceUpdateDate><ItemCode>7290004121488</ItemCode><ItemType>1</ItemType><ItemName>יופלה דיאט אפרסק 0%</ItemName><ManufacturerName>יופלה</ManufacturerName><ManufactureCountry>ישראל</ManufactureCountry><ManufacturerItemDescription>יופלה דיאט אפרסק 150 גרם</ManufacturerItemDescription><SoldByWeight/><Quantity>150.00</Quantity><UnitOfMeasure>גרם     </UnitOfMeasure><QtyInPackage>לא ידוע</QtyInPackage><UnitOfMeasurePrice>0.0353</UnitOfMeasurePrice><AllowDiscount>1</AllowDiscount><ItemStatus>1</ItemStatus><ItemPrice>5.30</ItemPrice></item><item><PriceUpdateDate>2016-05-01 21:46:47</PriceUpdateDate><ItemCode>7290004121525</ItemCode><ItemType>1</ItemType><ItemName>מאגדת יופלה3% אפרסק/</ItemName><ManufacturerName>יופלה</ManufacturerName><ManufactureCountry>ישראל</ManufactureCountry><ManufacturerItemDescription>מאגדת יופלה3% אפרסק/</ManufacturerItemDescription><SoldByWeight/><Quantity>2880.00</Quantity><UnitOfMeasure>מ"ל</UnitOfMeasure><QtyInPackage>לא ידוע</QtyInPackage><UnitOfMeasurePrice>0.0110</UnitOfMeasurePrice><AllowDiscount>1</AllowDiscount><ItemStatus>1</ItemStatus><ItemPrice>31.60</ItemPrice></item><item><PriceUpdateDate>2016-06-13 13:03:31</PriceUpdateDate><ItemCode>7290004121754</ItemCode><ItemType>1</ItemType><ItemName>יופלה עוגת גבינה 3%</ItemName><ManufacturerName>יופלה</ManufacturerName><ManufactureCountry>ישראל</ManufactureCountry><ManufacturerItemDescription>יופלה עוגת קרם גבינה ותות</ManufacturerItemDescription><SoldByWeight/><Quantity>150.00</Quantity><UnitOfMeasure>גרם     </UnitOfMeasure><QtyInPackage>לא ידוע</QtyInPackage><UnitOfMeasurePrice>0.0327</UnitOfMeasurePrice><AllowDiscount>1</AllowDiscount><ItemStatus>1</ItemStatus><ItemPrice>4.90</ItemPrice></item><item><PriceUpdateDate>2015-10-20 16:43:03</PriceUpdateDate><ItemCode>7290004121839</ItemCode><ItemType>1</ItemType><ItemName>פטה כבשים פיראוס 20%</ItemName><ManufacturerName>פיראוס</ManufacturerName><ManufactureCountry>ישראל</ManufactureCountry><ManufacturerItemDescription>פטה כבשים פיראוס 20%</ManufacturerItemDescription><SoldByWeight/><Quantity>250.00</Quantity><UnitOfMeasure>גרם     </UnitOfMeasure><QtyInPackage>לא ידוע</QtyInPackage><UnitOfMeasurePrice>0.1108</UnitOfMeasurePrice><AllowDiscount>1</AllowDiscount><ItemStatus>1</ItemStatus><ItemPrice>27.70</ItemPrice></item><item><PriceUpdateDate>2016-03-29 06:17:19</PriceUpdateDate><ItemCode>7290004121853</ItemCode><ItemType>1</ItemType><ItemName>קוביות בולגרית 5% פי</ItemName><ManufacturerName>פיראוס</ManufacturerName><ManufactureCountry>ישראל</ManufactureCountry><ManufacturerItemDescription>גבינה בולגרית קוביות פירא</ManufacturerItemDescription><SoldByWeight/><Quantity>200.00</Quantity><UnitOfMeasure>גרם     </UnitOfMeasure><QtyInPackage>לא ידוע</QtyInPackage><UnitOfMeasurePrice>0.1075</UnitOfMeasurePrice><AllowDiscount>1</AllowDiscount><ItemStatus>1</ItemStatus><ItemPrice>21.50</ItemPrice></item><item><PriceUpdateDate>2016-03-01 06:43:24</PriceUpdateDate><ItemCode>7290004121945</ItemCode><ItemType>1</ItemType><ItemName>חלב טרי הומוגני 2% 1</ItemName><ManufacturerName>חלב תנובה</ManufacturerName><ManufactureCountry>ישראל</ManufactureCountry><ManufacturerItemDescription>חלב טרי הומוגני 2% 1</ManufacturerItemDescription><SoldByWeight/><Quantity>1500.00</Quantity><UnitOfMeasure>ליטר    </UnitOfMeasure><QtyInPackage>לא ידוע</QtyInPackage><UnitOfMeasurePrice>0.0056</UnitOfMeasurePrice><AllowDiscount>1</AllowDiscount><ItemStatus>1</ItemStatus><ItemPrice>8.40</ItemPrice></item><item><PriceUpdateDate>2016-06-13 13:03:31</PriceUpdateDate><ItemCode>7290004122089</ItemCode><ItemType>1</ItemType><ItemName>גבינת עמק פתיתים 200</ItemName><ManufacturerName>שף לבן</ManufacturerName><ManufactureCountry>ישראל</ManufactureCountry><ManufacturerItemDescription>פתיתי עמק למאפים 200 גרם</ManufacturerItemDescription><SoldByWeight/><Quantity>200.00</Quantity><UnitOfMeasure>גרם     </UnitOfMeasure><QtyInPackage>לא ידוע</QtyInPackage><UnitOfMeasurePrice>0.0730</UnitOfMeasurePrice><AllowDiscount>1</AllowDiscount><ItemStatus>1</ItemStatus><ItemPrice>14.60</ItemPrice></item><item><PriceUpdateDate>2016-06-13 13:03:31</PriceUpdateDate><ItemCode>7290004122119</ItemCode><ItemType>1</ItemType><ItemName>גבינת פתיתי פרמזן לפ</ItemName><ManufacturerName>שף לבן</ManufacturerName><ManufactureCountry>ישראל</ManufactureCountry><ManufacturerItemDescription>פרמזן פתיתים100 גר</ManufacturerItemDescription><SoldByWeight/><Quantity>1000.00</Quantity><UnitOfMeasure>גרם     </UnitOfMeasure><QtyInPackage>לא ידוע</QtyInPackage><UnitOfMeasurePrice>0.0122</UnitOfMeasurePrice><AllowDiscount>1</AllowDiscount><ItemStatus>1</ItemStatus><ItemPrice>12.20</ItemPrice></item><item><PriceUpdateDate>2016-02-16 12:24:29</PriceUpdateDate><ItemCode>7290004122195</ItemCode><ItemType>1</ItemType><ItemName>צהובה גוש חלב 28% פר</ItemName><ManufacturerName>גוש חלב</ManufacturerName><ManufactureCountry>ישראל</ManufactureCountry><ManufacturerItemDescription>צהובה גוש חלב 28% פר</ManufacturerItemDescription><SoldByWeight/><Quantity>200.00</Quantity><UnitOfMeasure>גרם     </UnitOfMeasure><QtyInPackage>לא ידוע</QtyInPackage><UnitOfMeasurePrice>0.0695</UnitOfMeasurePrice><AllowDiscount>1</AllowDiscount><ItemStatus>1</ItemStatus><ItemPrice>13.90</ItemPrice></item><item><PriceUpdateDate>2015-09-30 23:37:46</PriceUpdateDate><ItemCode>7290004122270</ItemCode><ItemType>1</ItemType><ItemName>גבינה עמק פרוס 200 ג</ItemName><ManufacturerName>עמק</ManufacturerName><ManufactureCountry>ישראל</ManufactureCountry><ManufacturerItemDescription>גבינה עמק פרוס פתיחה חוזר</ManufacturerItemDescription><SoldByWeight/><Quantity>200.00</Quantity><UnitOfMeasure>גרם     </UnitOfMeasure><QtyInPackage>לא ידוע</QtyInPackage><UnitOfMeasurePrice>0.0765</UnitOfMeasurePrice><AllowDiscount>1</AllowDiscount><ItemStatus>1</ItemStatus><ItemPrice>15.30</ItemPrice></item><item><PriceUpdateDate>2015-10-11 12:50:05</PriceUpdateDate><ItemCode>7290004122348</ItemCode><ItemType>1</ItemType><ItemName>גבינת עמק לייט 9% 20</ItemName><ManufacturerName>עמק</ManufacturerName><ManufactureCountry>ישראל</ManufactureCountry><ManufacturerItemDescription>גבינה קשה עמק לייט200 9%</ManufacturerItemDescription><SoldByWeight/><Quantity>200.00</Quantity><UnitOfMeasure>גרם     </UnitOfMeasure><QtyInPackage>לא ידוע</QtyInPackage><UnitOfMeasurePrice>0.0835</UnitOfMeasurePrice><AllowDiscount>1</AllowDiscount><ItemStatus>1</ItemStatus><ItemPrice>16.70</ItemPrice></item><item><PriceUpdateDate>2016-06-17 09:14:02</PriceUpdateDate><ItemCode>7290004122560</ItemCode><ItemType>1</ItemType><ItemName>פתיתי עמק למאפה השף</ItemName><ManufacturerName>שף לבן</ManufacturerName><ManufactureCountry>ישראל</ManufactureCountry><ManufacturerItemDescription>פתיתי עמק למאפה השף</ManufacturerItemDescription><SoldByWeight/><Quantity>500.00</Quantity><UnitOfMeasure>גרם     </UnitOfMeasure><QtyInPackage>לא ידוע</QtyInPackage><UnitOfMeasurePrice>0.0678</UnitOfMeasurePrice><AllowDiscount>1</AllowDiscount><ItemStatus>1</ItemStatus><ItemPrice>33.90</ItemPrice></item><item><PriceUpdateDate>2015-10-11 10:35:13</PriceUpdateDate><ItemCode>7290004122607</ItemCode><ItemType>3</ItemType><ItemName>גבינה עמק לייט חריץ</ItemName><ManufacturerName>עמק</ManufacturerName><ManufactureCountry>ישראל</ManufactureCountry><ManufacturerItemDescription>גבינה עמק לייט חריץ</ManufacturerItemDescription><SoldByWeight/><Quantity>1.00</Quantity><UnitOfMeasure>ק"ג</UnitOfMeasure><QtyInPackage>לא ידוע</QtyInPackage><UnitOfMeasurePrice>72.4000</UnitOfMeasurePrice><AllowDiscount>1</AllowDiscount><ItemStatus>1</ItemStatus><ItemPrice>72.40</ItemPrice></item><item><PriceUpdateDate>2015-10-11 12:50:05</PriceUpdateDate><ItemCode>7290004122676</ItemCode><ItemType>1</ItemType><ItemName>גבינת חמד פיראוס ליי</ItemName><ManufacturerName>פיראוס</ManufacturerName><ManufactureCountry>ישראל</ManufactureCountry><ManufacturerItemDescription>גבינת חמד פיראוס ליי</ManufacturerItemDescription><SoldByWeight/><Quantity>250.00</Quantity><UnitOfMeasure>גרם     </UnitOfMeasure><QtyInPackage>לא ידוע</QtyInPackage><UnitOfMeasurePrice>0.0700</UnitOfMeasurePrice><AllowDiscount>1</AllowDiscount><ItemStatus>1</ItemStatus><ItemPrice>17.50</ItemPrice></item><item><PriceUpdateDate>2015-10-20 16:43:03</PriceUpdateDate><ItemCode>7290004122683</ItemCode><ItemType>1</ItemType><ItemName>אצבעות עמק 172 גרם</ItemName><ManufacturerName>עמק</ManufacturerName><ManufactureCountry>ישראל</ManufactureCountry><ManufacturerItemDescription>אצבעות גבינה עמק 172 גרם</ManufacturerItemDescription><SoldByWeight/><Quantity>172.00</Quantity><UnitOfMeasure>גרם     </UnitOfMeasure><QtyInPackage>לא ידוע</QtyInPackage><UnitOfMeasurePrice>0.0959</UnitOfMeasurePrice><AllowDiscount>1</AllowDiscount><ItemStatus>1</ItemStatus><ItemPrice>16.50</ItemPrice></item><item><PriceUpdateDate>2016-06-13 13:03:31</PriceUpdateDate><ItemCode>7290004123284</ItemCode><ItemType>1</ItemType><ItemName>גבינה לבנה רכה 5% לל</ItemName><ManufacturerName>גבינות תנובה</ManufacturerName><ManufactureCountry>ישראל</ManufactureCountry><ManufacturerItemDescription>גבינה לבנה רכה 5% לל</ManufacturerItemDescription><SoldByWeight/><Quantity>250.00</Quantity><UnitOfMeasure>גרם     </UnitOfMeasure><QtyInPackage>לא ידוע</QtyInPackage><UnitOfMeasurePrice>0.0192</UnitOfMeasurePrice><AllowDiscount>1</AllowDiscount><ItemStatus>1</ItemStatus><ItemPrice>4.80</ItemPrice></item><item><PriceUpdateDate>2016-02-15 08:36:53</PriceUpdateDate><ItemCode>7290004124205</ItemCode><ItemType>1</ItemType><ItemName>יופלה דיאט תות 0% 15</ItemName><ManufacturerName>יופלה</ManufacturerName><ManufactureCountry>ישראל</ManufactureCountry><ManufacturerItemDescription>יופלה דיאט תות 150 מל</ManufacturerItemDescription><SoldByWeight/><Quantity>150.00</Quantity><UnitOfMeasure>גרם     </UnitOfMeasure><QtyInPackage>לא ידוע</QtyInPackage><UnitOfMeasurePrice>0.0353</UnitOfMeasurePrice><AllowDiscount>1</AllowDiscount><ItemStatus>1</ItemStatus><ItemPrice>5.30</ItemPrice></item><item><PriceUpdateDate>2015-10-11 12:50:05</PriceUpdateDate><ItemCode>7290004125370</ItemCode><ItemType>1</ItemType><ItemName>שמנת תנובה 9% שומן</ItemName><ManufacturerName>חלב תנובה</ManufacturerName><ManufactureCountry>ישראל</ManufactureCountry><ManufacturerItemDescription>שמנת תנובה 200 9% מל</ManufacturerItemDescription><SoldByWeight/><Quantity>200.00</Quantity><UnitOfMeasure>מ"ל</UnitOfMeasure><QtyInPackage>לא ידוע</QtyInPackage><UnitOfMeasurePrice>0.0185</UnitOfMeasurePrice><AllowDiscount>1</AllowDiscount><ItemStatus>1</ItemStatus><ItemPrice>3.70</ItemPrice></item><item><PriceUpdateDate>2016-02-11 09:32:37</PriceUpdateDate><ItemCode>7290004125400</ItemCode><ItemType>1</ItemType><ItemName>אשל לבן 4.5% 200 מ"ל</ItemName><ManufacturerName>אשל</ManufacturerName><ManufactureCountry>ישראל</ManufactureCountry><ManufacturerItemDescription>שלי אשל200 מל מהדרין פיקו</ManufacturerItemDescription><SoldByWeight/><Quantity>200.00</Quantity><UnitOfMeasure>מ"ל</UnitOfMeasure><QtyInPackage>לא ידוע</QtyInPackage><UnitOfMeasurePrice>0.0078</UnitOfMeasurePrice><AllowDiscount>1</AllowDiscount><ItemStatus>1</ItemStatus><ItemPrice>1.55</ItemPrice></item><item><PriceUpdateDate>2016-02-11 09:32:37</PriceUpdateDate><ItemCode>7290004125417</ItemCode><ItemType>1</ItemType><ItemName>גיל לבן 3% 200 מ"ל ת</ItemName><ManufacturerName>גיל</ManufacturerName><ManufactureCountry>ישראל</ManufactureCountry><ManufacturerItemDescription>שלי גיל200 מל    פיקוח</ManufacturerItemDescription><SoldByWeight/><Quantity>200.00</Quantity><UnitOfMeasure>מ"ל</UnitOfMeasure><QtyInPackage>לא ידוע</QtyInPackage><UnitOfMeasurePrice>0.0070</UnitOfMeasurePrice><AllowDiscount>1</AllowDiscount><ItemStatus>1</ItemStatus><ItemPrice>1.40</ItemPrice></item><item><PriceUpdateDate>2016-02-11 09:32:37</PriceUpdateDate><ItemCode>7290004125455</ItemCode><ItemType>1</ItemType><ItemName>שמנת תנובה 15% 200 מ</ItemName><ManufacturerName>חלב תנובה</ManufacturerName><ManufactureCountry>ישראל</ManufactureCountry><ManufacturerItemDescription>שמנת תנובה200 15% מל  פיק</ManufacturerItemDescription><SoldByWeight/><Quantity>200.00</Quantity><UnitOfMeasure>מ"ל</UnitOfMeasure><QtyInPackage>לא ידוע</QtyInPackage><UnitOfMeasurePrice>0.0110</UnitOfMeasurePrice><AllowDiscount>1</AllowDiscount><ItemStatus>1</ItemStatus><ItemPrice>2.20</ItemPrice></item><item><PriceUpdateDate>2015-09-30 23:37:47</PriceUpdateDate><ItemCode>7290004125462</ItemCode><ItemType>1</ItemType><ItemName>שמנת חמוצה 15% 500 ג</ItemName><ManufacturerName>תנובה</ManufacturerName><ManufactureCountry>ישראל</ManufactureCountry><ManufacturerItemDescription>שמנת חמוצה 15% 500 ג</ManufacturerItemDescription><SoldByWeight/><Quantity>500.00</Quantity><UnitOfMeasure>מ"ל</UnitOfMeasure><QtyInPackage>לא ידוע</QtyInPackage><UnitOfMeasurePrice>0.0114</UnitOfMeasurePrice><AllowDiscount>1</AllowDiscount><ItemStatus>1</ItemStatus><ItemPrice>5.70</ItemPrice></item><item><PriceUpdateDate>2015-07-24 10:13:14</PriceUpdateDate><ItemCode>7290004125509</ItemCode><ItemType>1</ItemType><ItemName>שמנת אורגינל 15% חצי</ItemName><ManufacturerName>חלב תנובה</ManufacturerName><ManufactureCountry>ישראל</ManufactureCountry><ManufacturerItemDescription>שמנת תנובה 15% חצי מנה 10</ManufacturerItemDescription><SoldByWeight/><Quantity>100.00</Quantity><UnitOfMeasure>מ"ל</UnitOfMeasure><QtyInPackage>לא ידוע</QtyInPackage><UnitOfMeasurePrice>0.0190</UnitOfMeasurePrice><AllowDiscount>1</AllowDiscount><ItemStatus>1</ItemStatus><ItemPrice>1.90</ItemPrice></item><item><PriceUpdateDate>2016-05-30 22:04:01</PriceUpdateDate><ItemCode>7290004125578</ItemCode><ItemType>1</ItemType><ItemName>משקה סויה מעושר בסיד</ItemName><ManufacturerName>סו תנובה</ManufacturerName><ManufactureCountry>ישראל</ManufactureCountry><ManufacturerItemDescription>משקה סויה מועשר בסידן 1 ל</ManufacturerItemDescription><SoldByWeight/><Quantity>1000.00</Quantity><UnitOfMeasure>מ"ל</UnitOfMeasure><QtyInPackage>לא ידוע</QtyInPackage><UnitOfMeasurePrice>0.0109</UnitOfMeasurePrice><AllowDiscount>0</AllowDiscount><ItemStatus>1</ItemStatus><ItemPrice>10.90</ItemPrice></item><item><PriceUpdateDate>2016-05-30 22:04:01</PriceUpdateDate><ItemCode>7290004125585</ItemCode><ItemType>1</ItemType><ItemName>משקה סויה על הבוקר 1</ItemName><ManufacturerName>סו תנובה</ManufacturerName><ManufactureCountry>ישראל</ManufactureCountry><ManufacturerItemDescription>משקה סויה על הבוקר וניל 1</ManufacturerItemDescription><SoldByWeight/><Quantity>1000.00</Quantity><UnitOfMeasure>מ"ל</UnitOfMeasure><QtyInPackage>לא ידוע</QtyInPackage><UnitOfMeasurePrice>0.0109</UnitOfMeasurePrice><AllowDiscount>0</AllowDiscount><ItemStatus>1</ItemStatus><ItemPrice>10.90</ItemPrice></item><item><PriceUpdateDate>2015-11-12 17:28:18</PriceUpdateDate><ItemCode>7290004125653</ItemCode><ItemType>1</ItemType><ItemName>משקה סויה עמיד טבעי</ItemName><ManufacturerName>סו תנובה</ManufacturerName><ManufactureCountry>ישראל</ManufactureCountry><ManufacturerItemDescription>משקה סויה עמיד טבעי</ManufacturerItemDescription><SoldByWeight/><Quantity>1000.00</Quantity><UnitOfMeasure>מ"ל</UnitOfMeasure><QtyInPackage>לא ידוע</QtyInPackage><UnitOfMeasurePrice>0.0118</UnitOfMeasurePrice><AllowDiscount>0</AllowDiscount><ItemStatus>1</ItemStatus><ItemPrice>11.80</ItemPrice></item><item><PriceUpdateDate>2016-02-16 12:24:29</PriceUpdateDate><ItemCode>7290004125721</ItemCode><ItemType>1</ItemType><ItemName>שמנת לבישול15% השף ה</ItemName><ManufacturerName>שף לבן</ManufacturerName><ManufactureCountry>ישראל</ManufactureCountry><ManufacturerItemDescription>שמנת לבישול 250 15% מל</ManufacturerItemDescription><SoldByWeight/><Quantity>250.00</Quantity><UnitOfMeasure>מ"ל</UnitOfMeasure><QtyInPackage>לא ידוע</QtyInPackage><UnitOfMeasurePrice>0.0376</UnitOfMeasurePrice><AllowDiscount>1</AllowDiscount><ItemStatus>1</ItemStatus><ItemPrice>9.40</ItemPrice></item><item><PriceUpdateDate>2016-02-25 09:05:07</PriceUpdateDate><ItemCode>7290004125738</ItemCode><ItemType>1</ItemType><ItemName>שמנת להקצפה 32% 250</ItemName><ManufacturerName>שף לבן</ManufacturerName><ManufactureCountry>ישראל</ManufactureCountry><ManufacturerItemDescription>שמנת להקצפה 250 - 32% מל</ManufacturerItemDescription><SoldByWeight/><Quantity>250.00</Quantity><UnitOfMeasure>מ"ל</UnitOfMeasure><QtyInPackage>לא ידוע</QtyInPackage><UnitOfMeasurePrice>0.0276</UnitOfMeasurePrice><AllowDiscount>1</AllowDiscount><ItemStatus>1</ItemStatus><ItemPrice>6.90</ItemPrice></item><item><PriceUpdateDate>2016-02-16 12:24:29</PriceUpdateDate><ItemCode>7290004125776</ItemCode><ItemType>1</ItemType><ItemName>עמק פרוס בקופסא 400</ItemName><ManufacturerName>עמק</ManufacturerName><ManufactureCountry>ישראל</ManufactureCountry><ManufacturerItemDescription>גבינהקשה עמק 400 28% גרם</ManufacturerItemDescription><SoldByWeight/><Quantity>400.00</Quantity><UnitOfMeasure>גרם     </UnitOfMeasure><QtyInPackage>לא ידוע</QtyInPackage><UnitOfMeasurePrice>0.0722</UnitOfMeasurePrice><AllowDiscount>1</AllowDiscount><ItemStatus>1</ItemStatus><ItemPrice>28.90</ItemPrice></item><item><PriceUpdateDate>2015-10-20 16:46:10</PriceUpdateDate><ItemCode>7290004126650</ItemCode><ItemType>3</ItemType><ItemName>צפתית פיראוס 5% במשק</ItemName><ManufacturerName>פיראוס</ManufacturerName><ManufactureCountry>ישראל</ManufactureCountry><ManufacturerItemDescription>צפתית פיראוס 5% במשק</ManufacturerItemDescription><SoldByWeight/><Quantity>1.00</Quantity><UnitOfMeasure>ק"ג</UnitOfMeasure><QtyInPackage>לא ידוע</QtyInPackage><UnitOfMeasurePrice>62.0000</UnitOfMeasurePrice><AllowDiscount>1</AllowDiscount><ItemStatus>1</ItemStatus><ItemPrice>62.00</ItemPrice></item><item><PriceUpdateDate>2015-10-11 12:50:05</PriceUpdateDate><ItemCode>7290004126674</ItemCode><ItemType>1</ItemType><ItemName>גבינה צהובה טל העמק</ItemName><ManufacturerName>עמק</ManufacturerName><ManufactureCountry>ישראל</ManufactureCountry><ManufacturerItemDescription>גבינהקשה טל העמק לייט200</ManufacturerItemDescription><SoldByWeight/><Quantity>200.00</Quantity><UnitOfMeasure>גרם     </UnitOfMeasure><QtyInPackage>לא ידוע</QtyInPackage><UnitOfMeasurePrice>0.0945</UnitOfMeasurePrice><AllowDiscount>1</AllowDiscount><ItemStatus>1</ItemStatus><ItemPrice>18.90</ItemPrice></item><item><PriceUpdateDate>2016-02-15 08:36:53</PriceUpdateDate><ItemCode>7290004126759</ItemCode><ItemType>1</ItemType><ItemName>יופלה דיאט פירות יער</ItemName><ManufacturerName>יופלה</ManufacturerName><ManufactureCountry>ישראל</ManufactureCountry><ManufacturerItemDescription>יופלה דיאט פירות יער 150</ManufacturerItemDescription><SoldByWeight/><Quantity>150.00</Quantity><UnitOfMeasure>גרם     </UnitOfMeasure><QtyInPackage>לא ידוע</QtyInPackage><UnitOfMeasurePrice>0.0353</UnitOfMeasurePrice><AllowDiscount>1</AllowDiscount><ItemStatus>1</ItemStatus><ItemPrice>5.30</ItemPrice></item><item><PriceUpdateDate>2016-05-30 22:04:01</PriceUpdateDate><ItemCode>7290004126872</ItemCode><ItemType>1</ItemType><ItemName>שוקו תנובה 250 מ"ל</ItemName><ManufacturerName>שוק</ManufacturerName><ManufactureCountry>ישראל</ManufactureCountry><ManufacturerItemDescription>שוקו בקבוק 250 מל מהדרין</ManufacturerItemDescription><SoldByWeight/><Quantity>250.00</Quantity><UnitOfMeasure>מ"ל</UnitOfMeasure><QtyInPackage>לא ידוע</QtyInPackage><UnitOfMeasurePrice>0.0228</UnitOfMeasurePrice><AllowDiscount>1</AllowDiscount><ItemStatus>1</ItemStatus><ItemPrice>5.70</ItemPrice></item><item><PriceUpdateDate>2015-11-12 14:34:25</PriceUpdateDate><ItemCode>7290004127077</ItemCode><ItemType>1</ItemType><ItemName>קוטג' 3% מהדרין 250</ItemName><ManufacturerName>קוטג תנובה</ManufacturerName><ManufactureCountry>ישראל</ManufactureCountry><ManufacturerItemDescription>קוטג 250 3% גרם</ManufacturerItemDescription><SoldByWeight/><Quantity>250.00</Quantity><UnitOfMeasure>גרם     </UnitOfMeasure><QtyInPackage>לא ידוע</QtyInPackage><UnitOfMeasurePrice>0.0228</UnitOfMeasurePrice><AllowDiscount>1</AllowDiscount><ItemStatus>1</ItemStatus><ItemPrice>5.70</ItemPrice></item><item><PriceUpdateDate>2015-09-30 23:37:47</PriceUpdateDate><ItemCode>7290004127329</ItemCode><ItemType>1</ItemType><ItemName>קוטג' 5% מהדרין 250</ItemName><ManufacturerName>קוטג תנובה</ManufacturerName><ManufactureCountry>ישראל</ManufactureCountry><ManufacturerItemDescription>קוטג250 5% גר.בעלז</ManufacturerItemDescription><SoldByWeight/><Quantity>250.00</Quantity><UnitOfMeasure>גרם     </UnitOfMeasure><QtyInPackage>לא ידוע</QtyInPackage><UnitOfMeasurePrice>0.0228</UnitOfMeasurePrice><AllowDiscount>1</AllowDiscount><ItemStatus>1</ItemStatus><ItemPrice>5.70</ItemPrice></item><item><PriceUpdateDate>2015-11-12 14:34:25</PriceUpdateDate><ItemCode>7290004127336</ItemCode><ItemType>1</ItemType><ItemName>קוטג' 9% 250 גרם תנו</ItemName><ManufacturerName>קוטג תנובה</ManufacturerName><ManufactureCountry>ישראל</ManufactureCountry><ManufacturerItemDescription>קוטג250 9% גרם בעלז</ManufacturerItemDescription><SoldByWeight/><Quantity>250.00</Quantity><UnitOfMeasure>גרם     </UnitOfMeasure><QtyInPackage>לא ידוע</QtyInPackage><UnitOfMeasurePrice>0.0228</UnitOfMeasurePrice><AllowDiscount>1</AllowDiscount><ItemStatus>1</ItemStatus><ItemPrice>5.70</ItemPrice></item><item><PriceUpdateDate>2016-05-22 09:27:47</PriceUpdateDate><ItemCode>7290004127800</ItemCode><ItemType>1</ItemType><ItemName>גבינה לבנה 5% 500 גר</ItemName><ManufacturerName>גבינות תנובה</ManufacturerName><ManufactureCountry>ישראל</ManufactureCountry><ManufacturerItemDescription>גבינה למריחה 500 5% גרם</ManufacturerItemDescription><SoldByWeight/><Quantity>500.00</Quantity><UnitOfMeasure>גרם     </UnitOfMeasure><QtyInPackage>לא ידוע</QtyInPackage><UnitOfMeasurePrice>0.0184</UnitOfMeasurePrice><AllowDiscount>1</AllowDiscount><ItemStatus>1</ItemStatus><ItemPrice>9.20</ItemPrice></item><item><PriceUpdateDate>2016-05-22 09:27:47</PriceUpdateDate><ItemCode>7290004127817</ItemCode><ItemType>1</ItemType><ItemName>גבינה לבנה 9% 500 גר</ItemName><ManufacturerName>גבינות תנובה</ManufacturerName><ManufactureCountry>ישראל</ManufactureCountry><ManufacturerItemDescription>גבינה לבנה 9% 500 גר</ManufacturerItemDescription><SoldByWeight/><Quantity>500.00</Quantity><UnitOfMeasure>גרם     </UnitOfMeasure><QtyInPackage>לא ידוע</QtyInPackage><UnitOfMeasurePrice>0.0198</UnitOfMeasurePrice><AllowDiscount>1</AllowDiscount><ItemStatus>1</ItemStatus><ItemPrice>9.90</ItemPrice></item><item><PriceUpdateDate>2016-02-11 09:32:37</PriceUpdateDate><ItemCode>7290004127862</ItemCode><ItemType>1</ItemType><ItemName>גבינה לבנה 5% 750 גר</ItemName><ManufacturerName>גבינות תנובה</ManufacturerName><ManufactureCountry>ישראל</ManufactureCountry><ManufacturerItemDescription>גבינה לבנה 5% 750 גר</ManufacturerItemDescription><SoldByWeight/><Quantity>750.00</Quantity><UnitOfMeasure>גרם     </UnitOfMeasure><QtyInPackage>לא ידוע</QtyInPackage><UnitOfMeasurePrice>0.0184</UnitOfMeasurePrice><AllowDiscount>1</AllowDiscount><ItemStatus>1</ItemStatus><ItemPrice>13.80</ItemPrice></item><item><PriceUpdateDate>2016-05-22 09:27:47</PriceUpdateDate><ItemCode>7290004127916</ItemCode><ItemType>1</ItemType><ItemName>גבינה לבנה 1/2% 500</ItemName><ManufacturerName>גבינות תנובה</ManufacturerName><ManufactureCountry>ישראל</ManufactureCountry><ManufacturerItemDescription>גבינה לבנה 1/2% 500</ManufacturerItemDescription><SoldByWeight/><Quantity>500.00</Quantity><UnitOfMeasure>גרם     </UnitOfMeasure><QtyInPackage>לא ידוע</QtyInPackage><UnitOfMeasurePrice>0.0198</UnitOfMeasurePrice><AllowDiscount>1</AllowDiscount><ItemStatus>1</ItemStatus><ItemPrice>9.90</ItemPrice></item><item><PriceUpdateDate>2015-11-12 14:34:25</PriceUpdateDate><ItemCode>7290004128272</ItemCode><ItemType>1</ItemType><ItemName>גבינת עמק בסגנון אמר</ItemName><ManufacturerName>טוסטי</ManufacturerName><ManufactureCountry>ישראל</ManufactureCountry><ManufacturerItemDescription>גבינת עמק בסגנון אמר</ManufacturerItemDescription><SoldByWeight/><Quantity>200.00</Quantity><UnitOfMeasure>גרם     </UnitOfMeasure><QtyInPackage>לא ידוע</QtyInPackage><UnitOfMeasurePrice>0.0990</UnitOfMeasurePrice><AllowDiscount>1</AllowDiscount><ItemStatus>1</ItemStatus><ItemPrice>19.80</ItemPrice></item><item><PriceUpdateDate>2015-11-12 14:34:25</PriceUpdateDate><ItemCode>7290004128333</ItemCode><ItemType>1</ItemType><ItemName>לאבנה פיראוס 500 גרם</ItemName><ManufacturerName>פיראוס</ManufacturerName><ManufactureCountry>ישראל</ManufactureCountry><ManufacturerItemDescription>לאבנה פיראוס 500 גרם</ManufacturerItemDescription><SoldByWeight/><Quantity>500.00</Quantity><UnitOfMeasure>גרם     </UnitOfMeasure><QtyInPackage>לא ידוע</QtyInPackage><UnitOfMeasurePrice>0.0406</UnitOfMeasurePrice><AllowDiscount>1</AllowDiscount><ItemStatus>1</ItemStatus><ItemPrice>20.30</ItemPrice></item><item><PriceUpdateDate>2016-05-30 22:04:01</PriceUpdateDate><ItemCode>7290004128340</ItemCode><ItemType>1</ItemType><ItemName>מב גבינת קרם שמנת 5%</ItemName><ManufacturerName>גבינות תנובה</ManufacturerName><ManufactureCountry>ישראל</ManufactureCountry><ManufacturerItemDescription>גבינת שמנת 200 5% גרם</ManufacturerItemDescription><SoldByWeight/><Quantity>200.00</Quantity><UnitOfMeasure>גרם     </UnitOfMeasure><QtyInPackage>לא ידוע</QtyInPackage><UnitOfMeasurePrice>0.0445</UnitOfMeasurePrice><AllowDiscount>1</AllowDiscount><ItemStatus>1</ItemStatus><ItemPrice>8.90</ItemPrice></item><item><PriceUpdateDate>2016-05-30 22:04:01</PriceUpdateDate><ItemCode>7290004128364</ItemCode><ItemType>1</ItemType><ItemName>מב גבינת קרם שמנת 5%</ItemName><ManufacturerName>גבינות תנובה</ManufacturerName><ManufactureCountry>ישראל</ManufactureCountry><ManufacturerItemDescription>גבינת שמנת 5% זיתים 200 ג</ManufacturerItemDescription><SoldByWeight/><Quantity>200.00</Quantity><UnitOfMeasure>גרם     </UnitOfMeasure><QtyInPackage>לא ידוע</QtyInPackage><UnitOfMeasurePrice>0.0445</UnitOfMeasurePrice><AllowDiscount>1</AllowDiscount><ItemStatus>1</ItemStatus><ItemPrice>8.90</ItemPrice></item><item><PriceUpdateDate>2016-05-30 22:04:01</PriceUpdateDate><ItemCode>7290004129101</ItemCode><ItemType>1</ItemType><ItemName>מב גבינת נפוליאון טב</ItemName><ManufacturerName>נפוליאון</ManufacturerName><ManufactureCountry>ישראל</ManufactureCountry><ManufacturerItemDescription>גבינהשמנ.נפולאון טעם טבעי</ManufacturerItemDescription><SoldByWeight/><Quantity>225.00</Quantity><UnitOfMeasure>גרם     </UnitOfMeasure><QtyInPackage>לא ידוע</QtyInPackage><UnitOfMeasurePrice>0.0444</UnitOfMeasurePrice><AllowDiscount>1</AllowDiscount><ItemStatus>1</ItemStatus><ItemPrice>10.00</ItemPrice></item><item><PriceUpdateDate>2016-05-30 22:04:01</PriceUpdateDate><ItemCode>7290004129118</ItemCode><ItemType>1</ItemType><ItemName>מב גבינת נפוליאון בט</ItemName><ManufacturerName>נפוליאון</ManufacturerName><ManufactureCountry>ישראל</ManufactureCountry><ManufacturerItemDescription>גבינהשמנ.נפולאון זיתים 22</ManufacturerItemDescription><SoldByWeight/><Quantity>225.00</Quantity><UnitOfMeasure>גרם     </UnitOfMeasure><QtyInPackage>לא ידוע</QtyInPackage><UnitOfMeasurePrice>0.0444</UnitOfMeasurePrice><AllowDiscount>1</AllowDiscount><ItemStatus>1</ItemStatus><ItemPrice>10.00</ItemPrice></item><item><PriceUpdateDate>2016-05-30 22:04:01</PriceUpdateDate><ItemCode>7290004129156</ItemCode><ItemType>1</ItemType><ItemName>מב גבינת נפוליאון בט</ItemName><ManufacturerName>נפוליאון</ManufacturerName><ManufactureCountry>ישראל</ManufactureCountry><ManufacturerItemDescription>גבינהשמנ.נפולאון שום שמיר</ManufacturerItemDescription><SoldByWeight/><Quantity>225.00</Quantity><UnitOfMeasure>גרם     </UnitOfMeasure><QtyInPackage>לא ידוע</QtyInPackage><UnitOfMeasurePrice>0.0444</UnitOfMeasurePrice><AllowDiscount>1</AllowDiscount><ItemStatus>1</ItemStatus><ItemPrice>10.00</ItemPrice></item><item><PriceUpdateDate>2016-06-13 13:03:31</PriceUpdateDate><ItemCode>7290004129545</ItemCode><ItemType>1</ItemType><ItemName>גבינה לבנה 3% 250 גר</ItemName><ManufacturerName>גבינות תנובה</ManufacturerName><ManufactureCountry>ישראל</ManufactureCountry><ManufacturerItemDescription>גבינה לבנה 250 3% גרם</ManufacturerItemDescription><SoldByWeight/><Quantity>250.00</Quantity><UnitOfMeasure>גרם     </UnitOfMeasure><QtyInPackage>לא ידוע</QtyInPackage><UnitOfMeasurePrice>0.0196</UnitOfMeasurePrice><AllowDiscount>1</AllowDiscount><ItemStatus>1</ItemStatus><ItemPrice>4.90</ItemPrice></item><item><PriceUpdateDate>2015-10-11 12:50:06</PriceUpdateDate><ItemCode>7290004129668</ItemCode><ItemType>1</ItemType><ItemName>יופלה עם פצפוצי שוקו</ItemName><ManufacturerName>יופלה</ManufacturerName><ManufactureCountry>ישראל</ManufactureCountry><ManufacturerItemDescription>יופלה 3% פצפוצים מכסה מעל</ManufacturerItemDescription><SoldByWeight/><Quantity>167.00</Quantity><UnitOfMeasure>גרם     </UnitOfMeasure><QtyInPackage>לא ידוע</QtyInPackage><UnitOfMeasurePrice>0.0341</UnitOfMeasurePrice><AllowDiscount>1</AllowDiscount><ItemStatus>1</ItemStatus><ItemPrice>5.70</ItemPrice></item><item><PriceUpdateDate>2015-10-11 12:50:06</PriceUpdateDate><ItemCode>7290004129736</ItemCode><ItemType>1</ItemType><ItemName>יופלה לבן מעודן 1.5%</ItemName><ManufacturerName>יופלה</ManufacturerName><ManufactureCountry>ישראל</ManufactureCountry><ManufacturerItemDescription>יוגורט יופלה לבן 1.5% מעו</ManufacturerItemDescription><SoldByWeight/><Quantity>200.00</Quantity><UnitOfMeasure>מ"ל</UnitOfMeasure><QtyInPackage>לא ידוע</QtyInPackage><UnitOfMeasurePrice>0.0225</UnitOfMeasurePrice><AllowDiscount>1</AllowDiscount><ItemStatus>1</ItemStatus><ItemPrice>4.50</ItemPrice></item><item><PriceUpdateDate>2016-05-30 22:04:02</PriceUpdateDate><ItemCode>7290004129767</ItemCode><ItemType>1</ItemType><ItemName>מב מאגדת יופלה 3% לב</ItemName><ManufacturerName>יופלה</ManufacturerName><ManufactureCountry>ישראל</ManufactureCountry><ManufacturerItemDescription>מב מאגדת יופלה 3% לב</ManufacturerItemDescription><SoldByWeight/><Quantity>1200.00</Quantity><UnitOfMeasure>גרם     </UnitOfMeasure><QtyInPackage>לא ידוע</QtyInPackage><UnitOfMeasurePrice>0.0124</UnitOfMeasurePrice><AllowDiscount>1</AllowDiscount><ItemStatus>1</ItemStatus><ItemPrice>14.90</ItemPrice></item><item><PriceUpdateDate>2016-05-02 08:05:49</PriceUpdateDate><ItemCode>7290004130695</ItemCode><ItemType>1</ItemType><ItemName>מב אייס קפה תנובה 1</ItemName><ManufacturerName>שוק</ManufacturerName><ManufactureCountry>ישראל</ManufactureCountry><ManufacturerItemDescription>משקה אייס קפה בקבוק 1 ליט</ManufacturerItemDescription><SoldByWeight/><Quantity>1000.00</Quantity><UnitOfMeasure>מ"ל</UnitOfMeasure><QtyInPackage>לא ידוע</QtyInPackage><UnitOfMeasurePrice>0.0089</UnitOfMeasurePrice><AllowDiscount>1</AllowDiscount><ItemStatus>1</ItemStatus><ItemPrice>8.90</ItemPrice></item><item><PriceUpdateDate>2016-05-30 22:04:02</PriceUpdateDate><ItemCode>7290004130794</ItemCode><ItemType>1</ItemType><ItemName>משקה סויה מועשר בטעם</ItemName><ManufacturerName>סו תנובה</ManufacturerName><ManufactureCountry>ישראל</ManufactureCountry><ManufacturerItemDescription>משקה סויה מועשר מופחת מתי</ManufacturerItemDescription><SoldByWeight/><Quantity>1000.00</Quantity><UnitOfMeasure>מ"ל</UnitOfMeasure><QtyInPackage>לא ידוע</QtyInPackage><UnitOfMeasurePrice>0.0109</UnitOfMeasurePrice><AllowDiscount>0</AllowDiscount><ItemStatus>1</ItemStatus><ItemPrice>10.90</ItemPrice></item><item><PriceUpdateDate>2016-06-13 13:03:31</PriceUpdateDate><ItemCode>7290004130916</ItemCode><ItemType>1</ItemType><ItemName>יופלה פירות יער בשמנ</ItemName><ManufacturerName>יופלה</ManufacturerName><ManufactureCountry>ישראל</ManufactureCountry><ManufacturerItemDescription>יופלה פירות יער שמנת</ManufacturerItemDescription><SoldByWeight/><Quantity>150.00</Quantity><UnitOfMeasure>גרם     </UnitOfMeasure><QtyInPackage>לא ידוע</QtyInPackage><UnitOfMeasurePrice>0.0327</UnitOfMeasurePrice><AllowDiscount>1</AllowDiscount><ItemStatus>1</ItemStatus><ItemPrice>4.90</ItemPrice></item><item><PriceUpdateDate>2016-05-15 12:47:49</PriceUpdateDate><ItemCode>7290004131074</ItemCode><ItemType>1</ItemType><ItemName>חלב קרטון 3% מהדרין</ItemName><ManufacturerName>חלב תנובה</ManufacturerName><ManufactureCountry>ישראל</ManufactureCountry><ManufacturerItemDescription>חלב1 3% ל.קרטון מהדרין פי</ManufacturerItemDescription><SoldByWeight/><Quantity>1000.00</Quantity><UnitOfMeasure>מ"ל</UnitOfMeasure><QtyInPackage>לא ידוע</QtyInPackage><UnitOfMeasurePrice>0.0058</UnitOfMeasurePrice><AllowDiscount>1</AllowDiscount><ItemStatus>1</ItemStatus><ItemPrice>5.75</ItemPrice></item><item><PriceUpdateDate>2016-05-22 09:27:47</PriceUpdateDate><ItemCode>7290004131227</ItemCode><ItemType>1</ItemType><ItemName>גבינה לבנה 3% 500 גר</ItemName><ManufacturerName>גבינות תנובה</ManufacturerName><ManufactureCountry>ישראל</ManufactureCountry><ManufacturerItemDescription>גבינה לבנה 3% 500 גר</ManufacturerItemDescription><SoldByWeight/><Quantity>500.00</Quantity><UnitOfMeasure>גרם     </UnitOfMeasure><QtyInPackage>לא ידוע</QtyInPackage><UnitOfMeasurePrice>0.0198</UnitOfMeasurePrice><AllowDiscount>1</AllowDiscount><ItemStatus>1</ItemStatus><ItemPrice>9.90</ItemPrice></item><item><PriceUpdateDate>2014-11-03 06:36:57</PriceUpdateDate><ItemCode>7290004131296</ItemCode><ItemType>1</ItemType><ItemName>חלב הרדוף 3% אורגני</ItemName><ManufacturerName>הרדוף</ManufacturerName><ManufactureCountry>ישראל</ManufactureCountry><ManufacturerItemDescription>חלב 1  1 3% ליטר</ManufacturerItemDescription><SoldByWeight/><Quantity>1000.00</Quantity><UnitOfMeasure>מ"ל</UnitOfMeasure><QtyInPackage>לא ידוע</QtyInPackage><UnitOfMeasurePrice>0.0119</UnitOfMeasurePrice><AllowDiscount>1</AllowDiscount><ItemStatus>1</ItemStatus><ItemPrice>11.90</ItemPrice></item><item><PriceUpdateDate>2016-05-30 22:04:02</PriceUpdateDate><ItemCode>7290004131432</ItemCode><ItemType>1</ItemType><ItemName>יופלה ביו 3% לבן 200</ItemName><ManufacturerName>יופלה</ManufacturerName><ManufactureCountry>ישראל</ManufactureCountry><ManufacturerItemDescription>יוגורט יופלה לבן 200 3% ג</ManufacturerItemDescription><SoldByWeight/><Quantity>200.00</Quantity><UnitOfMeasure>גרם     </UnitOfMeasure><QtyInPackage>לא ידוע</QtyInPackage><UnitOfMeasurePrice>0.0190</UnitOfMeasurePrice><AllowDiscount>1</AllowDiscount><ItemStatus>1</ItemStatus><ItemPrice>3.80</ItemPrice></item><item><PriceUpdateDate>2015-10-20 16:43:03</PriceUpdateDate><ItemCode>7290004131456</ItemCode><ItemType>1</ItemType><ItemName>יופלה ביו 1.5% לבן 2</ItemName><ManufacturerName>יופלה</ManufacturerName><ManufactureCountry>ישראל</ManufactureCountry><ManufacturerItemDescription>יוגורט יופלה לבן 200 1.5%</ManufacturerItemDescription><SoldByWeight/><Quantity>200.00</Quantity><UnitOfMeasure>גרם     </UnitOfMeasure><QtyInPackage>לא ידוע</QtyInPackage><UnitOfMeasurePrice>0.0200</UnitOfMeasurePrice><AllowDiscount>1</AllowDiscount><ItemStatus>1</ItemStatus><ItemPrice>4.00</ItemPrice></item><item><PriceUpdateDate>2016-05-02 08:05:49</PriceUpdateDate><ItemCode>7290004131531</ItemCode><ItemType>1</ItemType><ItemName>מב שוקו תנובה 1 ליטר</ItemName><ManufacturerName>שוק</ManufacturerName><ManufactureCountry>ישראל</ManufactureCountry><ManufacturerItemDescription>שוקו תנובה בקבוק 1 ליטר</ManufacturerItemDescription><SoldByWeight/><Quantity>1000.00</Quantity><UnitOfMeasure>מ"ל</UnitOfMeasure><QtyInPackage>לא ידוע</QtyInPackage><UnitOfMeasurePrice>0.0089</UnitOfMeasurePrice><AllowDiscount>1</AllowDiscount><ItemStatus>1</ItemStatus><ItemPrice>8.90</ItemPrice></item><item><PriceUpdateDate>2016-05-30 22:04:02</PriceUpdateDate><ItemCode>7290004131814</ItemCode><ItemType>1</ItemType><ItemName>גבינה צפתית מעודנת 5</ItemName><ManufacturerName>פיראוס</ManufacturerName><ManufactureCountry>ישראל</ManufactureCountry><ManufacturerItemDescription>פיראוס צפתית מעודנת 200 5</ManufacturerItemDescription><SoldByWeight/><Quantity>200.00</Quantity><UnitOfMeasure>גרם     </UnitOfMeasure><QtyInPackage>לא ידוע</QtyInPackage><UnitOfMeasurePrice>0.0815</UnitOfMeasurePrice><AllowDiscount>1</AllowDiscount><ItemStatus>1</ItemStatus><ItemPrice>16.30</ItemPrice></item><item><PriceUpdateDate>2016-02-14 10:59:56</PriceUpdateDate><ItemCode>7290004132231</ItemCode><ItemType>1</ItemType><ItemName>חלב לקפה3.5% שומן 80</ItemName><ManufacturerName>חלב תנובה</ManufacturerName><ManufactureCountry>ישראל</ManufactureCountry><ManufacturerItemDescription>חלב פלוס לקפה  800 3.5% מ</ManufacturerItemDescription><SoldByWeight/><Quantity>800.00</Quantity><UnitOfMeasure>מ"ל</UnitOfMeasure><QtyInPackage>לא ידוע</QtyInPackage><UnitOfMeasurePrice>0.0086</UnitOfMeasurePrice><AllowDiscount>1</AllowDiscount><ItemStatus>1</ItemStatus><ItemPrice>6.90</ItemPrice></item><item><PriceUpdateDate>2015-10-11 12:50:06</PriceUpdateDate><ItemCode>7290004132507</ItemCode><ItemType>1</ItemType><ItemName>יופלה עם דגנים מצופי</ItemName><ManufacturerName>יופלה</ManufacturerName><ManufactureCountry>ישראל</ManufactureCountry><ManufacturerItemDescription>יופלה דגנים מצופים מכסה מ</ManufacturerItemDescription><SoldByWeight/><Quantity>167.00</Quantity><UnitOfMeasure>גרם     </UnitOfMeasure><QtyInPackage>לא ידוע</QtyInPackage><UnitOfMeasurePrice>0.0341</UnitOfMeasurePrice><AllowDiscount>1</AllowDiscount><ItemStatus>1</ItemStatus><ItemPrice>5.70</ItemPrice></item><item><PriceUpdateDate>2016-05-02 08:05:49</PriceUpdateDate><ItemCode>7290004132514</ItemCode><ItemType>1</ItemType><ItemName>מב משקה חלב בננה תנו</ItemName><ManufacturerName>תנובה</ManufacturerName><ManufactureCountry>ישראל</ManufactureCountry><ManufacturerItemDescription>מב משקה חלב בננה תנו</ManufacturerItemDescription><SoldByWeight/><Quantity>1000.00</Quantity><UnitOfMeasure>מ"ל</UnitOfMeasure><QtyInPackage>לא ידוע</QtyInPackage><UnitOfMeasurePrice>0.0089</UnitOfMeasurePrice><AllowDiscount>1</AllowDiscount><ItemStatus>1</ItemStatus><ItemPrice>8.90</ItemPrice></item><item><PriceUpdateDate>2016-05-30 22:04:02</PriceUpdateDate><ItemCode>7290004132552</ItemCode><ItemType>1</ItemType><ItemName>חלב סויה טבעי 1 ליטר</ItemName><ManufacturerName>סו תנובה</ManufacturerName><ManufactureCountry>ישראל</ManufactureCountry><ManufacturerItemDescription>משקה סויה דיאט 1 ליטר</ManufacturerItemDescription><SoldByWeight/><Quantity>1000.00</Quantity><UnitOfMeasure>מ"ל</UnitOfMeasure><QtyInPackage>לא ידוע</QtyInPackage><UnitOfMeasurePrice>0.0109</UnitOfMeasurePrice><AllowDiscount>0</AllowDiscount><ItemStatus>1</ItemStatus><ItemPrice>10.90</ItemPrice></item><item><PriceUpdateDate>2015-10-20 16:43:03</PriceUpdateDate><ItemCode>7290004132712</ItemCode><ItemType>1</ItemType><ItemName>אצבעות מוצרלה 172 גר</ItemName><ManufacturerName>עמק</ManufacturerName><ManufactureCountry>ישראל</ManufactureCountry><ManufacturerItemDescription>אצבעות עמק 172 גרם</ManufacturerItemDescription><SoldByWeight/><Quantity>172.00</Quantity><UnitOfMeasure>גרם     </UnitOfMeasure><QtyInPackage>לא ידוע</QtyInPackage><UnitOfMeasurePrice>0.0959</UnitOfMeasurePrice><AllowDiscount>1</AllowDiscount><ItemStatus>1</ItemStatus><ItemPrice>16.50</ItemPrice></item><item><PriceUpdateDate>2015-12-01 08:41:46</PriceUpdateDate><ItemCode>7290004133009</ItemCode><ItemType>1</ItemType><ItemName>קרם בישול צמחי פרווה</ItemName><ManufacturerName>שף לבן</ManufacturerName><ManufactureCountry>ישראל</ManufactureCountry><ManufacturerItemDescription>קצפת צמחית השף הלבן 250 מ</ManufacturerItemDescription><SoldByWeight/><Quantity>200.00</Quantity><UnitOfMeasure>מ"ל</UnitOfMeasure><QtyInPackage>לא ידוע</QtyInPackage><UnitOfMeasurePrice>0.0495</UnitOfMeasurePrice><AllowDiscount>1</AllowDiscount><ItemStatus>1</ItemStatus><ItemPrice>9.90</ItemPrice></item><item><PriceUpdateDate>2015-11-12 14:34:25</PriceUpdateDate><ItemCode>7290004133108</ItemCode><ItemType>1</ItemType><ItemName>יופלה לבןעם גרנולה 1</ItemName><ManufacturerName>יופלה</ManufacturerName><ManufactureCountry>ישראל</ManufactureCountry><ManufacturerItemDescription>יופלה לבן+1.5% גרנולה מכס</ManufacturerItemDescription><SoldByWeight/><Quantity>170.00</Quantity><UnitOfMeasure>מ"ל</UnitOfMeasure><QtyInPackage>לא ידוע</QtyInPackage><UnitOfMeasurePrice>0.0353</UnitOfMeasurePrice><AllowDiscount>1</AllowDiscount><ItemStatus>1</ItemStatus><ItemPrice>6.00</ItemPrice></item><item><PriceUpdateDate>2015-10-20 16:43:03</PriceUpdateDate><ItemCode>7290004133207</ItemCode><ItemType>1</ItemType><ItemName>יופלה ביו דיאט 0% לב</ItemName><ManufacturerName>יופלה</ManufacturerName><ManufactureCountry>ישראל</ManufactureCountry><ManufacturerItemDescription>יופלה לבן דיאט 200 ג</ManufacturerItemDescription><SoldByWeight/><Quantity>200.00</Quantity><UnitOfMeasure>גרם     </UnitOfMeasure><QtyInPackage>לא ידוע</QtyInPackage><UnitOfMeasurePrice>0.0200</UnitOfMeasurePrice><AllowDiscount>1</AllowDiscount><ItemStatus>1</ItemStatus><ItemPrice>4.00</ItemPrice></item><item><PriceUpdateDate>2016-05-30 22:04:02</PriceUpdateDate><ItemCode>7290004133511</ItemCode><ItemType>1</ItemType><ItemName>מאגדת יופלה 1.5% לבן</ItemName><ManufacturerName>יופלה</ManufacturerName><ManufactureCountry>ישראל</ManufactureCountry><ManufacturerItemDescription>מאגדת יופלה 1.5% לבן</ManufacturerItemDescription><SoldByWeight/><Quantity>1200.00</Quantity><UnitOfMeasure>גרם     </UnitOfMeasure><QtyInPackage>לא ידוע</QtyInPackage><UnitOfMeasurePrice>0.0182</UnitOfMeasurePrice><AllowDiscount>1</AllowDiscount><ItemStatus>1</ItemStatus><ItemPrice>21.80</ItemPrice></item><item><PriceUpdateDate>2016-02-14 10:59:56</PriceUpdateDate><ItemCode>7290004133627</ItemCode><ItemType>1</ItemType><ItemName>חלב על הבוקר 3% בקרט</ItemName><ManufacturerName>חלב תנובה</ManufacturerName><ManufactureCountry>ישראל</ManufactureCountry><ManufacturerItemDescription>חלב 3% על הבוקר קרטון+פקק</ManufacturerItemDescription><SoldByWeight/><Quantity>1000.00</Quantity><UnitOfMeasure>מ"ל</UnitOfMeasure><QtyInPackage>לא ידוע</QtyInPackage><UnitOfMeasurePrice>0.0089</UnitOfMeasurePrice><AllowDiscount>1</AllowDiscount><ItemStatus>1</ItemStatus><ItemPrice>8.90</ItemPrice></item><item><PriceUpdateDate>2015-10-20 16:11:24</PriceUpdateDate><ItemCode>7290004133900</ItemCode><ItemType>1</ItemType><ItemName>קצפת צמחית השף הלבן</ItemName><ManufacturerName>שף לבן</ManufacturerName><ManufactureCountry>ישראל</ManufactureCountry><ManufacturerItemDescription>קצפת צמחית השף הלבן 250 מ</ManufacturerItemDescription><SoldByWeight/><Quantity>250.00</Quantity><UnitOfMeasure>מ"ל</UnitOfMeasure><QtyInPackage>לא ידוע</QtyInPackage><UnitOfMeasurePrice>0.0396</UnitOfMeasurePrice><AllowDiscount>1</AllowDiscount><ItemStatus>1</ItemStatus><ItemPrice>9.90</ItemPrice></item><item><PriceUpdateDate>2016-05-30 22:04:02</PriceUpdateDate><ItemCode>7290004134198</ItemCode><ItemType>1</ItemType><ItemName>שוקו בננה תנובה 250</ItemName><ManufacturerName>שוק</ManufacturerName><ManufactureCountry>ישראל</ManufactureCountry><ManufacturerItemDescription>שוקו בננה תנובה 250</ManufacturerItemDescription><SoldByWeight/><Quantity>250.00</Quantity><UnitOfMeasure>מ"ל</UnitOfMeasure><QtyInPackage>לא ידוע</QtyInPackage><UnitOfMeasurePrice>0.0228</UnitOfMeasurePrice><AllowDiscount>1</AllowDiscount><ItemStatus>1</ItemStatus><ItemPrice>5.70</ItemPrice></item><item><PriceUpdateDate>2016-06-13 13:03:32</PriceUpdateDate><ItemCode>7290004134945</ItemCode><ItemType>1</ItemType><ItemName>יופלה מוקה 3% 150 גר</ItemName><ManufacturerName>יופלה</ManufacturerName><ManufactureCountry>ישראל</ManufactureCountry><ManufacturerItemDescription>יופלה מוקה 3% 150 גר</ManufacturerItemDescription><SoldByWeight/><Quantity>150.00</Quantity><UnitOfMeasure>גרם     </UnitOfMeasure><QtyInPackage>לא ידוע</QtyInPackage><UnitOfMeasurePrice>0.0327</UnitOfMeasurePrice><AllowDiscount>1</AllowDiscount><ItemStatus>1</ItemStatus><ItemPrice>4.90</ItemPrice></item><item><PriceUpdateDate>2015-10-11 12:50:07</PriceUpdateDate><ItemCode>7290004134983</ItemCode><ItemType>1</ItemType><ItemName>פרוסות עמק 5% פתיחה</ItemName><ManufacturerName>עמק</ManufacturerName><ManufactureCountry>ישראל</ManufactureCountry><ManufacturerItemDescription>גבינה עמק 5% פרוס פ.חוזרת</ManufacturerItemDescription><SoldByWeight/><Quantity>200.00</Quantity><UnitOfMeasure>גרם     </UnitOfMeasure><QtyInPackage>לא ידוע</QtyInPackage><UnitOfMeasurePrice>0.0890</UnitOfMeasurePrice><AllowDiscount>1</AllowDiscount><ItemStatus>1</ItemStatus><ItemPrice>17.80</ItemPrice></item><item><PriceUpdateDate>2016-03-01 06:43:25</PriceUpdateDate><ItemCode>7290004135072</ItemCode><ItemType>1</ItemType><ItemName>מאגדת קרלו 800 גר'</ItemName><ManufacturerName>קרלו</ManufacturerName><ManufactureCountry>ישראל</ManufactureCountry><ManufacturerItemDescription>מאגדת קרלו 800 גר'</ManufacturerItemDescription><SoldByWeight/><Quantity>800.00</Quantity><UnitOfMeasure>גרם     </UnitOfMeasure><QtyInPackage>לא ידוע</QtyInPackage><UnitOfMeasurePrice>0.0173</UnitOfMeasurePrice><AllowDiscount>1</AllowDiscount><ItemStatus>1</ItemStatus><ItemPrice>13.80</ItemPrice></item><item><PriceUpdateDate>2015-11-12 14:34:26</PriceUpdateDate><ItemCode>7290004135119</ItemCode><ItemType>1</ItemType><ItemName>מאגדת קרלו 800 גר'</ItemName><ManufacturerName>קרלו</ManufacturerName><ManufactureCountry>ישראל</ManufactureCountry><ManufacturerItemDescription>מאגדת קרלו 800 גר'</ManufacturerItemDescription><SoldByWeight/><Quantity>800.00</Quantity><UnitOfMeasure>גרם     </UnitOfMeasure><QtyInPackage>לא ידוע</QtyInPackage><UnitOfMeasurePrice>0.0173</UnitOfMeasurePrice><AllowDiscount>1</AllowDiscount><ItemStatus>1</ItemStatus><ItemPrice>13.80</ItemPrice></item><item><PriceUpdateDate>2015-10-11 12:50:07</PriceUpdateDate><ItemCode>7290004135225</ItemCode><ItemType>1</ItemType><ItemName>מעדן תנובה 0% שוקולד</ItemName><ManufacturerName>מעדן תנובה</ManufacturerName><ManufactureCountry>ישראל</ManufactureCountry><ManufacturerItemDescription>מעדן דיאט שוקולד 150 גרם</ManufacturerItemDescription><SoldByWeight/><Quantity>150.00</Quantity><UnitOfMeasure>גרם     </UnitOfMeasure><QtyInPackage>לא ידוע</QtyInPackage><UnitOfMeasurePrice>0.0267</UnitOfMeasurePrice><AllowDiscount>1</AllowDiscount><ItemStatus>1</ItemStatus><ItemPrice>4.00</ItemPrice></item><item><PriceUpdateDate>2015-10-11 12:50:07</PriceUpdateDate><ItemCode>7290004135232</ItemCode><ItemType>1</ItemType><ItemName>מעדן תנובה דיאט וניל</ItemName><ManufacturerName>מעדן תנובה</ManufacturerName><ManufactureCountry>ישראל</ManufactureCountry><ManufacturerItemDescription>מעדן דיאט וניל 150 גרם</ManufacturerItemDescription><SoldByWeight/><Quantity>150.00</Quantity><UnitOfMeasure>גרם     </UnitOfMeasure><QtyInPackage>לא ידוע</QtyInPackage><UnitOfMeasurePrice>0.0267</UnitOfMeasurePrice><AllowDiscount>1</AllowDiscount><ItemStatus>1</ItemStatus><ItemPrice>4.00</ItemPrice></item><item><PriceUpdateDate>2016-03-29 06:17:19</PriceUpdateDate><ItemCode>7290004135614</ItemCode><ItemType>1</ItemType><ItemName>גבינה בולגרית מעודנת</ItemName><ManufacturerName>פיראוס</ManufacturerName><ManufactureCountry>ישראל</ManufactureCountry><ManufacturerItemDescription>גבינה בולגרית מעודנת 5% פ</ManufacturerItemDescription><SoldByWeight/><Quantity>250.00</Quantity><UnitOfMeasure>גרם     </UnitOfMeasure><QtyInPackage>לא ידוע</QtyInPackage><UnitOfMeasurePrice>0.0836</UnitOfMeasurePrice><AllowDiscount>1</AllowDiscount><ItemStatus>1</ItemStatus><ItemPrice>20.90</ItemPrice></item><item><PriceUpdateDate>2016-03-29 06:17:19</PriceUpdateDate><ItemCode>7290004135621</ItemCode><ItemType>1</ItemType><ItemName>גבינה בולגית מעודנת</ItemName><ManufacturerName>פיראוס</ManufacturerName><ManufactureCountry>ישראל</ManufactureCountry><ManufacturerItemDescription>גבינה בולגרית מעודנת 3% פ</ManufacturerItemDescription><SoldByWeight/><Quantity>250.00</Quantity><UnitOfMeasure>גרם     </UnitOfMeasure><QtyInPackage>לא ידוע</QtyInPackage><UnitOfMeasurePrice>0.0956</UnitOfMeasurePrice><AllowDiscount>1</AllowDiscount><ItemStatus>1</ItemStatus><ItemPrice>23.90</ItemPrice></item><item><PriceUpdateDate>2016-05-30 22:04:02</PriceUpdateDate><ItemCode>7290004136130</ItemCode><ItemType>1</ItemType><ItemName>מב שוקו בבקבוק 340 מ</ItemName><ManufacturerName>תנובה</ManufacturerName><ManufactureCountry>ישראל</ManufactureCountry><ManufacturerItemDescription>שוקו 340 מל בקבוק</ManufacturerItemDescription><SoldByWeight/><Quantity>340.00</Quantity><UnitOfMeasure>מ"ל</UnitOfMeasure><QtyInPackage>לא ידוע</QtyInPackage><UnitOfMeasurePrice>0.0144</UnitOfMeasurePrice><AllowDiscount>1</AllowDiscount><ItemStatus>1</ItemStatus><ItemPrice>4.90</ItemPrice></item><item><PriceUpdateDate>2016-05-30 22:04:02</PriceUpdateDate><ItemCode>7290004136154</ItemCode><ItemType>1</ItemType><ItemName>מב אייס קפה תנובה בק</ItemName><ManufacturerName>שוק</ManufacturerName><ManufactureCountry>ישראל</ManufactureCountry><ManufacturerItemDescription>משקה אייס קפה340 מל בקבוק</ManufacturerItemDescription><SoldByWeight/><Quantity>340.00</Quantity><UnitOfMeasure>מ"ל</UnitOfMeasure><QtyInPackage>לא ידוע</QtyInPackage><UnitOfMeasurePrice>0.0144</UnitOfMeasurePrice><AllowDiscount>1</AllowDiscount><ItemStatus>1</ItemStatus><ItemPrice>4.90</ItemPrice></item><item><PriceUpdateDate>2016-05-30 22:04:02</PriceUpdateDate><ItemCode>7290004136192</ItemCode><ItemType>1</ItemType><ItemName>מילקשייק פונץ' בננה</ItemName><ManufacturerName>שוק</ManufacturerName><ManufactureCountry>ישראל</ManufactureCountry><ManufacturerItemDescription>מילקשייק פונץ' בננה</ManufacturerItemDescription><SoldByWeight/><Quantity>250.00</Quantity><UnitOfMeasure>מ"ל</UnitOfMeasure><QtyInPackage>לא ידוע</QtyInPackage><UnitOfMeasurePrice>0.0256</UnitOfMeasurePrice><AllowDiscount>1</AllowDiscount><ItemStatus>1</ItemStatus><ItemPrice>6.40</ItemPrice></item><item><PriceUpdateDate>2015-11-12 14:34:26</PriceUpdateDate><ItemCode>7290004136307</ItemCode><ItemType>1</ItemType><ItemName>גבינה בולגרית מעודנת</ItemName><ManufacturerName>פיראוס</ManufacturerName><ManufactureCountry>ישראל</ManufactureCountry><ManufacturerItemDescription>גבינה בולגרית 5% מעודנת 1</ManufacturerItemDescription><SoldByWeight/><Quantity>120.00</Quantity><UnitOfMeasure>גרם     </UnitOfMeasure><QtyInPackage>לא ידוע</QtyInPackage><UnitOfMeasurePrice>0.1150</UnitOfMeasurePrice><AllowDiscount>1</AllowDiscount><ItemStatus>1</ItemStatus><ItemPrice>13.80</ItemPrice></item><item><PriceUpdateDate>2016-03-01 06:43:25</PriceUpdateDate><ItemCode>7290004136598</ItemCode><ItemType>1</ItemType><ItemName>מארז הפסקת אוכל קורנ</ItemName><ManufacturerName>חלב תנובה</ManufacturerName><ManufactureCountry>ישראל</ManufactureCountry><ManufacturerItemDescription>מארז הפסקת אוכל חלב+דגנים</ManufacturerItemDescription><SoldByWeight/><Quantity>150.00</Quantity><UnitOfMeasure>מ"ל</UnitOfMeasure><QtyInPackage>לא ידוע</QtyInPackage><UnitOfMeasurePrice>0.0640</UnitOfMeasurePrice><AllowDiscount>1</AllowDiscount><ItemStatus>1</ItemStatus><ItemPrice>9.60</ItemPrice></item><item><PriceUpdateDate>2015-10-11 12:50:07</PriceUpdateDate><ItemCode>7290004136857</ItemCode><ItemType>1</ItemType><ItemName>ג'לי פטל 125 גרם</ItemName><ManufacturerName>ג'לי תנובה</ManufacturerName><ManufactureCountry>ישראל</ManufactureCountry><ManufacturerItemDescription>מעדן גלי פטל</ManufacturerItemDescription><SoldByWeight/><Quantity>125.00</Quantity><UnitOfMeasure>גרם     </UnitOfMeasure><QtyInPackage>לא ידוע</QtyInPackage><UnitOfMeasurePrice>0.0232</UnitOfMeasurePrice><AllowDiscount>0</AllowDiscount><ItemStatus>1</ItemStatus><ItemPrice>2.90</ItemPrice></item><item><PriceUpdateDate>2015-10-20 16:43:03</PriceUpdateDate><ItemCode>7290004136864</ItemCode><ItemType>1</ItemType><ItemName>ג'לי אננס עם חתיכות</ItemName><ManufacturerName>ג'לי תנובה</ManufacturerName><ManufactureCountry>ישראל</ManufactureCountry><ManufacturerItemDescription>מעדן גלי אננס וחתיכות פרי</ManufacturerItemDescription><SoldByWeight/><Quantity>125.00</Quantity><UnitOfMeasure>גרם     </UnitOfMeasure><QtyInPackage>לא ידוע</QtyInPackage><UnitOfMeasurePrice>0.0240</UnitOfMeasurePrice><AllowDiscount>0</AllowDiscount><ItemStatus>1</ItemStatus><ItemPrice>3.00</ItemPrice></item><item><PriceUpdateDate>2015-10-20 16:43:03</PriceUpdateDate><ItemCode>7290004136871</ItemCode><ItemType>1</ItemType><ItemName>ג'לי אפרסק עם חתיכות</ItemName><ManufacturerName>ג'לי תנובה</ManufacturerName><ManufactureCountry>ישראל</ManufactureCountry><ManufacturerItemDescription>ג'לי אפרסק עם חתיכות</ManufacturerItemDescription><SoldByWeight/><Quantity>125.00</Quantity><UnitOfMeasure>גרם     </UnitOfMeasure><QtyInPackage>לא ידוע</QtyInPackage><UnitOfMeasurePrice>0.0240</UnitOfMeasurePrice><AllowDiscount>0</AllowDiscount><ItemStatus>1</ItemStatus><ItemPrice>3.00</ItemPrice></item><item><PriceUpdateDate>2015-10-11 12:50:07</PriceUpdateDate><ItemCode>7290004137021</ItemCode><ItemType>1</ItemType><ItemName>שמנת לבישול10% 250 מ</ItemName><ManufacturerName>שף לבן</ManufacturerName><ManufactureCountry>ישראל</ManufactureCountry><ManufacturerItemDescription>שמנת לבישול מופחת שומן</ManufacturerItemDescription><SoldByWeight/><Quantity>250.00</Quantity><UnitOfMeasure>מ"ל</UnitOfMeasure><QtyInPackage>לא ידוע</QtyInPackage><UnitOfMeasurePrice>0.0352</UnitOfMeasurePrice><AllowDiscount>1</AllowDiscount><ItemStatus>1</ItemStatus><ItemPrice>8.80</ItemPrice></item><item><PriceUpdateDate>2016-02-16 12:24:29</PriceUpdateDate><ItemCode>7290004137311</ItemCode><ItemType>1</ItemType><ItemName>עמק לייט משפחתית 400</ItemName><ManufacturerName>עמק</ManufacturerName><ManufactureCountry>ישראל</ManufactureCountry><ManufacturerItemDescription>עמק לייט משפחתית 400</ManufacturerItemDescription><SoldByWeight/><Quantity>400.00</Quantity><UnitOfMeasure>גרם     </UnitOfMeasure><QtyInPackage>לא ידוע</QtyInPackage><UnitOfMeasurePrice>0.0747</UnitOfMeasurePrice><AllowDiscount>1</AllowDiscount><ItemStatus>1</ItemStatus><ItemPrice>29.90</ItemPrice></item><item><PriceUpdateDate>2016-05-01 21:46:47</PriceUpdateDate><ItemCode>7290004137809</ItemCode><ItemType>1</ItemType><ItemName>לאבנה 5% 250 גרם</ItemName><ManufacturerName>פיראוס</ManufacturerName><ManufactureCountry>ישראל</ManufactureCountry><ManufacturerItemDescription>לאבנה 250 5% גרם    פיראו</ManufacturerItemDescription><SoldByWeight/><Quantity>250.00</Quantity><UnitOfMeasure>גרם     </UnitOfMeasure><QtyInPackage>לא ידוע</QtyInPackage><UnitOfMeasurePrice>0.0512</UnitOfMeasurePrice><AllowDiscount>1</AllowDiscount><ItemStatus>1</ItemStatus><ItemPrice>12.80</ItemPrice></item><item><PriceUpdateDate>2016-05-01 21:46:47</PriceUpdateDate><ItemCode>7290004146986</ItemCode><ItemType>1</ItemType><ItemName>מב שמפו נקה-7 לשיער</ItemName><ManufacturerName>נקה 7</ManufacturerName><ManufactureCountry>ישראל</ManufactureCountry><ManufacturerItemDescription>מב שמפו נקה-7 לשיער</ManufacturerItemDescription><SoldByWeight/><Quantity>750.00</Quantity><UnitOfMeasure>מ"ל</UnitOfMeasure><QtyInPackage>לא ידוע</QtyInPackage><UnitOfMeasurePrice>0.0145</UnitOfMeasurePrice><AllowDiscount>0</AllowDiscount><ItemStatus>1</ItemStatus><ItemPrice>10.90</ItemPrice></item><item><PriceUpdateDate>2016-05-01 21:46:47</PriceUpdateDate><ItemCode>7290004146993</ItemCode><ItemType>1</ItemType><ItemName>מב מרכך נקה-7 לשיער</ItemName><ManufacturerName>נקה 7</ManufacturerName><ManufactureCountry>ישראל</ManufactureCountry><ManufacturerItemDescription>מב מרכך נקה-7 לשיער</ManufacturerItemDescription><SoldByWeight/><Quantity>750.00</Quantity><UnitOfMeasure>מ"ל</UnitOfMeasure><QtyInPackage>לא ידוע</QtyInPackage><UnitOfMeasurePrice>0.0145</UnitOfMeasurePrice><AllowDiscount>0</AllowDiscount><ItemStatus>1</ItemStatus><ItemPrice>10.90</ItemPrice></item><item><PriceUpdateDate>2014-11-03 06:37:48</PriceUpdateDate><ItemCode>7290004199029</ItemCode><ItemType>1</ItemType><ItemName>נשכן SPILOT</ItemName><ManufacturerName>טוליפס</ManufacturerName><ManufactureCountry>ישראל</ManufactureCountry><ManufacturerItemDescription>נשכן SPILOT</ManufacturerItemDescription><SoldByWeight/><Quantity>1.00</Quantity><UnitOfMeasure>יח'</UnitOfMeasure><QtyInPackage>לא ידוע</QtyInPackage><UnitOfMeasurePrice>9.5000</UnitOfMeasurePrice><AllowDiscount>1</AllowDiscount><ItemStatus>1</ItemStatus><ItemPrice>9.50</ItemPrice></item><item><PriceUpdateDate>2014-11-03 06:37:48</PriceUpdateDate><ItemCode>7290004199074</ItemCode><ItemType>1</ItemType><ItemName>פלסטר 50 יח'</ItemName><ManufacturerName>SUNNY PLASTER</ManufacturerName><ManufactureCountry>ישראל</ManufactureCountry><ManufacturerItemDescription>פלסטר 50 יח'</ManufacturerItemDescription><SoldByWeight/><Quantity>1.00</Quantity><UnitOfMeasure>יח'</UnitOfMeasure><QtyInPackage>לא ידוע</QtyInPackage><UnitOfMeasurePrice>6.2000</UnitOfMeasurePrice><AllowDiscount>1</AllowDiscount><ItemStatus>1</ItemStatus><ItemPrice>6.20</ItemPrice></item><item><PriceUpdateDate>2014-11-03 06:37:48</PriceUpdateDate><ItemCode>7290004199098</ItemCode><ItemType>1</ItemType><ItemName>בקבוק לתינוק עמיד במ</ItemName><ManufacturerName>לא ידוע</ManufacturerName><ManufactureCountry>ישראל</ManufactureCountry><ManufacturerItemDescription>בקבוק לתינוק עמיד במ</ManufacturerItemDescription><SoldByWeight/><Quantity>0.00</Quantity><UnitOfMeasure>יח'</UnitOfMeasure><QtyInPackage>לא ידוע</QtyInPackage><UnitOfMeasurePrice>0.0000</UnitOfMeasurePrice><AllowDiscount>1</AllowDiscount><ItemStatus>1</ItemStatus><ItemPrice>6.50</ItemPrice></item><item><PriceUpdateDate>2016-05-01 21:46:47</PriceUpdateDate><ItemCode>7290004199166</ItemCode><ItemType>1</ItemType><ItemName>כפפות לאטקס 100 יחי</ItemName><ManufacturerName>איזי טאצ</ManufacturerName><ManufactureCountry>ישראל</ManufactureCountry><ManufacturerItemDescription>כפפות לאטקס 100 יח</ManufacturerItemDescription><SoldByWeight/><Quantity>0.00</Quantity><UnitOfMeasure>יח'</UnitOfMeasure><QtyInPackage>לא ידוע</QtyInPackage><UnitOfMeasurePrice>0.0000</UnitOfMeasurePrice><AllowDiscount>1</AllowDiscount><ItemStatus>1</ItemStatus><ItemPrice>30.50</ItemPrice></item><item><PriceUpdateDate>2016-05-01 21:46:47</PriceUpdateDate><ItemCode>7290004199173</ItemCode><ItemType>1</ItemType><ItemName>כפפות לאטקס 100 יחי</ItemName><ManufacturerName>איזי טאצ</ManufacturerName><ManufactureCountry>ישראל</ManufactureCountry><ManufacturerItemDescription>כפפות לאטקס 100 יח</ManufacturerItemDescription><SoldByWeight/><Quantity>0.00</Quantity><UnitOfMeasure>יח'</UnitOfMeasure><QtyInPackage>לא ידוע</QtyInPackage><UnitOfMeasurePrice>0.0000</UnitOfMeasurePrice><AllowDiscount>1</AllowDiscount><ItemStatus>1</ItemStatus><ItemPrice>30.50</ItemPrice></item><item><PriceUpdateDate>2016-05-01 21:46:48</PriceUpdateDate><ItemCode>7290004199180</ItemCode><ItemType>1</ItemType><ItemName>כפפות לאטקס 100 יחי</ItemName><ManufacturerName>איזי טאצ</ManufacturerName><ManufactureCountry>ישראל</ManufactureCountry><ManufacturerItemDescription>כפפות לאטקס 100 יח</ManufacturerItemDescription><SoldByWeight/><Quantity>0.00</Quantity><UnitOfMeasure>יח'</UnitOfMeasure><QtyInPackage>לא ידוע</QtyInPackage><UnitOfMeasurePrice>0.0000</UnitOfMeasurePrice><AllowDiscount>1</AllowDiscount><ItemStatus>1</ItemStatus><ItemPrice>30.50</ItemPrice></item><item><PriceUpdateDate>2014-11-03 06:37:48</PriceUpdateDate><ItemCode>7290004199203</ItemCode><ItemType>1</ItemType><ItemName>קיסמי שניים</ItemName><ManufacturerName>לא ידוע</ManufacturerName><ManufactureCountry>ישראל</ManufactureCountry><ManufacturerItemDescription>קיסמי שניים</ManufacturerItemDescription><SoldByWeight/><Quantity>0.00</Quantity><UnitOfMeasure>יח'</UnitOfMeasure><QtyInPackage>לא ידוע</QtyInPackage><UnitOfMeasurePrice>0.0000</UnitOfMeasurePrice><AllowDiscount>1</AllowDiscount><ItemStatus>1</ItemStatus><ItemPrice>4.70</ItemPrice></item><item><PriceUpdateDate>2016-05-01 21:46:48</PriceUpdateDate><ItemCode>7290004199234</ItemCode><ItemType>1</ItemType><ItemName>כפפות לאטקס 100 יחי</ItemName><ManufacturerName>איזי טאצ</ManufacturerName><ManufactureCountry>ישראל</ManufactureCountry><ManufacturerItemDescription>כפפות לאטקס 100 יח</ManufacturerItemDescription><SoldByWeight/><Quantity>100.00</Quantity><UnitOfMeasure>בודד</UnitOfMeasure><QtyInPackage>לא ידוע</QtyInPackage><UnitOfMeasurePrice>0.3050</UnitOfMeasurePrice><AllowDiscount>1</AllowDiscount><ItemStatus>1</ItemStatus><ItemPrice>30.50</ItemPrice></item><item><PriceUpdateDate>2014-11-03 06:37:37</PriceUpdateDate><ItemCode>7290004200244</ItemCode><ItemType>1</ItemType><ItemName>פרסים רמה 3</ItemName><ManufacturerName>שמחה זה אנחנו</ManufacturerName><ManufactureCountry>ישראל</ManufactureCountry><ManufacturerItemDescription>פרסים רמה 3</ManufacturerItemDescription><SoldByWeight/><Quantity>0.00</Quantity><UnitOfMeasure>יח'</UnitOfMeasure><QtyInPackage>לא ידוע</QtyInPackage><UnitOfMeasurePrice>0.0000</UnitOfMeasurePrice><AllowDiscount>1</AllowDiscount><ItemStatus>1</ItemStatus><ItemPrice>9.90</ItemPrice></item><item><PriceUpdateDate>2014-11-03 06:37:09</PriceUpdateDate><ItemCode>7290004219277</ItemCode><ItemType>1</ItemType><ItemName>אנשובי ארוך בצנצנת 8</ItemName><ManufacturerName>וילי פוד</ManufacturerName><ManufactureCountry>ישראל</ManufactureCountry><ManufacturerItemDescription>אנשובי ארוך בצנצנת 8</ManufacturerItemDescription><SoldByWeight/><Quantity>14.00</Quantity><UnitOfMeasure>גרם     </UnitOfMeasure><QtyInPackage>לא ידוע</QtyInPackage><UnitOfMeasurePrice>0.9214</UnitOfMeasurePrice><AllowDiscount>1</AllowDiscount><ItemStatus>1</ItemStatus><ItemPrice>12.90</ItemPrice></item><item><PriceUpdateDate>2014-11-03 06:37:11</PriceUpdateDate><ItemCode>7290004221409</ItemCode><ItemType>1</ItemType><ItemName>רוטב חזרת וובר</ItemName><ManufacturerName>טיירי</ManufacturerName><ManufactureCountry>ישראל</ManufactureCountry><ManufacturerItemDescription>רוטב חזרת וובר</ManufacturerItemDescription><SoldByWeight/><Quantity>454.00</Quantity><UnitOfMeasure>גרם     </UnitOfMeasure><QtyInPackage>לא ידוע</QtyInPackage><UnitOfMeasurePrice>0.0507</UnitOfMeasurePrice><AllowDiscount>1</AllowDiscount><ItemStatus>1</ItemStatus><ItemPrice>23.00</ItemPrice></item><item><PriceUpdateDate>2016-03-29 06:36:34</PriceUpdateDate><ItemCode>7290004225278</ItemCode><ItemType>3</ItemType><ItemName>מב בסגנון דנאבלו במש</ItemName><ManufacturerName>נטו סחר</ManufacturerName><ManufactureCountry>ישראל</ManufactureCountry><ManufacturerItemDescription>מב בסגנון דנאבלו במש</ManufacturerItemDescription><SoldByWeight/><Quantity>1.00</Quantity><UnitOfMeasure>ק"ג</UnitOfMeasure><QtyInPackage>לא ידוע</QtyInPackage><UnitOfMeasurePrice>69.0000</UnitOfMeasurePrice><AllowDiscount>1</AllowDiscount><ItemStatus>1</ItemStatus><ItemPrice>69.00</ItemPrice></item><item><PriceUpdateDate>2016-03-30 06:52:58</PriceUpdateDate><ItemCode>7290004225285</ItemCode><ItemType>1</ItemType><ItemName>מב סגנון דנאבלו 100</ItemName><ManufacturerName>נטו סחר</ManufacturerName><ManufactureCountry>ישראל</ManufactureCountry><ManufacturerItemDescription>סגנון דנאבלו 100 גרם</ManufacturerItemDescription><SoldByWeight/><Quantity>100.00</Quantity><UnitOfMeasure>גרם     </UnitOfMeasure><QtyInPackage>לא ידוע</QtyInPackage><UnitOfMeasurePrice>0.0990</UnitOfMeasurePrice><AllowDiscount>1</AllowDiscount><ItemStatus>1</ItemStatus><ItemPrice>9.90</ItemPrice></item><item><PriceUpdateDate>2016-01-13 08:17:09</PriceUpdateDate><ItemCode>7290004230067</ItemCode><ItemType>1</ItemType><ItemName>פיצת השף שגב 350 גרם</ItemName><ManufacturerName>שגב</ManufacturerName><ManufactureCountry>לא ידוע</ManufactureCountry><ManufacturerItemDescription>פיצת השף שגב 350 גרם</ManufacturerItemDescription><SoldByWeight/><Quantity>350.00</Quantity><UnitOfMeasure>גרם     </UnitOfMeasure><QtyInPackage>לא ידוע</QtyInPackage><UnitOfMeasurePrice>0.0483</UnitOfMeasurePrice><AllowDiscount>1</AllowDiscount><ItemStatus>1</ItemStatus><ItemPrice>16.90</ItemPrice></item><item><PriceUpdateDate>2016-05-30 22:04:02</PriceUpdateDate><ItemCode>7290004230074</ItemCode><ItemType>1</ItemType><ItemName>מב קציצות ברוטב עגבנ</ItemName><ManufacturerName>שגב</ManufacturerName><ManufactureCountry>ישראל</ManufactureCountry><ManufacturerItemDescription>קציצות דג ברוטב עגבניות 8</ManufacturerItemDescription><SoldByWeight/><Quantity>800.00</Quantity><UnitOfMeasure>גרם     </UnitOfMeasure><QtyInPackage>לא ידוע</QtyInPackage><UnitOfMeasurePrice>0.0324</UnitOfMeasurePrice><AllowDiscount>1</AllowDiscount><ItemStatus>1</ItemStatus><ItemPrice>25.90</ItemPrice></item><item><PriceUpdateDate>2016-06-02 12:21:27</PriceUpdateDate><ItemCode>7290004230333</ItemCode><ItemType>1</ItemType><ItemName>מב מקלות בורקס פילו</ItemName><ManufacturerName>שגב</ManufacturerName><ManufactureCountry>ישראל</ManufactureCountry><ManufacturerItemDescription>מב מקלות בורקס פילו</ManufacturerItemDescription><SoldByWeight/><Quantity>600.00</Quantity><UnitOfMeasure>גרם     </UnitOfMeasure><QtyInPackage>לא ידוע</QtyInPackage><UnitOfMeasurePrice>0.0265</UnitOfMeasurePrice><AllowDiscount>1</AllowDiscount><ItemStatus>1</ItemStatus><ItemPrice>15.90</ItemPrice></item><item><PriceUpdateDate>2016-06-02 12:21:27</PriceUpdateDate><ItemCode>7290004230364</ItemCode><ItemType>1</ItemType><ItemName>מב מקלות בורקס פילו</ItemName><ManufacturerName>שגב</ManufacturerName><ManufactureCountry>ישראל</ManufactureCountry><ManufacturerItemDescription>מקלות בורקס פילו גבינה צר</ManufacturerItemDescription><SoldByWeight/><Quantity>600.00</Quantity><UnitOfMeasure>גרם     </UnitOfMeasure><QtyInPackage>לא ידוע</QtyInPackage><UnitOfMeasurePrice>0.0265</UnitOfMeasurePrice><AllowDiscount>1</AllowDiscount><ItemStatus>1</ItemStatus><ItemPrice>15.90</ItemPrice></item><item><PriceUpdateDate>2015-06-30 06:46:32</PriceUpdateDate><ItemCode>7290004269890</ItemCode><ItemType>1</ItemType><ItemName>עוגת לחמי בראוניס עש</ItemName><ManufacturerName>לחמי</ManufacturerName><ManufactureCountry>ישראל</ManufactureCountry><ManufacturerItemDescription>עוגת בראוניס עשירה 380 גר</ManufacturerItemDescription><SoldByWeight/><Quantity>450.00</Quantity><UnitOfMeasure>גרם     </UnitOfMeasure><QtyInPackage>לא ידוע</QtyInPackage><UnitOfMeasurePrice>0.0429</UnitOfMeasurePrice><AllowDiscount>1</AllowDiscount><ItemStatus>1</ItemStatus><ItemPrice>19.30</ItemPrice></item><item><PriceUpdateDate>2016-03-01 06:49:15</PriceUpdateDate><ItemCode>7290004324858</ItemCode><ItemType>1</ItemType><ItemName>מב קבב כבש 500 גרם</ItemName><ManufacturerName>טיבון ויל</ManufacturerName><ManufactureCountry>ישראל</ManufactureCountry><ManufacturerItemDescription>קבב כבש500 גר</ManufacturerItemDescription><SoldByWeight/><Quantity>500.00</Quantity><UnitOfMeasure>גרם     </UnitOfMeasure><QtyInPackage>לא ידוע</QtyInPackage><UnitOfMeasurePrice>0.0378</UnitOfMeasurePrice><AllowDiscount>1</AllowDiscount><ItemStatus>1</ItemStatus><ItemPrice>18.90</ItemPrice></item><item><PriceUpdateDate>2016-05-30 22:04:03</PriceUpdateDate><ItemCode>7290004423353</ItemCode><ItemType>1</ItemType><ItemName>מיץ פריגת תפוחים 1.5</ItemName><ManufacturerName>פריגת</ManufacturerName><ManufactureCountry>ישראל</ManufactureCountry><ManufacturerItemDescription>משקל פריגת תפוחים 1.5 ל</ManufacturerItemDescription><SoldByWeight/><Quantity>1500.00</Quantity><UnitOfMeasure>מ"ל</UnitOfMeasure><QtyInPackage>לא ידוע</QtyInPackage><UnitOfMeasurePrice>0.0045</UnitOfMeasurePrice><AllowDiscount>0</AllowDiscount><ItemStatus>1</ItemStatus><ItemPrice>6.80</ItemPrice></item><item><PriceUpdateDate>2015-03-30 09:10:50</PriceUpdateDate><ItemCode>7290004469504</ItemCode><ItemType>1</ItemType><ItemName>קופסת ענבר 1.3 ליטר</ItemName><ManufacturerName>תמה</ManufacturerName><ManufactureCountry>ישראל</ManufactureCountry><ManufacturerItemDescription>קופסת ענבר 1.3 ליטר</ManufacturerItemDescription><SoldByWeight/><Quantity>0.00</Quantity><UnitOfMeasure>יח'</UnitOfMeasure><QtyInPackage>לא ידוע</QtyInPackage><UnitOfMeasurePrice>0.0000</UnitOfMeasurePrice><AllowDiscount>1</AllowDiscount><ItemStatus>1</ItemStatus><ItemPrice>7.90</ItemPrice></item><item><PriceUpdateDate>2015-07-05 10:55:54</PriceUpdateDate><ItemCode>7290004485191</ItemCode><ItemType>3</ItemType><ItemName>עוף טבעי שלם משק ארצ</ItemName><ManufacturerName>.N.Y.C</ManufacturerName><ManufactureCountry>ישראל</ManufactureCountry><ManufacturerItemDescription>עוף טבעי שלם משק ארצ</ManufacturerItemDescription><SoldByWeight/><Quantity>1.00</Quantity><UnitOfMeasure>ק"ג</UnitOfMeasure><QtyInPackage>לא ידוע</QtyInPackage><UnitOfMeasurePrice>25.9000</UnitOfMeasurePrice><AllowDiscount>1</AllowDiscount><ItemStatus>1</ItemStatus><ItemPrice>25.90</ItemPrice></item><item><PriceUpdateDate>2015-07-05 10:55:54</PriceUpdateDate><ItemCode>7290004485306</ItemCode><ItemType>3</ItemType><ItemName>פרגיות טרי עופיון מש</ItemName><ManufacturerName>.N.Y.C</ManufacturerName><ManufactureCountry>ישראל</ManufactureCountry><ManufacturerItemDescription>פרגיות טרי עופיון מש</ManufacturerItemDescription><SoldByWeight/><Quantity>1.00</Quantity><UnitOfMeasure>ק"ג</UnitOfMeasure><QtyInPackage>לא ידוע</QtyInPackage><UnitOfMeasurePrice>41.0000</UnitOfMeasurePrice><AllowDiscount>1</AllowDiscount><ItemStatus>1</ItemStatus><ItemPrice>41.00</ItemPrice></item><item><PriceUpdateDate>2015-11-12 14:30:45</PriceUpdateDate><ItemCode>7290004492311</ItemCode><ItemType>1</ItemType><ItemName>בייגלה שמיניות גדולו</ItemName><ManufacturerName>בייגל בייגל</ManufacturerName><ManufactureCountry>ישראל</ManufactureCountry><ManufacturerItemDescription>בייגלה שמיניות גדולו</ManufacturerItemDescription><SoldByWeight/><Quantity>400.00</Quantity><UnitOfMeasure>גרם     </UnitOfMeasure><QtyInPackage>לא ידוע</QtyInPackage><UnitOfMeasurePrice>0.0385</UnitOfMeasurePrice><AllowDiscount>1</AllowDiscount><ItemStatus>1</ItemStatus><ItemPrice>15.40</ItemPrice></item><item><PriceUpdateDate>2016-05-01 21:46:48</PriceUpdateDate><ItemCode>7290004492755</ItemCode><ItemType>1</ItemType><ItemName>נשנושים שמנת בצל 300</ItemName><ManufacturerName>נישנושים</ManufacturerName><ManufactureCountry>ישראל</ManufactureCountry><ManufacturerItemDescription>נשנושים בצל שמנת 300 גר</ManufacturerItemDescription><SoldByWeight/><Quantity>300.00</Quantity><UnitOfMeasure>גרם     </UnitOfMeasure><QtyInPackage>לא ידוע</QtyInPackage><UnitOfMeasurePrice>0.0520</UnitOfMeasurePrice><AllowDiscount>1</AllowDiscount><ItemStatus>1</ItemStatus><ItemPrice>15.60</ItemPrice></item><item><PriceUpdateDate>2016-05-01 21:46:48</PriceUpdateDate><ItemCode>7290004492762</ItemCode><ItemType>1</ItemType><ItemName>נשנושים תירס 325 גרם</ItemName><ManufacturerName>נישנושים</ManufacturerName><ManufactureCountry>ישראל</ManufactureCountry><ManufacturerItemDescription>נשנושים תירס 325 גרם</ManufacturerItemDescription><SoldByWeight/><Quantity>325.00</Quantity><UnitOfMeasure>גרם     </UnitOfMeasure><QtyInPackage>לא ידוע</QtyInPackage><UnitOfMeasurePrice>0.0480</UnitOfMeasurePrice><AllowDiscount>1</AllowDiscount><ItemStatus>1</ItemStatus><ItemPrice>15.60</ItemPrice></item><item><PriceUpdateDate>2016-05-01 21:46:48</PriceUpdateDate><ItemCode>7290004492779</ItemCode><ItemType>1</ItemType><ItemName>נשנושים זעתר 300 גרם</ItemName><ManufacturerName>בייגל בייגל</ManufacturerName><ManufactureCountry>ישראל</ManufactureCountry><ManufacturerItemDescription>נשנושים זעתר 300 גר</ManufacturerItemDescription><SoldByWeight/><Quantity>300.00</Quantity><UnitOfMeasure>גרם     </UnitOfMeasure><QtyInPackage>לא ידוע</QtyInPackage><UnitOfMeasurePrice>0.0520</UnitOfMeasurePrice><AllowDiscount>0</AllowDiscount><ItemStatus>1</ItemStatus><ItemPrice>15.60</ItemPrice></item><item><PriceUpdateDate>2016-02-02 06:51:10</PriceUpdateDate><ItemCode>7290004492816</ItemCode><ItemType>1</ItemType><ItemName>נשנושי קרקר עיגולים</ItemName><ManufacturerName>לא ידוע</ManufacturerName><ManufactureCountry>ישראל</ManufactureCountry><ManufacturerItemDescription>נשנושי קרקר עיגולים</ManufacturerItemDescription><SoldByWeight/><Quantity>350.00</Quantity><UnitOfMeasure>גרם     </UnitOfMeasure><QtyInPackage>לא ידוע</QtyInPackage><UnitOfMeasurePrice>0.0446</UnitOfMeasurePrice><AllowDiscount>1</AllowDiscount><ItemStatus>1</ItemStatus><ItemPrice>15.60</ItemPrice></item><item><PriceUpdateDate>2016-02-02 06:51:10</PriceUpdateDate><ItemCode>7290004492823</ItemCode><ItemType>1</ItemType><ItemName>נשנושי קרקר שומשום 3</ItemName><ManufacturerName>נישנושים</ManufacturerName><ManufactureCountry>ישראל</ManufactureCountry><ManufacturerItemDescription>נשנושי קרקר שומשום 3</ManufacturerItemDescription><SoldByWeight/><Quantity>350.00</Quantity><UnitOfMeasure>גרם     </UnitOfMeasure><QtyInPackage>לא ידוע</QtyInPackage><UnitOfMeasurePrice>0.0446</UnitOfMeasurePrice><AllowDiscount>1</AllowDiscount><ItemStatus>1</ItemStatus><ItemPrice>15.60</ItemPrice></item><item><PriceUpdateDate>2016-02-02 06:51:11</PriceUpdateDate><ItemCode>7290004492854</ItemCode><ItemType>1</ItemType><ItemName>נשנושי קרקר קוקטייל</ItemName><ManufacturerName>נישנושים</ManufacturerName><ManufactureCountry>ישראל</ManufactureCountry><ManufacturerItemDescription>נשנושי קרקר קוקטייל</ManufacturerItemDescription><SoldByWeight/><Quantity>350.00</Quantity><UnitOfMeasure>גרם     </UnitOfMeasure><QtyInPackage>לא ידוע</QtyInPackage><UnitOfMeasurePrice>0.0446</UnitOfMeasurePrice><AllowDiscount>1</AllowDiscount><ItemStatus>1</ItemStatus><ItemPrice>15.60</ItemPrice></item><item><PriceUpdateDate>2014-11-03 06:37:20</PriceUpdateDate><ItemCode>7290004536039</ItemCode><ItemType>1</ItemType><ItemName>כפפות דלפין זוג ורוד</ItemName><ManufacturerName>דלפין</ManufacturerName><ManufactureCountry>ישראל</ManufactureCountry><ManufacturerItemDescription>כפפות דלפין זוג ורוד</ManufacturerItemDescription><SoldByWeight/><Quantity>0.00</Quantity><UnitOfMeasure>יח'</UnitOfMeasure><QtyInPackage>לא ידוע</QtyInPackage><UnitOfMeasurePrice>0.0000</UnitOfMeasurePrice><AllowDiscount>1</AllowDiscount><ItemStatus>1</ItemStatus><ItemPrice>10.30</ItemPrice></item><item><PriceUpdateDate>2016-05-30 22:04:04</PriceUpdateDate><ItemCode>7290004554903</ItemCode><ItemType>1</ItemType><ItemName>מב גלידת פנטסיה שוקו</ItemName><ManufacturerName>פנטזיה</ManufacturerName><ManufactureCountry>ישראל</ManufactureCountry><ManufacturerItemDescription>מב גלידת פנטסיה שוקו</ManufacturerItemDescription><SoldByWeight/><Quantity>1000.00</Quantity><UnitOfMeasure>מ"ל</UnitOfMeasure><QtyInPackage>לא ידוע</QtyInPackage><UnitOfMeasurePrice>0.0149</UnitOfMeasurePrice><AllowDiscount>1</AllowDiscount><ItemStatus>1</ItemStatus><ItemPrice>14.90</ItemPrice></item><item><PriceUpdateDate>2016-03-01 06:43:25</PriceUpdateDate><ItemCode>7290004584306</ItemCode><ItemType>1</ItemType><ItemName>מארז גמדים תות בננה</ItemName><ManufacturerName>גמדים</ManufacturerName><ManufactureCountry>ישראל</ManufactureCountry><ManufacturerItemDescription>מארז גמדים תות בננה</ManufacturerItemDescription><SoldByWeight/><Quantity>400.00</Quantity><UnitOfMeasure>מ"ל</UnitOfMeasure><QtyInPackage>לא ידוע</QtyInPackage><UnitOfMeasurePrice>0.0285</UnitOfMeasurePrice><AllowDiscount>0</AllowDiscount><ItemStatus>1</ItemStatus><ItemPrice>11.40</ItemPrice></item><item><PriceUpdateDate>2016-06-01 09:41:32</PriceUpdateDate><ItemCode>7290004584351</ItemCode><ItemType>1</ItemType><ItemName>מב סימפוניה 5% טבעית</ItemName><ManufacturerName>סימפוניה שטראוס</ManufacturerName><ManufactureCountry>ישראל</ManufactureCountry><ManufacturerItemDescription>סימפוניה בטעם טבעי 200 גר</ManufacturerItemDescription><SoldByWeight/><Quantity>200.00</Quantity><UnitOfMeasure>גרם     </UnitOfMeasure><QtyInPackage>לא ידוע</QtyInPackage><UnitOfMeasurePrice>0.0495</UnitOfMeasurePrice><AllowDiscount>0</AllowDiscount><ItemStatus>1</ItemStatus><ItemPrice>9.90</ItemPrice></item><item><PriceUpdateDate>2015-10-11 18:10:49</PriceUpdateDate><ItemCode>7290004584528</ItemCode><ItemType>1</ItemType><ItemName>דנונה ביו טבעי 1.7%</ItemName><ManufacturerName>דנונה</ManufacturerName><ManufactureCountry>ישראל</ManufactureCountry><ManufacturerItemDescription>יוגורט דנונה בי 200  1.7%</ManufacturerItemDescription><SoldByWeight/><Quantity>200.00</Quantity><UnitOfMeasure>גרם     </UnitOfMeasure><QtyInPackage>לא ידוע</QtyInPackage><UnitOfMeasurePrice>0.0200</UnitOfMeasurePrice><AllowDiscount>1</AllowDiscount><ItemStatus>1</ItemStatus><ItemPrice>4.00</ItemPrice></item><item><PriceUpdateDate>2015-10-11 18:10:49</PriceUpdateDate><ItemCode>7290004585907</ItemCode><ItemType>1</ItemType><ItemName>מעדן דני וניל 125 גר</ItemName><ManufacturerName>דני</ManufacturerName><ManufactureCountry>ישראל</ManufactureCountry><ManufacturerItemDescription>דני וניל125 גר</ManufacturerItemDescription><SoldByWeight/><Quantity>125.00</Quantity><UnitOfMeasure>גרם     </UnitOfMeasure><QtyInPackage>לא ידוע</QtyInPackage><UnitOfMeasurePrice>0.0216</UnitOfMeasurePrice><AllowDiscount>1</AllowDiscount><ItemStatus>1</ItemStatus><ItemPrice>2.70</ItemPrice></item><item><PriceUpdateDate>2016-05-01 21:46:48</PriceUpdateDate><ItemCode>7290004603175</ItemCode><ItemType>1</ItemType><ItemName>מלח הים האדום גס 500</ItemName><ManufacturerName>לא ממותג</ManufacturerName><ManufactureCountry>ישראל</ManufactureCountry><ManufacturerItemDescription>מלח הים האדום גס 500</ManufacturerItemDescription><SoldByWeight/><Quantity>500.00</Quantity><UnitOfMeasure>גרם     </UnitOfMeasure><QtyInPackage>לא ידוע</QtyInPackage><UnitOfMeasurePrice>0.0158</UnitOfMeasurePrice><AllowDiscount>1</AllowDiscount><ItemStatus>1</ItemStatus><ItemPrice>7.90</ItemPrice></item><item><PriceUpdateDate>2015-08-18 06:43:56</PriceUpdateDate><ItemCode>7290004658953</ItemCode><ItemType>1</ItemType><ItemName>יין סובניון בלאן 750</ItemName><ManufacturerName>Private Collection</ManufacturerName><ManufactureCountry>ישראל</ManufactureCountry><ManufacturerItemDescription>יין סובניון בלאן 750</ManufacturerItemDescription><SoldByWeight/><Quantity>750.00</Quantity><UnitOfMeasure>מ"ל</UnitOfMeasure><QtyInPackage>לא ידוע</QtyInPackage><UnitOfMeasurePrice>0.0573</UnitOfMeasurePrice><AllowDiscount>1</AllowDiscount><ItemStatus>1</ItemStatus><ItemPrice>43.00</ItemPrice></item><item><PriceUpdateDate>2016-05-30 22:04:04</PriceUpdateDate><ItemCode>7290004685010</ItemCode><ItemType>1</ItemType><ItemName>מב לחם 100% שיפון קל</ItemName><ManufacturerName>מאפיית ברמן</ManufacturerName><ManufactureCountry>ישראל</ManufactureCountry><ManufacturerItemDescription>מב לחם 100% שיפון קל</ManufacturerItemDescription><SoldByWeight/><Quantity>500.00</Quantity><UnitOfMeasure>גרם     </UnitOfMeasure><QtyInPackage>לא ידוע</QtyInPackage><UnitOfMeasurePrice>0.0278</UnitOfMeasurePrice><AllowDiscount>1</AllowDiscount><ItemStatus>1</ItemStatus><ItemPrice>13.90</ItemPrice></item><item><PriceUpdateDate>2016-05-30 22:04:04</PriceUpdateDate><ItemCode>7290004685041</ItemCode><ItemType>1</ItemType><ItemName>מב לחם חיטה מלאה 750</ItemName><ManufacturerName>ברדלי</ManufacturerName><ManufactureCountry>ישראל</ManufactureCountry><ManufacturerItemDescription>לחם חיטה מלאה 750 גרם ל .</ManufacturerItemDescription><SoldByWeight/><Quantity>750.00</Quantity><UnitOfMeasure>גרם     </UnitOfMeasure><QtyInPackage>לא ידוע</QtyInPackage><UnitOfMeasurePrice>0.0185</UnitOfMeasurePrice><AllowDiscount>1</AllowDiscount><ItemStatus>1</ItemStatus><ItemPrice>13.90</ItemPrice></item><item><PriceUpdateDate>2016-05-30 22:04:04</PriceUpdateDate><ItemCode>7290004685089</ItemCode><ItemType>1</ItemType><ItemName>מב לחם חמניות 500 גר</ItemName><ManufacturerName>מאפיית ברמן</ManufacturerName><ManufactureCountry>ישראל</ManufactureCountry><ManufacturerItemDescription>מב לחם חמניות 500 גר</ManufacturerItemDescription><SoldByWeight/><Quantity>500.00</Quantity><UnitOfMeasure>גרם     </UnitOfMeasure><QtyInPackage>לא ידוע</QtyInPackage><UnitOfMeasurePrice>0.0278</UnitOfMeasurePrice><AllowDiscount>1</AllowDiscount><ItemStatus>1</ItemStatus><ItemPrice>13.90</ItemPrice></item><item><PriceUpdateDate>2016-05-30 22:04:04</PriceUpdateDate><ItemCode>7290004685133</ItemCode><ItemType>1</ItemType><ItemName>מב לחם קל לחם הארץ 7</ItemName><ManufacturerName>מאפיית ברמן</ManufacturerName><ManufactureCountry>ישראל</ManufactureCountry><ManufacturerItemDescription>לחם קל לחם הארץ 750 גרם</ManufacturerItemDescription><SoldByWeight/><Quantity>750.00</Quantity><UnitOfMeasure>גרם     </UnitOfMeasure><QtyInPackage>לא ידוע</QtyInPackage><UnitOfMeasurePrice>0.0185</UnitOfMeasurePrice><AllowDiscount>1</AllowDiscount><ItemStatus>1</ItemStatus><ItemPrice>13.90</ItemPrice></item><item><PriceUpdateDate>2016-05-30 22:04:04</PriceUpdateDate><ItemCode>7290004685140</ItemCode><ItemType>1</ItemType><ItemName>מב לחם שיפון 60%</ItemName><ManufacturerName>מאפיית ברמן</ManufacturerName><ManufactureCountry>ישראל</ManufactureCountry><ManufacturerItemDescription>לחם שיפון לחם הארץ 750 גר</ManufacturerItemDescription><SoldByWeight/><Quantity>750.00</Quantity><UnitOfMeasure>גרם     </UnitOfMeasure><QtyInPackage>לא ידוע</QtyInPackage><UnitOfMeasurePrice>0.0185</UnitOfMeasurePrice><AllowDiscount>1</AllowDiscount><ItemStatus>1</ItemStatus><ItemPrice>13.90</ItemPrice></item><item><PriceUpdateDate>2016-05-30 22:04:04</PriceUpdateDate><ItemCode>7290004685157</ItemCode><ItemType>1</ItemType><ItemName>מב לחם שיפון 100%</ItemName><ManufacturerName>לחם הארץ</ManufacturerName><ManufactureCountry>ישראל</ManufactureCountry><ManufacturerItemDescription>לחם שיפון 750 100% ג</ManufacturerItemDescription><SoldByWeight/><Quantity>750.00</Quantity><UnitOfMeasure>גרם     </UnitOfMeasure><QtyInPackage>לא ידוע</QtyInPackage><UnitOfMeasurePrice>0.0185</UnitOfMeasurePrice><AllowDiscount>1</AllowDiscount><ItemStatus>1</ItemStatus><ItemPrice>13.90</ItemPrice></item><item><PriceUpdateDate>2016-05-30 22:04:04</PriceUpdateDate><ItemCode>7290004685195</ItemCode><ItemType>1</ItemType><ItemName>מב לחם 10 דגנים  750</ItemName><ManufacturerName>לחם הארץ</ManufacturerName><ManufactureCountry>ישראל</ManufactureCountry><ManufacturerItemDescription>לחם 10 דגנים לחם הארץ 750</ManufacturerItemDescription><SoldByWeight/><Quantity>750.00</Quantity><UnitOfMeasure>גרם     </UnitOfMeasure><QtyInPackage>לא ידוע</QtyInPackage><UnitOfMeasurePrice>0.0185</UnitOfMeasurePrice><AllowDiscount>1</AllowDiscount><ItemStatus>1</ItemStatus><ItemPrice>13.90</ItemPrice></item><item><PriceUpdateDate>2016-05-30 22:04:04</PriceUpdateDate><ItemCode>7290004685201</ItemCode><ItemType>1</ItemType><ItemName>מב לחם שיפון אגוזים</ItemName><ManufacturerName>לחם הארץ</ManufacturerName><ManufactureCountry>ישראל</ManufactureCountry><ManufacturerItemDescription>לחם אגוזים 500 גרם לחם הא</ManufacturerItemDescription><SoldByWeight/><Quantity>500.00</Quantity><UnitOfMeasure>גרם     </UnitOfMeasure><QtyInPackage>לא ידוע</QtyInPackage><UnitOfMeasurePrice>0.0278</UnitOfMeasurePrice><AllowDiscount>1</AllowDiscount><ItemStatus>1</ItemStatus><ItemPrice>13.90</ItemPrice></item><item><PriceUpdateDate>2016-05-30 22:04:04</PriceUpdateDate><ItemCode>7290004685225</ItemCode><ItemType>1</ItemType><ItemName>מב לחם פומפרניקל 750</ItemName><ManufacturerName>לחם הארץ</ManufacturerName><ManufactureCountry>ישראל</ManufactureCountry><ManufacturerItemDescription>לחם פומפרניקל לחם הארץ 75</ManufacturerItemDescription><SoldByWeight/><Quantity>750.00</Quantity><UnitOfMeasure>גרם     </UnitOfMeasure><QtyInPackage>לא ידוע</QtyInPackage><UnitOfMeasurePrice>0.0185</UnitOfMeasurePrice><AllowDiscount>1</AllowDiscount><ItemStatus>1</ItemStatus><ItemPrice>13.90</ItemPrice></item><item><PriceUpdateDate>2016-05-01 21:46:48</PriceUpdateDate><ItemCode>7290004731472</ItemCode><ItemType>1</ItemType><ItemName>אל סבון נוזלי כיףשלי</ItemName><ManufacturerName>כיף</ManufacturerName><ManufactureCountry>ישראל</ManufactureCountry><ManufacturerItemDescription>מארז אלסבון כיף שלישייה צ</ManufacturerItemDescription><SoldByWeight/><Quantity>1500.00</Quantity><UnitOfMeasure>מ"ל</UnitOfMeasure><QtyInPackage>לא ידוע</QtyInPackage><UnitOfMeasurePrice>0.0126</UnitOfMeasurePrice><AllowDiscount>1</AllowDiscount><ItemStatus>1</ItemStatus><ItemPrice>18.90</ItemPrice></item><item><PriceUpdateDate>2016-03-01 06:49:16</PriceUpdateDate><ItemCode>7290004731687</ItemCode><ItemType>1</ItemType><ItemName>מטהר אוויר דואופרש ו</ItemName><ManufacturerName>סנו פרש</ManufacturerName><ManufactureCountry>ישראל</ManufactureCountry><ManufacturerItemDescription>מ.אויר דואופרש וניל 300 מ</ManufacturerItemDescription><SoldByWeight/><Quantity>300.00</Quantity><UnitOfMeasure>מ"ל</UnitOfMeasure><QtyInPackage>לא ידוע</QtyInPackage><UnitOfMeasurePrice>0.0530</UnitOfMeasurePrice><AllowDiscount>1</AllowDiscount><ItemStatus>1</ItemStatus><ItemPrice>15.90</ItemPrice></item><item><PriceUpdateDate>2014-11-03 06:37:09</PriceUpdateDate><ItemCode>7290004737443</ItemCode><ItemType>1</ItemType><ItemName>לפתן קוקטייל פירות</ItemName><ManufacturerName>לא ממותג</ManufacturerName><ManufactureCountry>ישראל</ManufactureCountry><ManufacturerItemDescription>לפתן קוקטייל פירות</ManufacturerItemDescription><SoldByWeight/><Quantity>480.00</Quantity><UnitOfMeasure>גרם     </UnitOfMeasure><QtyInPackage>לא ידוע</QtyInPackage><UnitOfMeasurePrice>0.0198</UnitOfMeasurePrice><AllowDiscount>1</AllowDiscount><ItemStatus>1</ItemStatus><ItemPrice>9.50</ItemPrice></item><item><PriceUpdateDate>2015-10-20 16:45:50</PriceUpdateDate><ItemCode>7290004737955</ItemCode><ItemType>3</ItemType><ItemName>ממרח חמאה לורפק במשק</ItemName><ManufacturerName>וילי פוד</ManufacturerName><ManufactureCountry>ישראל</ManufactureCountry><ManufacturerItemDescription>ממרח חמאה לורפק במשק</ManufacturerItemDescription><SoldByWeight/><Quantity>1.00</Quantity><UnitOfMeasure>ק"ג</UnitOfMeasure><QtyInPackage>לא ידוע</QtyInPackage><UnitOfMeasurePrice>48.0000</UnitOfMeasurePrice><AllowDiscount>1</AllowDiscount><ItemStatus>1</ItemStatus><ItemPrice>48.00</ItemPrice></item><item><PriceUpdateDate>2015-11-12 14:51:30</PriceUpdateDate><ItemCode>7290004762926</ItemCode><ItemType>1</ItemType><ItemName>שקדי מרק שקית 400 גר</ItemName><ManufacturerName>"המותג"</ManufacturerName><ManufactureCountry>ישראל</ManufactureCountry><ManufacturerItemDescription>שקדי מרק שקית 400 גר</ManufacturerItemDescription><SoldByWeight/><Quantity>400.00</Quantity><UnitOfMeasure>גרם     </UnitOfMeasure><QtyInPackage>לא ידוע</QtyInPackage><UnitOfMeasurePrice>0.0168</UnitOfMeasurePrice><AllowDiscount>1</AllowDiscount><ItemStatus>1</ItemStatus><ItemPrice>6.70</ItemPrice></item><item><PriceUpdateDate>2016-05-02 08:05:50</PriceUpdateDate><ItemCode>7290004810009</ItemCode><ItemType>1</ItemType><ItemName>מב טואלט דאק זוג נוז</ItemName><ManufacturerName>טואלט דאק</ManufacturerName><ManufactureCountry>ישראל</ManufactureCountry><ManufacturerItemDescription>טואלט דאק זוג   750* מ"ל</ManufacturerItemDescription><SoldByWeight/><Quantity>1500.00</Quantity><UnitOfMeasure>מ"ל</UnitOfMeasure><QtyInPackage>לא ידוע</QtyInPackage><UnitOfMeasurePrice>0.0119</UnitOfMeasurePrice><AllowDiscount>1</AllowDiscount><ItemStatus>1</ItemStatus><ItemPrice>17.90</ItemPrice></item><item><PriceUpdateDate>2014-11-03 06:38:38</PriceUpdateDate><ItemCode>7290004810191</ItemCode><ItemType>1</ItemType><ItemName>פרש וואנס צמר גפן צב</ItemName><ManufacturerName>פרש וואנס</ManufacturerName><ManufactureCountry>ישראל</ManufactureCountry><ManufacturerItemDescription>פרש וואנס צמר גפן צב</ManufacturerItemDescription><SoldByWeight/><Quantity>0.00</Quantity><UnitOfMeasure>יח'</UnitOfMeasure><QtyInPackage>לא ידוע</QtyInPackage><UnitOfMeasurePrice>0.0000</UnitOfMeasurePrice><AllowDiscount>1</AllowDiscount><ItemStatus>1</ItemStatus><ItemPrice>10.30</ItemPrice></item><item><PriceUpdateDate>2014-11-03 06:37:36</PriceUpdateDate><ItemCode>7290004842833</ItemCode><ItemType>3</ItemType><ItemName>סלט סלמון נורבגי</ItemName><ManufacturerName>מעדני מיקי</ManufacturerName><ManufactureCountry>ישראל</ManufactureCountry><ManufacturerItemDescription>סלט סלמון נורבגי</ManufacturerItemDescription><SoldByWeight/><Quantity>1.00</Quantity><UnitOfMeasure>ק"ג</UnitOfMeasure><QtyInPackage>לא ידוע</QtyInPackage><UnitOfMeasurePrice>47.0000</UnitOfMeasurePrice><AllowDiscount>1</AllowDiscount><ItemStatus>1</ItemStatus><ItemPrice>47.00</ItemPrice></item><item><PriceUpdateDate>2015-11-12 16:52:59</PriceUpdateDate><ItemCode>7290004923051</ItemCode><ItemType>1</ItemType><ItemName>מי עין גדי 2 ליטר</ItemName><ManufacturerName>עין גדי</ManufacturerName><ManufactureCountry>ישראל</ManufactureCountry><ManufacturerItemDescription>מי עין גדי 2 ליטר</ManufacturerItemDescription><SoldByWeight/><Quantity>2000.00</Quantity><UnitOfMeasure>מ"ל</UnitOfMeasure><QtyInPackage>לא ידוע</QtyInPackage><UnitOfMeasurePrice>0.0019</UnitOfMeasurePrice><AllowDiscount>1</AllowDiscount><ItemStatus>1</ItemStatus><ItemPrice>3.70</ItemPrice></item><item><PriceUpdateDate>2015-10-13 08:53:51</PriceUpdateDate><ItemCode>7290004923099</ItemCode><ItemType>1</ItemType><ItemName>מי עין גדי שישייה 2</ItemName><ManufacturerName>עין גדי</ManufacturerName><ManufactureCountry>ישראל</ManufactureCountry><ManufacturerItemDescription>מי עין גדי שישייה 2</ManufacturerItemDescription><SoldByWeight/><Quantity>12000.00</Quantity><UnitOfMeasure>מ"ל</UnitOfMeasure><QtyInPackage>לא ידוע</QtyInPackage><UnitOfMeasurePrice>0.0010</UnitOfMeasurePrice><AllowDiscount>1</AllowDiscount><ItemStatus>1</ItemStatus><ItemPrice>12.00</ItemPrice></item><item><PriceUpdateDate>2016-05-30 22:04:05</PriceUpdateDate><ItemCode>7290005008153</ItemCode><ItemType>1</ItemType><ItemName>מארז מברשת שינים קול</ItemName><ManufacturerName>קולגייט</ManufacturerName><ManufactureCountry>ישראל</ManufactureCountry><ManufacturerItemDescription>3 מברשות שיניים  זיג זג</ManufacturerItemDescription><SoldByWeight/><Quantity>0.00</Quantity><UnitOfMeasure>יח'</UnitOfMeasure><QtyInPackage>לא ידוע</QtyInPackage><UnitOfMeasurePrice>0.0000</UnitOfMeasurePrice><AllowDiscount>1</AllowDiscount><ItemStatus>1</ItemStatus><ItemPrice>30.70</ItemPrice></item><item><PriceUpdateDate>2016-02-02 06:51:11</PriceUpdateDate><ItemCode>7290005008191</ItemCode><ItemType>1</ItemType><ItemName>מב סבון נוזלי פלמולי</ItemName><ManufacturerName>פלמוליב</ManufacturerName><ManufactureCountry>איטליה</ManufactureCountry><ManufacturerItemDescription>רסק תפו"ע דיאט  113X גרם</ManufacturerItemDescription><SoldByWeight/><Quantity>500.00</Quantity><UnitOfMeasure>מ"ל</UnitOfMeasure><QtyInPackage>לא ידוע</QtyInPackage><UnitOfMeasurePrice>0.0298</UnitOfMeasurePrice><AllowDiscount>1</AllowDiscount><ItemStatus>1</ItemStatus><ItemPrice>14.90</ItemPrice></item><item><PriceUpdateDate>2015-11-13 13:11:22</PriceUpdateDate><ItemCode>7290005033162</ItemCode><ItemType>1</ItemType><ItemName>מפות שולחן עבות במיו</ItemName><ManufacturerName>משי</ManufacturerName><ManufactureCountry>ישראל</ManufactureCountry><ManufacturerItemDescription>מפות שולחן עבות במיו</ManufacturerItemDescription><SoldByWeight/><Quantity>8.00</Quantity><UnitOfMeasure>יח'</UnitOfMeasure><QtyInPackage>לא ידוע</QtyInPackage><UnitOfMeasurePrice>1.9250</UnitOfMeasurePrice><AllowDiscount>1</AllowDiscount><ItemStatus>1</ItemStatus><ItemPrice>15.40</ItemPrice></item><item><PriceUpdateDate>2015-09-07 10:45:15</PriceUpdateDate><ItemCode>7290005033261</ItemCode><ItemType>1</ItemType><ItemName>מפות שולחן שיק צבעונ</ItemName><ManufacturerName>משי</ManufacturerName><ManufactureCountry>ישראל</ManufactureCountry><ManufacturerItemDescription>מפות שולחן שיק צבעונ</ManufacturerItemDescription><SoldByWeight/><Quantity>5.00</Quantity><UnitOfMeasure>יח'</UnitOfMeasure><QtyInPackage>לא ידוע</QtyInPackage><UnitOfMeasurePrice>2.9800</UnitOfMeasurePrice><AllowDiscount>1</AllowDiscount><ItemStatus>1</ItemStatus><ItemPrice>14.90</ItemPrice></item><item><PriceUpdateDate>2016-05-30 22:04:05</PriceUpdateDate><ItemCode>7290005041129</ItemCode><ItemType>1</ItemType><ItemName>מב המבורגר ג'מבו מיז</ItemName><ManufacturerName>מעדני הטלה והעגל</ManufacturerName><ManufactureCountry>ישראל</ManufactureCountry><ManufacturerItemDescription>מב המבורגר ג'מבו מיז</ManufacturerItemDescription><SoldByWeight/><Quantity>1.00</Quantity><UnitOfMeasure>יח'</UnitOfMeasure><QtyInPackage>לא ידוע</QtyInPackage><UnitOfMeasurePrice>49.9000</UnitOfMeasurePrice><AllowDiscount>1</AllowDiscount><ItemStatus>1</ItemStatus><ItemPrice>49.90</ItemPrice></item><item><PriceUpdateDate>2016-05-30 22:04:05</PriceUpdateDate><ItemCode>7290005041198</ItemCode><ItemType>1</ItemType><ItemName>מב קבב ביתי ואקום 1</ItemName><ManufacturerName>מעדני הטלה והעגל</ManufacturerName><ManufactureCountry>ישראל</ManufactureCountry><ManufacturerItemDescription>מב קבב ביתי ואקום 1</ManufacturerItemDescription><SoldByWeight/><Quantity>1.00</Quantity><UnitOfMeasure>יח'</UnitOfMeasure><QtyInPackage>לא ידוע</QtyInPackage><UnitOfMeasurePrice>49.9000</UnitOfMeasurePrice><AllowDiscount>1</AllowDiscount><ItemStatus>1</ItemStatus><ItemPrice>49.90</ItemPrice></item><item><PriceUpdateDate>2016-04-13 07:26:14</PriceUpdateDate><ItemCode>7290005041402</ItemCode><ItemType>1</ItemType><ItemName>מב שיפודי פרגיות ארו</ItemName><ManufacturerName>מעדני הטלה והעגל</ManufacturerName><ManufactureCountry>ישראל</ManufactureCountry><ManufacturerItemDescription>מב שיפודי פרגיות ארו</ManufacturerItemDescription><SoldByWeight/><Quantity>600.00</Quantity><UnitOfMeasure>גרם     </UnitOfMeasure><QtyInPackage>לא ידוע</QtyInPackage><UnitOfMeasurePrice>0.0915</UnitOfMeasurePrice><AllowDiscount>1</AllowDiscount><ItemStatus>1</ItemStatus><ItemPrice>54.90</ItemPrice></item><item><PriceUpdateDate>2015-11-12 17:22:51</PriceUpdateDate><ItemCode>7290005068058</ItemCode><ItemType>1</ItemType><ItemName>תירס קל A2 מופחת קלר</ItemName><ManufacturerName>פרי הגליל</ManufacturerName><ManufactureCountry>ישראל</ManufactureCountry><ManufacturerItemDescription>תירס קל A2 גר</ManufacturerItemDescription><SoldByWeight/><Quantity>335.00</Quantity><UnitOfMeasure>גרם     </UnitOfMeasure><QtyInPackage>לא ידוע</QtyInPackage><UnitOfMeasurePrice>0.0230</UnitOfMeasurePrice><AllowDiscount>1</AllowDiscount><ItemStatus>1</ItemStatus><ItemPrice>7.70</ItemPrice></item><item><PriceUpdateDate>2015-11-12 17:22:51</PriceUpdateDate><ItemCode>7290005068447</ItemCode><ItemType>1</ItemType><ItemName>תירס קל 12 אונס בואק</ItemName><ManufacturerName>לא ידוע</ManufacturerName><ManufactureCountry>ישראל</ManufactureCountry><ManufacturerItemDescription>תירס קל ואקום פתח-קל12 אנ</ManufacturerItemDescription><SoldByWeight/><Quantity>285.00</Quantity><UnitOfMeasure>גרם     </UnitOfMeasure><QtyInPackage>לא ידוע</QtyInPackage><UnitOfMeasurePrice>0.0239</UnitOfMeasurePrice><AllowDiscount>1</AllowDiscount><ItemStatus>1</ItemStatus><ItemPrice>6.80</ItemPrice></item><item><PriceUpdateDate>2015-10-29 13:51:21</PriceUpdateDate><ItemCode>7290005079290</ItemCode><ItemType>3</ItemType><ItemName>גבינה צהובה נעם 15%</ItemName><ManufacturerName>ג.נ'עם</ManufacturerName><ManufactureCountry>ישראל</ManufactureCountry><ManufacturerItemDescription>גבינה צהובה נעם 15%</ManufacturerItemDescription><SoldByWeight/><Quantity>1.00</Quantity><UnitOfMeasure>ק"ג</UnitOfMeasure><QtyInPackage>לא ידוע</QtyInPackage><UnitOfMeasurePrice>67.0000</UnitOfMeasurePrice><AllowDiscount>1</AllowDiscount><ItemStatus>1</ItemStatus><ItemPrice>67.00</ItemPrice></item><item><PriceUpdateDate>2014-11-03 06:38:24</PriceUpdateDate><ItemCode>7290005095122</ItemCode><ItemType>3</ItemType><ItemName>חלבה נוגט במשקל</ItemName><ManufacturerName>לא ממותג</ManufacturerName><ManufactureCountry>ישראל</ManufactureCountry><ManufacturerItemDescription>חלבה נוגט במשקל</ManufacturerItemDescription><SoldByWeight/><Quantity>1.00</Quantity><UnitOfMeasure>ק"ג</UnitOfMeasure><QtyInPackage>לא ידוע</QtyInPackage><UnitOfMeasurePrice>48.9000</UnitOfMeasurePrice><AllowDiscount>1</AllowDiscount><ItemStatus>1</ItemStatus><ItemPrice>48.90</ItemPrice></item><item><PriceUpdateDate>2016-03-16 15:40:44</PriceUpdateDate><ItemCode>7290005095269</ItemCode><ItemType>1</ItemType><ItemName>נרות חימום 50 יחידות</ItemName><ManufacturerName>לא ממותג</ManufacturerName><ManufactureCountry>ישראל</ManufactureCountry><ManufacturerItemDescription>להבונים 50 יח</ManufacturerItemDescription><SoldByWeight/><Quantity>20.00</Quantity><UnitOfMeasure>יח'</UnitOfMeasure><QtyInPackage>לא ידוע</QtyInPackage><UnitOfMeasurePrice>0.4950</UnitOfMeasurePrice><AllowDiscount>1</AllowDiscount><ItemStatus>1</ItemStatus><ItemPrice>9.90</ItemPrice></item><item><PriceUpdateDate>2015-11-12 17:55:32</PriceUpdateDate><ItemCode>7290005095382</ItemCode><ItemType>1</ItemType><ItemName>מוצרי שנטי סוגים שונ</ItemName><ManufacturerName>לא ידוע</ManufacturerName><ManufactureCountry>סין</ManufactureCountry><ManufacturerItemDescription>מוצרי שנטי</ManufacturerItemDescription><SoldByWeight/><Quantity>0.00</Quantity><UnitOfMeasure>יח'</UnitOfMeasure><QtyInPackage>לא ידוע</QtyInPackage><UnitOfMeasurePrice>0.0000</UnitOfMeasurePrice><AllowDiscount>1</AllowDiscount><ItemStatus>1</ItemStatus><ItemPrice>12.20</ItemPrice></item><item><PriceUpdateDate>2016-03-16 15:40:44</PriceUpdateDate><ItemCode>7290005111761</ItemCode><ItemType>1</ItemType><ItemName>בונזו בטעם בשר 3 ק"ג</ItemName><ManufacturerName>בונזו</ManufacturerName><ManufactureCountry>ישראל</ManufactureCountry><ManufacturerItemDescription>בונזו בשר 3 קג</ManufacturerItemDescription><SoldByWeight/><Quantity>3000.00</Quantity><UnitOfMeasure>גרם     </UnitOfMeasure><QtyInPackage>לא ידוע</QtyInPackage><UnitOfMeasurePrice>0.0150</UnitOfMeasurePrice><AllowDiscount>1</AllowDiscount><ItemStatus>1</ItemStatus><ItemPrice>44.90</ItemPrice></item><item><PriceUpdateDate>2016-05-30 22:04:06</PriceUpdateDate><ItemCode>7290005168369</ItemCode><ItemType>1</ItemType><ItemName>מב יין תירוש 750 מ"ל</ItemName><ManufacturerName>לא ממותג</ManufacturerName><ManufactureCountry>ישראל</ManufactureCountry><ManufacturerItemDescription>מב יין תירוש 750 מ"ל</ManufacturerItemDescription><SoldByWeight/><Quantity>750.00</Quantity><UnitOfMeasure>מ"ל</UnitOfMeasure><QtyInPackage>לא ידוע</QtyInPackage><UnitOfMeasurePrice>0.0145</UnitOfMeasurePrice><AllowDiscount>1</AllowDiscount><ItemStatus>1</ItemStatus><ItemPrice>10.90</ItemPrice></item><item><PriceUpdateDate>2015-11-16 09:47:12</PriceUpdateDate><ItemCode>7290005174513</ItemCode><ItemType>1</ItemType><ItemName>סלט חציל קלוי במיונז</ItemName><ManufacturerName>אחלה</ManufacturerName><ManufactureCountry>ישראל</ManufactureCountry><ManufacturerItemDescription>סלט 500חציל קלוי במיונז א</ManufacturerItemDescription><SoldByWeight/><Quantity>500.00</Quantity><UnitOfMeasure>גרם     </UnitOfMeasure><QtyInPackage>לא ידוע</QtyInPackage><UnitOfMeasurePrice>0.0354</UnitOfMeasurePrice><AllowDiscount>1</AllowDiscount><ItemStatus>1</ItemStatus><ItemPrice>17.70</ItemPrice></item><item><PriceUpdateDate>2016-01-05 08:49:23</PriceUpdateDate><ItemCode>7290005174551</ItemCode><ItemType>1</ItemType><ItemName>סלט חומוס יום יום 12</ItemName><ManufacturerName>אחלה</ManufacturerName><ManufactureCountry>ישראל</ManufactureCountry><ManufacturerItemDescription>סלט חומוס יום יום 125  גר</ManufacturerItemDescription><SoldByWeight/><Quantity>125.00</Quantity><UnitOfMeasure>גרם     </UnitOfMeasure><QtyInPackage>לא ידוע</QtyInPackage><UnitOfMeasurePrice>0.0440</UnitOfMeasurePrice><AllowDiscount>1</AllowDiscount><ItemStatus>1</ItemStatus><ItemPrice>5.50</ItemPrice></item><item><PriceUpdateDate>2016-01-05 08:49:24</PriceUpdateDate><ItemCode>7290005174568</ItemCode><ItemType>1</ItemType><ItemName>סלט חציל במיונז 125</ItemName><ManufacturerName>אחלה</ManufacturerName><ManufactureCountry>ישראל</ManufactureCountry><ManufacturerItemDescription>חציל במיונז 125 גרם</ManufacturerItemDescription><SoldByWeight/><Quantity>125.00</Quantity><UnitOfMeasure>גרם     </UnitOfMeasure><QtyInPackage>לא ידוע</QtyInPackage><UnitOfMeasurePrice>0.0440</UnitOfMeasurePrice><AllowDiscount>1</AllowDiscount><ItemStatus>1</ItemStatus><ItemPrice>5.50</ItemPrice></item><item><PriceUpdateDate>2014-11-03 06:37:09</PriceUpdateDate><ItemCode>7290005175428</ItemCode><ItemType>1</ItemType><ItemName>קמח תירס אינסטנט  50</ItemName><ManufacturerName>וילי פוד</ManufacturerName><ManufactureCountry>ישראל</ManufactureCountry><ManufacturerItemDescription>קמח תירס אינסטנט  50</ManufacturerItemDescription><SoldByWeight/><Quantity>500.00</Quantity><UnitOfMeasure>גרם     </UnitOfMeasure><QtyInPackage>לא ידוע</QtyInPackage><UnitOfMeasurePrice>0.0128</UnitOfMeasurePrice><AllowDiscount>1</AllowDiscount><ItemStatus>1</ItemStatus><ItemPrice>6.40</ItemPrice></item><item><PriceUpdateDate>2014-11-03 06:37:47</PriceUpdateDate><ItemCode>7290005181542</ItemCode><ItemType>1</ItemType><ItemName>סוכרה דיאט 25 שקיות</ItemName><ManufacturerName>לא ממותג</ManufacturerName><ManufactureCountry>ישראל</ManufactureCountry><ManufacturerItemDescription>סוכרה דיאט 25 שקיות</ManufacturerItemDescription><SoldByWeight/><Quantity>14.00</Quantity><UnitOfMeasure>גרם     </UnitOfMeasure><QtyInPackage>לא ידוע</QtyInPackage><UnitOfMeasurePrice>0.8286</UnitOfMeasurePrice><AllowDiscount>1</AllowDiscount><ItemStatus>1</ItemStatus><ItemPrice>11.60</ItemPrice></item><item><PriceUpdateDate>2016-05-30 22:04:06</PriceUpdateDate><ItemCode>7290005182136</ItemCode><ItemType>1</ItemType><ItemName>סוכרה דיאט 100 יח'</ItemName><ManufacturerName>סוכרה דיאט</ManufacturerName><ManufactureCountry>ישראל</ManufactureCountry><ManufacturerItemDescription>סוכרה דיאט 100 שקיות</ManufacturerItemDescription><SoldByWeight/><Quantity>100.00</Quantity><UnitOfMeasure>גרם     </UnitOfMeasure><QtyInPackage>לא ידוע</QtyInPackage><UnitOfMeasurePrice>0.2690</UnitOfMeasurePrice><AllowDiscount>1</AllowDiscount><ItemStatus>1</ItemStatus><ItemPrice>26.90</ItemPrice></item><item><PriceUpdateDate>2016-05-30 22:04:06</PriceUpdateDate><ItemCode>7290005191602</ItemCode><ItemType>1</ItemType><ItemName>שלישיות סויה סידן 75</ItemName><ManufacturerName>אלפרו</ManufacturerName><ManufactureCountry>בלגיה</ManufactureCountry><ManufacturerItemDescription>משקה סויה 3 יח' יח250X'ג</ManufacturerItemDescription><SoldByWeight/><Quantity>750.00</Quantity><UnitOfMeasure>מ"ל</UnitOfMeasure><QtyInPackage>לא ידוע</QtyInPackage><UnitOfMeasurePrice>0.0185</UnitOfMeasurePrice><AllowDiscount>1</AllowDiscount><ItemStatus>1</ItemStatus><ItemPrice>13.90</ItemPrice></item><item><PriceUpdateDate>2015-11-12 14:58:33</PriceUpdateDate><ItemCode>7290005197758</ItemCode><ItemType>1</ItemType><ItemName>עוגיות חיוכים שוקו 1</ItemName><ManufacturerName>לא ממותג</ManufacturerName><ManufactureCountry>ישראל</ManufactureCountry><ManufacturerItemDescription>עוגיות חיוכים שוקו 150 גר</ManufacturerItemDescription><SoldByWeight/><Quantity>150.00</Quantity><UnitOfMeasure>גרם     </UnitOfMeasure><QtyInPackage>לא ידוע</QtyInPackage><UnitOfMeasurePrice>0.0380</UnitOfMeasurePrice><AllowDiscount>1</AllowDiscount><ItemStatus>1</ItemStatus><ItemPrice>5.70</ItemPrice></item><item><PriceUpdateDate>2016-05-09 08:55:25</PriceUpdateDate><ItemCode>7290005198045</ItemCode><ItemType>1</ItemType><ItemName>פתי בר וניל 1.75 ק"ג</ItemName><ManufacturerName>עלית</ManufacturerName><ManufactureCountry>ישראל</ManufactureCountry><ManufacturerItemDescription>פתי בר וניל 1.75 ק"ג</ManufacturerItemDescription><SoldByWeight/><Quantity>1750.00</Quantity><UnitOfMeasure>גרם     </UnitOfMeasure><QtyInPackage>לא ידוע</QtyInPackage><UnitOfMeasurePrice>0.0159</UnitOfMeasurePrice><AllowDiscount>1</AllowDiscount><ItemStatus>1</ItemStatus><ItemPrice>27.90</ItemPrice></item><item><PriceUpdateDate>2016-01-14 09:15:37</PriceUpdateDate><ItemCode>7290005199288</ItemCode><ItemType>1</ItemType><ItemName>מסטיק מאסט פטל לימון</ItemName><ManufacturerName>מאסט</ManufacturerName><ManufactureCountry>ישראל</ManufactureCountry><ManufacturerItemDescription>מסטיק מאסט פטל לימון</ManufacturerItemDescription><SoldByWeight/><Quantity>0.00</Quantity><UnitOfMeasure>יח'</UnitOfMeasure><QtyInPackage>לא ידוע</QtyInPackage><UnitOfMeasurePrice>0.0000</UnitOfMeasurePrice><AllowDiscount>1</AllowDiscount><ItemStatus>1</ItemStatus><ItemPrice>4.50</ItemPrice></item><item><PriceUpdateDate>2016-03-01 06:43:26</PriceUpdateDate><ItemCode>7290005199578</ItemCode><ItemType>1</ItemType><ItemName>קפה נמס עלית נטול קפ</ItemName><ManufacturerName>עלית</ManufacturerName><ManufactureCountry>ישראל</ManufactureCountry><ManufacturerItemDescription>קפה נמס עלית נטול קפ</ManufacturerItemDescription><SoldByWeight/><Quantity>200.00</Quantity><UnitOfMeasure>גרם     </UnitOfMeasure><QtyInPackage>לא ידוע</QtyInPackage><UnitOfMeasurePrice>0.1845</UnitOfMeasurePrice><AllowDiscount>1</AllowDiscount><ItemStatus>1</ItemStatus><ItemPrice>36.90</ItemPrice></item><item><PriceUpdateDate>2015-12-16 07:19:23</PriceUpdateDate><ItemCode>7290005199622</ItemCode><ItemType>1</ItemType><ItemName>ביסקוויט עד חצות מרי</ItemName><ManufacturerName>לא ממותג</ManufacturerName><ManufactureCountry>ישראל</ManufactureCountry><ManufacturerItemDescription>ביסקוויט מריר  200 גר</ManufacturerItemDescription><SoldByWeight/><Quantity>200.00</Quantity><UnitOfMeasure>גרם     </UnitOfMeasure><QtyInPackage>לא ידוע</QtyInPackage><UnitOfMeasurePrice>0.0745</UnitOfMeasurePrice><AllowDiscount>1</AllowDiscount><ItemStatus>1</ItemStatus><ItemPrice>14.90</ItemPrice></item><item><PriceUpdateDate>2016-01-14 09:15:37</PriceUpdateDate><ItemCode>7290005199738</ItemCode><ItemType>1</ItemType><ItemName>מסטיק מאסט ריח לפה 2</ItemName><ManufacturerName>מאסט</ManufacturerName><ManufactureCountry>ישראל</ManufactureCountry><ManufacturerItemDescription>מסטיק מאסט ריח פה פפרמינט</ManufacturerItemDescription><SoldByWeight/><Quantity>0.00</Quantity><UnitOfMeasure>יח'</UnitOfMeasure><QtyInPackage>לא ידוע</QtyInPackage><UnitOfMeasurePrice>0.0000</UnitOfMeasurePrice><AllowDiscount>1</AllowDiscount><ItemStatus>1</ItemStatus><ItemPrice>4.50</ItemPrice></item><item><PriceUpdateDate>2015-09-30 23:37:47</PriceUpdateDate><ItemCode>7290005200786</ItemCode><ItemType>1</ItemType><ItemName>חטיף תפוציפס שמנת בצ</ItemName><ManufacturerName>תפוצ'יפס</ManufacturerName><ManufactureCountry>ישראל</ManufactureCountry><ManufacturerItemDescription>תפוציפס טעם שמנת ובצל50 ג</ManufacturerItemDescription><SoldByWeight/><Quantity>50.00</Quantity><UnitOfMeasure>גרם     </UnitOfMeasure><QtyInPackage>לא ידוע</QtyInPackage><UnitOfMeasurePrice>0.0780</UnitOfMeasurePrice><AllowDiscount>1</AllowDiscount><ItemStatus>1</ItemStatus><ItemPrice>3.90</ItemPrice></item><item><PriceUpdateDate>2016-02-16 15:55:40</PriceUpdateDate><ItemCode>7290005200908</ItemCode><ItemType>1</ItemType><ItemName>פרה קראנצ' ביסקוויט</ItemName><ManufacturerName>פרה</ManufacturerName><ManufactureCountry>ישראל</ManufactureCountry><ManufacturerItemDescription>ביסקויט קראנצ שוקולד 100</ManufacturerItemDescription><SoldByWeight/><Quantity>100.00</Quantity><UnitOfMeasure>גרם     </UnitOfMeasure><QtyInPackage>לא ידוע</QtyInPackage><UnitOfMeasurePrice>0.0690</UnitOfMeasurePrice><AllowDiscount>1</AllowDiscount><ItemStatus>1</ItemStatus><ItemPrice>6.90</ItemPrice></item><item><PriceUpdateDate>2015-10-20 16:50:26</PriceUpdateDate><ItemCode>7290005201479</ItemCode><ItemType>1</ItemType><ItemName>צ'יטוס בוטנים 100 גר</ItemName><ManufacturerName>צ'יטוס</ManufacturerName><ManufactureCountry>ישראל</ManufactureCountry><ManufacturerItemDescription>צ'יטוס בוטנים 100 גר</ManufacturerItemDescription><SoldByWeight/><Quantity>100.00</Quantity><UnitOfMeasure>גרם     </UnitOfMeasure><QtyInPackage>לא ידוע</QtyInPackage><UnitOfMeasurePrice>0.0710</UnitOfMeasurePrice><AllowDiscount>1</AllowDiscount><ItemStatus>1</ItemStatus><ItemPrice>7.10</ItemPrice></item><item><PriceUpdateDate>2016-01-14 09:15:37</PriceUpdateDate><ItemCode>7290005201677</ItemCode><ItemType>1</ItemType><ItemName>מסטיק מאסט לילדים 28</ItemName><ManufacturerName>לא ידוע</ManufacturerName><ManufactureCountry>ישראל</ManufactureCountry><ManufacturerItemDescription>מסטיק מאסט לילדים 28</ManufacturerItemDescription><SoldByWeight/><Quantity>0.00</Quantity><UnitOfMeasure>יח'</UnitOfMeasure><QtyInPackage>לא ידוע</QtyInPackage><UnitOfMeasurePrice>0.0000</UnitOfMeasurePrice><AllowDiscount>1</AllowDiscount><ItemStatus>1</ItemStatus><ItemPrice>4.50</ItemPrice></item><item><PriceUpdateDate>2016-05-30 22:04:06</PriceUpdateDate><ItemCode>7290005201882</ItemCode><ItemType>1</ItemType><ItemName>קפה טורקי עלית שקית</ItemName><ManufacturerName>טורקי עלית</ManufacturerName><ManufactureCountry>ישראל</ManufactureCountry><ManufacturerItemDescription>קפה טורקי בצלופן 200 גרם</ManufacturerItemDescription><SoldByWeight/><Quantity>200.00</Quantity><UnitOfMeasure>גרם     </UnitOfMeasure><QtyInPackage>לא ידוע</QtyInPackage><UnitOfMeasurePrice>0.0795</UnitOfMeasurePrice><AllowDiscount>1</AllowDiscount><ItemStatus>1</ItemStatus><ItemPrice>15.90</ItemPrice></item><item><PriceUpdateDate>2015-12-01 08:41:48</PriceUpdateDate><ItemCode>7290005287077</ItemCode><ItemType>1</ItemType><ItemName>טונה סטארקיסט רביעיו</ItemName><ManufacturerName>סטארקיסט</ManufacturerName><ManufactureCountry>ישראל</ManufactureCountry><ManufacturerItemDescription>טונה סטארקיסט רביעיו</ManufacturerItemDescription><SoldByWeight/><Quantity>110.00</Quantity><UnitOfMeasure>גרם     </UnitOfMeasure><QtyInPackage>לא ידוע</QtyInPackage><UnitOfMeasurePrice>0.2309</UnitOfMeasurePrice><AllowDiscount>1</AllowDiscount><ItemStatus>1</ItemStatus><ItemPrice>25.40</ItemPrice></item><item><PriceUpdateDate>2016-05-30 22:04:06</PriceUpdateDate><ItemCode>7290005287206</ItemCode><ItemType>1</ItemType><ItemName>טונה סטארקיסט בשמן ר</ItemName><ManufacturerName>סטארקיסט</ManufacturerName><ManufactureCountry>ישראל</ManufactureCountry><ManufacturerItemDescription>טונה סטארקיסט בשמן</ManufacturerItemDescription><SoldByWeight/><Quantity>448.00</Quantity><UnitOfMeasure>גרם     </UnitOfMeasure><QtyInPackage>לא ידוע</QtyInPackage><UnitOfMeasurePrice>0.0511</UnitOfMeasurePrice><AllowDiscount>1</AllowDiscount><ItemStatus>1</ItemStatus><ItemPrice>22.90</ItemPrice></item><item><PriceUpdateDate>2016-05-30 22:04:06</PriceUpdateDate><ItemCode>7290005287251</ItemCode><ItemType>1</ItemType><ItemName>טונה סטארקיסט במים ר</ItemName><ManufacturerName>סטרקיסט</ManufacturerName><ManufactureCountry>ישראל</ManufactureCountry><ManufacturerItemDescription>טונה סטארקיסט במים 160X1/</ManufacturerItemDescription><SoldByWeight/><Quantity>640.00</Quantity><UnitOfMeasure>גרם     </UnitOfMeasure><QtyInPackage>לא ידוע</QtyInPackage><UnitOfMeasurePrice>0.0358</UnitOfMeasurePrice><AllowDiscount>1</AllowDiscount><ItemStatus>1</ItemStatus><ItemPrice>22.90</ItemPrice></item><item><PriceUpdateDate>2016-03-08 09:11:41</PriceUpdateDate><ItemCode>7290005287527</ItemCode><ItemType>1</ItemType><ItemName>טונה  סטארקיסט בשמן</ItemName><ManufacturerName>סטארקיסט</ManufacturerName><ManufactureCountry>ישראל</ManufactureCountry><ManufacturerItemDescription>טונה ס.ק.בשמן עם לימון</ManufacturerItemDescription><SoldByWeight/><Quantity>160.00</Quantity><UnitOfMeasure>גרם     </UnitOfMeasure><QtyInPackage>לא ידוע</QtyInPackage><UnitOfMeasurePrice>0.0494</UnitOfMeasurePrice><AllowDiscount>1</AllowDiscount><ItemStatus>1</ItemStatus><ItemPrice>7.90</ItemPrice></item><item><PriceUpdateDate>2016-03-08 09:11:41</PriceUpdateDate><ItemCode>7290005287732</ItemCode><ItemType>1</ItemType><ItemName>טונה סטארקיסט 5% עם</ItemName><ManufacturerName>סטארקיסט</ManufacturerName><ManufactureCountry>ישראל</ManufactureCountry><ManufacturerItemDescription>טונה ס.ק עם עשבי תיבול 5%</ManufacturerItemDescription><SoldByWeight/><Quantity>112.00</Quantity><UnitOfMeasure>גרם     </UnitOfMeasure><QtyInPackage>לא ידוע</QtyInPackage><UnitOfMeasurePrice>0.0705</UnitOfMeasurePrice><AllowDiscount>1</AllowDiscount><ItemStatus>1</ItemStatus><ItemPrice>7.90</ItemPrice></item><item><PriceUpdateDate>2016-03-08 09:11:41</PriceUpdateDate><ItemCode>7290005287756</ItemCode><ItemType>1</ItemType><ItemName>טונה סטארקיסט 5% עם</ItemName><ManufacturerName>סטארקיסט</ManufacturerName><ManufactureCountry>ישראל</ManufactureCountry><ManufacturerItemDescription>טונה ס.ק עם לימון 5% שומן</ManufacturerItemDescription><SoldByWeight/><Quantity>112.00</Quantity><UnitOfMeasure>גרם     </UnitOfMeasure><QtyInPackage>לא ידוע</QtyInPackage><UnitOfMeasurePrice>0.0705</UnitOfMeasurePrice><AllowDiscount>1</AllowDiscount><ItemStatus>1</ItemStatus><ItemPrice>7.90</ItemPrice></item><item><PriceUpdateDate>2015-11-12 16:53:34</PriceUpdateDate><ItemCode>7290005296246</ItemCode><ItemType>1</ItemType><ItemName>דריאן אווט אקסטרא נו</ItemName><ManufacturerName>לא ממותג</ManufacturerName><ManufactureCountry>ישראל</ManufactureCountry><ManufacturerItemDescription>דריאן אווט אקסטרא נו</ManufacturerItemDescription><SoldByWeight/><Quantity>946.00</Quantity><UnitOfMeasure>מ"ל</UnitOfMeasure><QtyInPackage>לא ידוע</QtyInPackage><UnitOfMeasurePrice>0.0353</UnitOfMeasurePrice><AllowDiscount>1</AllowDiscount><ItemStatus>1</ItemStatus><ItemPrice>33.40</ItemPrice></item><item><PriceUpdateDate>2016-05-30 22:04:06</PriceUpdateDate><ItemCode>7290005296260</ItemCode><ItemType>1</ItemType><ItemName>מב אסטוניש רסס ונגב</ItemName><ManufacturerName>אסטוניש</ManufacturerName><ManufactureCountry>ישראל</ManufactureCountry><ManufacturerItemDescription>מב אסטוניש רסס ונגב</ManufacturerItemDescription><SoldByWeight/><Quantity>750.00</Quantity><UnitOfMeasure>מ"ל</UnitOfMeasure><QtyInPackage>לא ידוע</QtyInPackage><UnitOfMeasurePrice>0.0199</UnitOfMeasurePrice><AllowDiscount>1</AllowDiscount><ItemStatus>1</ItemStatus><ItemPrice>14.90</ItemPrice></item><item><PriceUpdateDate>2016-03-01 06:43:26</PriceUpdateDate><ItemCode>7290005384295</ItemCode><ItemType>3</ItemType><ItemName>גבינת גאודה חצי קשה</ItemName><ManufacturerName>לא ממותג</ManufacturerName><ManufactureCountry>ישראל</ManufactureCountry><ManufacturerItemDescription>גבינת גאודה חצי קשה</ManufacturerItemDescription><SoldByWeight/><Quantity>1.00</Quantity><UnitOfMeasure>ק"ג</UnitOfMeasure><QtyInPackage>לא ידוע</QtyInPackage><UnitOfMeasurePrice>66.3000</UnitOfMeasurePrice><AllowDiscount>1</AllowDiscount><ItemStatus>1</ItemStatus><ItemPrice>66.30</ItemPrice></item><item><PriceUpdateDate>2015-06-30 06:46:34</PriceUpdateDate><ItemCode>7290005384721</ItemCode><ItemType>1</ItemType><ItemName>אנשובי ארוך פתח קל 5</ItemName><ManufacturerName>וילי פוד</ManufacturerName><ManufactureCountry>ישראל</ManufactureCountry><ManufacturerItemDescription>אנשובי ארוך בשמן צמחי50 ג</ManufacturerItemDescription><SoldByWeight/><Quantity>140.00</Quantity><UnitOfMeasure>גרם     </UnitOfMeasure><QtyInPackage>לא ידוע</QtyInPackage><UnitOfMeasurePrice>0.0550</UnitOfMeasurePrice><AllowDiscount>1</AllowDiscount><ItemStatus>1</ItemStatus><ItemPrice>7.70</ItemPrice></item><item><PriceUpdateDate>2016-02-02 06:51:12</PriceUpdateDate><ItemCode>7290005384868</ItemCode><ItemType>3</ItemType><ItemName>גבינה בסגנון דנאבלו</ItemName><ManufacturerName>וילי פוד</ManufacturerName><ManufactureCountry>ישראל</ManufactureCountry><ManufacturerItemDescription>גבינה בסגנון דנאבלו</ManufacturerItemDescription><SoldByWeight/><Quantity>1.00</Quantity><UnitOfMeasure>ק"ג</UnitOfMeasure><QtyInPackage>לא ידוע</QtyInPackage><UnitOfMeasurePrice>93.8000</UnitOfMeasurePrice><AllowDiscount>1</AllowDiscount><ItemStatus>1</ItemStatus><ItemPrice>93.80</ItemPrice></item><item><PriceUpdateDate>2016-02-02 06:51:12</PriceUpdateDate><ItemCode>7290005384899</ItemCode><ItemType>3</ItemType><ItemName>פטינה 21% שומן</ItemName><ManufacturerName>ויליפוד</ManufacturerName><ManufactureCountry>ישראל</ManufactureCountry><ManufacturerItemDescription>פטינה 21% שומן</ManufacturerItemDescription><SoldByWeight/><Quantity>1.00</Quantity><UnitOfMeasure>ק"ג</UnitOfMeasure><QtyInPackage>לא ידוע</QtyInPackage><UnitOfMeasurePrice>50.0000</UnitOfMeasurePrice><AllowDiscount>1</AllowDiscount><ItemStatus>1</ItemStatus><ItemPrice>50.00</ItemPrice></item><item><PriceUpdateDate>2015-10-06 15:01:50</PriceUpdateDate><ItemCode>7290005418709</ItemCode><ItemType>1</ItemType><ItemName>קרם לחות נטורל400 מ'</ItemName><ManufacturerName>נטורל פורמולה</ManufacturerName><ManufactureCountry>ישראל</ManufactureCountry><ManufacturerItemDescription>קרם לחות נטורל400 מ'</ManufacturerItemDescription><SoldByWeight/><Quantity>400.00</Quantity><UnitOfMeasure>מ"ל</UnitOfMeasure><QtyInPackage>לא ידוע</QtyInPackage><UnitOfMeasurePrice>0.0740</UnitOfMeasurePrice><AllowDiscount>1</AllowDiscount><ItemStatus>1</ItemStatus><ItemPrice>29.60</ItemPrice></item><item><PriceUpdateDate>2016-03-01 06:49:16</PriceUpdateDate><ItemCode>7290005423253</ItemCode><ItemType>1</ItemType><ItemName>ספריי למייבש מקסימה</ItemName><ManufacturerName>סנו מקסימה</ManufacturerName><ManufactureCountry>ישראל</ManufactureCountry><ManufacturerItemDescription>למייבש כביסה מקסימה כחול7</ManufacturerItemDescription><SoldByWeight/><Quantity>750.00</Quantity><UnitOfMeasure>מ"ל</UnitOfMeasure><QtyInPackage>לא ידוע</QtyInPackage><UnitOfMeasurePrice>0.0305</UnitOfMeasurePrice><AllowDiscount>1</AllowDiscount><ItemStatus>1</ItemStatus><ItemPrice>22.90</ItemPrice></item><item><PriceUpdateDate>2016-05-01 21:46:49</PriceUpdateDate><ItemCode>7290005423499</ItemCode><ItemType>1</ItemType><ItemName>סנו נירוסטה אירסול מ</ItemName><ManufacturerName>לא ידוע</ManufacturerName><ManufactureCountry>ישראל</ManufactureCountry><ManufacturerItemDescription>לניקוי משטחי נירוסטה אירו</ManufacturerItemDescription><SoldByWeight/><Quantity>500.00</Quantity><UnitOfMeasure>מ"ל</UnitOfMeasure><QtyInPackage>לא ידוע</QtyInPackage><UnitOfMeasurePrice>0.0458</UnitOfMeasurePrice><AllowDiscount>1</AllowDiscount><ItemStatus>1</ItemStatus><ItemPrice>22.90</ItemPrice></item><item><PriceUpdateDate>2015-11-12 14:56:43</PriceUpdateDate><ItemCode>7290005423505</ItemCode><ItemType>1</ItemType><ItemName>מי פה אורביטול 500 מ</ItemName><ManufacturerName>אורביטול</ManufacturerName><ManufactureCountry>ישראל</ManufactureCountry><ManufacturerItemDescription>אורביטול מי פה להלבנה500</ManufacturerItemDescription><SoldByWeight/><Quantity>500.00</Quantity><UnitOfMeasure>מ"ל</UnitOfMeasure><QtyInPackage>לא ידוע</QtyInPackage><UnitOfMeasurePrice>0.0476</UnitOfMeasurePrice><AllowDiscount>1</AllowDiscount><ItemStatus>1</ItemStatus><ItemPrice>23.80</ItemPrice></item><item><PriceUpdateDate>2016-05-02 08:05:50</PriceUpdateDate><ItemCode>7290005423635</ItemCode><ItemType>1</ItemType><ItemName>סנו ריצפז דוחה תיקני</ItemName><ManufacturerName>ריצפז</ManufacturerName><ManufactureCountry>ישראל</ManufactureCountry><ManufacturerItemDescription>ריצפז דוחה תיקנים 2 ל</ManufacturerItemDescription><SoldByWeight/><Quantity>2000.00</Quantity><UnitOfMeasure>מ"ל</UnitOfMeasure><QtyInPackage>לא ידוע</QtyInPackage><UnitOfMeasurePrice>0.0109</UnitOfMeasurePrice><AllowDiscount>1</AllowDiscount><ItemStatus>1</ItemStatus><ItemPrice>21.90</ItemPrice></item><item><PriceUpdateDate>2016-02-02 06:51:12</PriceUpdateDate><ItemCode>7290005423734</ItemCode><ItemType>1</ItemType><ItemName>מב מרכך כביסה מקסימה</ItemName><ManufacturerName>סנו מקסימה</ManufacturerName><ManufactureCountry>ישראל</ManufactureCountry><ManufacturerItemDescription>מרכך כביסה מקסימה אולטראפ</ManufacturerItemDescription><SoldByWeight/><Quantity>4000.00</Quantity><UnitOfMeasure>מ"ל</UnitOfMeasure><QtyInPackage>לא ידוע</QtyInPackage><UnitOfMeasurePrice>0.0055</UnitOfMeasurePrice><AllowDiscount>1</AllowDiscount><ItemStatus>1</ItemStatus><ItemPrice>21.90</ItemPrice></item><item><PriceUpdateDate>2016-05-02 08:05:50</PriceUpdateDate><ItemCode>7290005423871</ItemCode><ItemType>1</ItemType><ItemName>מב משחת שינים אורביט</ItemName><ManufacturerName>אורביטול</ManufacturerName><ManufactureCountry>ישראל</ManufactureCountry><ManufacturerItemDescription>אורביטול משחת שיניים 1/3</ManufacturerItemDescription><SoldByWeight/><Quantity>435.00</Quantity><UnitOfMeasure>גרם     </UnitOfMeasure><QtyInPackage>לא ידוע</QtyInPackage><UnitOfMeasurePrice>0.0366</UnitOfMeasurePrice><AllowDiscount>1</AllowDiscount><ItemStatus>1</ItemStatus><ItemPrice>15.90</ItemPrice></item><item><PriceUpdateDate>2014-11-03 06:37:40</PriceUpdateDate><ItemCode>7290005424656</ItemCode><ItemType>1</ItemType><ItemName>סנו אנטי קאלק מסיר א</ItemName><ManufacturerName>אנטי קאלק</ManufacturerName><ManufactureCountry>ישראל</ManufactureCountry><ManufacturerItemDescription>סנו אנטי קאלק מסיר א</ManufacturerItemDescription><SoldByWeight/><Quantity>200.00</Quantity><UnitOfMeasure>גרם     </UnitOfMeasure><QtyInPackage>לא ידוע</QtyInPackage><UnitOfMeasurePrice>0.0510</UnitOfMeasurePrice><AllowDiscount>1</AllowDiscount><ItemStatus>1</ItemStatus><ItemPrice>10.20</ItemPrice></item><item><PriceUpdateDate>2016-05-30 22:04:07</PriceUpdateDate><ItemCode>7290005424694</ItemCode><ItemType>1</ItemType><ItemName>מב תחליב רחצה קרמה ע</ItemName><ManufacturerName>קרמה</ManufacturerName><ManufactureCountry>ישראל</ManufactureCountry><ManufacturerItemDescription>מב תחליב רחצה קרמה ע</ManufacturerItemDescription><SoldByWeight/><Quantity>750.00</Quantity><UnitOfMeasure>מ"ל</UnitOfMeasure><QtyInPackage>לא ידוע</QtyInPackage><UnitOfMeasurePrice>0.0225</UnitOfMeasurePrice><AllowDiscount>1</AllowDiscount><ItemStatus>1</ItemStatus><ItemPrice>16.90</ItemPrice></item><item><PriceUpdateDate>2015-11-12 14:56:53</PriceUpdateDate><ItemCode>7290005424762</ItemCode><ItemType>1</ItemType><ItemName>סנו ריצפז נוזל להברק</ItemName><ManufacturerName>ריצפז</ManufacturerName><ManufactureCountry>ישראל</ManufactureCountry><ManufacturerItemDescription>סנו ריצפז נוזל להברק</ManufacturerItemDescription><SoldByWeight/><Quantity>2000.00</Quantity><UnitOfMeasure>מ"ל</UnitOfMeasure><QtyInPackage>לא ידוע</QtyInPackage><UnitOfMeasurePrice>0.0140</UnitOfMeasurePrice><AllowDiscount>1</AllowDiscount><ItemStatus>1</ItemStatus><ItemPrice>28.00</ItemPrice></item><item><PriceUpdateDate>2016-05-01 21:46:49</PriceUpdateDate><ItemCode>7290005425202</ItemCode><ItemType>1</ItemType><ItemName>מב אבקת כביסה מקסימה</ItemName><ManufacturerName>סנו מקסימה</ManufacturerName><ManufactureCountry>ישראל</ManufactureCountry><ManufacturerItemDescription>מב אבקת כביסה מקסימה</ManufacturerItemDescription><SoldByWeight/><Quantity>2500.00</Quantity><UnitOfMeasure>גרם     </UnitOfMeasure><QtyInPackage>לא ידוע</QtyInPackage><UnitOfMeasurePrice>0.0104</UnitOfMeasurePrice><AllowDiscount>0</AllowDiscount><ItemStatus>1</ItemStatus><ItemPrice>25.90</ItemPrice></item><item><PriceUpdateDate>2016-05-02 08:05:50</PriceUpdateDate><ItemCode>7290005425646</ItemCode><ItemType>1</ItemType><ItemName>סנוקליר נוזל לניקוי</ItemName><ManufacturerName>לא ממותג</ManufacturerName><ManufactureCountry>ישראל</ManufactureCountry><ManufacturerItemDescription>סנוקליר חלונות 1 ל</ManufacturerItemDescription><SoldByWeight/><Quantity>1000.00</Quantity><UnitOfMeasure>מ"ל</UnitOfMeasure><QtyInPackage>לא ידוע</QtyInPackage><UnitOfMeasurePrice>0.0100</UnitOfMeasurePrice><AllowDiscount>0</AllowDiscount><ItemStatus>1</ItemStatus><ItemPrice>10.00</ItemPrice></item><item><PriceUpdateDate>2014-11-03 06:37:40</PriceUpdateDate><ItemCode>7290005425714</ItemCode><ItemType>1</ItemType><ItemName>סנו שמפו שטיחים 600מ</ItemName><ManufacturerName>לא ידוע</ManufacturerName><ManufactureCountry>ישראל</ManufactureCountry><ManufacturerItemDescription>סנו שמפו שטיחים 600מ</ManufacturerItemDescription><SoldByWeight/><Quantity>600.00</Quantity><UnitOfMeasure>מ"ל</UnitOfMeasure><QtyInPackage>לא ידוע</QtyInPackage><UnitOfMeasurePrice>0.0507</UnitOfMeasurePrice><AllowDiscount>1</AllowDiscount><ItemStatus>1</ItemStatus><ItemPrice>30.40</ItemPrice></item><item><PriceUpdateDate>2016-05-01 21:46:50</PriceUpdateDate><ItemCode>7290005426193</ItemCode><ItemType>1</ItemType><ItemName>מב ספוגית הפלא סנו ס</ItemName><ManufacturerName>סנו סושי</ManufacturerName><ManufactureCountry>ישראל</ManufactureCountry><ManufacturerItemDescription>ספוג הפלא סנו סושי</ManufacturerItemDescription><SoldByWeight/><Quantity>0.00</Quantity><UnitOfMeasure>יח'</UnitOfMeasure><QtyInPackage>לא ידוע</QtyInPackage><UnitOfMeasurePrice>0.0000</UnitOfMeasurePrice><AllowDiscount>1</AllowDiscount><ItemStatus>1</ItemStatus><ItemPrice>10.90</ItemPrice></item><item><PriceUpdateDate>2016-05-01 21:46:50</PriceUpdateDate><ItemCode>7290005426230</ItemCode><ItemType>1</ItemType><ItemName>מב מטלית הפלא לריצפה</ItemName><ManufacturerName>סנו סושי</ManufacturerName><ManufactureCountry>ישראל</ManufactureCountry><ManufacturerItemDescription>מטלית הפלא לרצפה סנו סושי</ManufacturerItemDescription><SoldByWeight/><Quantity>0.00</Quantity><UnitOfMeasure>יח'</UnitOfMeasure><QtyInPackage>לא ידוע</QtyInPackage><UnitOfMeasurePrice>0.0000</UnitOfMeasurePrice><AllowDiscount>1</AllowDiscount><ItemStatus>1</ItemStatus><ItemPrice>10.90</ItemPrice></item><item><PriceUpdateDate>2016-05-30 22:04:07</PriceUpdateDate><ItemCode>7290005426360</ItemCode><ItemType>1</ItemType><ItemName>מב תחליב רחצה קרמהמש</ItemName><ManufacturerName>קרמה</ManufacturerName><ManufactureCountry>ישראל</ManufactureCountry><ManufacturerItemDescription>מב תחליב רחצה קרמהמש</ManufacturerItemDescription><SoldByWeight/><Quantity>750.00</Quantity><UnitOfMeasure>מ"ל</UnitOfMeasure><QtyInPackage>לא ידוע</QtyInPackage><UnitOfMeasurePrice>0.0225</UnitOfMeasurePrice><AllowDiscount>1</AllowDiscount><ItemStatus>1</ItemStatus><ItemPrice>16.90</ItemPrice></item><item><PriceUpdateDate>2016-02-24 07:10:46</PriceUpdateDate><ItemCode>7290005426735</ItemCode><ItemType>1</ItemType><ItemName>מב אבקת כביסה מקסימה</ItemName><ManufacturerName>סנו מקסימה</ManufacturerName><ManufactureCountry>ישראל</ManufactureCountry><ManufacturerItemDescription>מב אבקת כביסה מקסימה</ManufacturerItemDescription><SoldByWeight/><Quantity>1250.00</Quantity><UnitOfMeasure>גרם     </UnitOfMeasure><QtyInPackage>לא ידוע</QtyInPackage><UnitOfMeasurePrice>0.0119</UnitOfMeasurePrice><AllowDiscount>1</AllowDiscount><ItemStatus>1</ItemStatus><ItemPrice>14.90</ItemPrice></item><item><PriceUpdateDate>2015-06-30 06:46:34</PriceUpdateDate><ItemCode>7290005426865</ItemCode><ItemType>1</ItemType><ItemName>משחת שיניים אורביטול</ItemName><ManufacturerName>אורביטול</ManufacturerName><ManufactureCountry>ישראל</ManufactureCountry><ManufacturerItemDescription>משחת שיניים אורביטול</ManufacturerItemDescription><SoldByWeight/><Quantity>14.00</Quantity><UnitOfMeasure>גרם     </UnitOfMeasure><QtyInPackage>לא ידוע</QtyInPackage><UnitOfMeasurePrice>0.7286</UnitOfMeasurePrice><AllowDiscount>1</AllowDiscount><ItemStatus>1</ItemStatus><ItemPrice>10.20</ItemPrice></item><item><PriceUpdateDate>2016-05-30 22:04:07</PriceUpdateDate><ItemCode>7290005427107</ItemCode><ItemType>1</ItemType><ItemName>מגבות מטבח סנו סושי</ItemName><ManufacturerName>סנו סושי</ManufacturerName><ManufactureCountry>ישראל</ManufactureCountry><ManufacturerItemDescription>מגבות מטבח סנו סושי</ManufacturerItemDescription><SoldByWeight/><Quantity>14.00</Quantity><UnitOfMeasure>מטר</UnitOfMeasure><QtyInPackage>לא ידוע</QtyInPackage><UnitOfMeasurePrice>0.7357</UnitOfMeasurePrice><AllowDiscount>1</AllowDiscount><ItemStatus>1</ItemStatus><ItemPrice>10.30</ItemPrice></item><item><PriceUpdateDate>2016-05-01 21:46:51</PriceUpdateDate><ItemCode>7290005427541</ItemCode><ItemType>1</ItemType><ItemName>מב תחליב רחצה כיף שק</ItemName><ManufacturerName>כיף</ManufacturerName><ManufactureCountry>ישראל</ManufactureCountry><ManufacturerItemDescription>מב תחליב רחצה כיף שק</ManufacturerItemDescription><SoldByWeight/><Quantity>750.00</Quantity><UnitOfMeasure>מ"ל</UnitOfMeasure><QtyInPackage>לא ידוע</QtyInPackage><UnitOfMeasurePrice>0.0145</UnitOfMeasurePrice><AllowDiscount>1</AllowDiscount><ItemStatus>1</ItemStatus><ItemPrice>10.90</ItemPrice></item><item><PriceUpdateDate>2016-05-01 21:46:51</PriceUpdateDate><ItemCode>7290005427558</ItemCode><ItemType>1</ItemType><ItemName>מב תחליב רחצה כיף דב</ItemName><ManufacturerName>כיף</ManufacturerName><ManufactureCountry>ישראל</ManufactureCountry><ManufacturerItemDescription>תחליב רחצה כיף חלב דבש 75</ManufacturerItemDescription><SoldByWeight/><Quantity>750.00</Quantity><UnitOfMeasure>מ"ל</UnitOfMeasure><QtyInPackage>לא ידוע</QtyInPackage><UnitOfMeasurePrice>0.0145</UnitOfMeasurePrice><AllowDiscount>1</AllowDiscount><ItemStatus>1</ItemStatus><ItemPrice>10.90</ItemPrice></item><item><PriceUpdateDate>2016-05-01 21:46:51</PriceUpdateDate><ItemCode>7290005427565</ItemCode><ItemType>1</ItemType><ItemName>מב שמפו כיף לשיער רג</ItemName><ManufacturerName>כיף</ManufacturerName><ManufactureCountry>ישראל</ManufactureCountry><ManufacturerItemDescription>כיף שמפו לשיער רגיל 750 מ</ManufacturerItemDescription><SoldByWeight/><Quantity>750.00</Quantity><UnitOfMeasure>מ"ל</UnitOfMeasure><QtyInPackage>לא ידוע</QtyInPackage><UnitOfMeasurePrice>0.0145</UnitOfMeasurePrice><AllowDiscount>1</AllowDiscount><ItemStatus>1</ItemStatus><ItemPrice>10.90</ItemPrice></item><item><PriceUpdateDate>2016-05-01 21:46:51</PriceUpdateDate><ItemCode>7290005427572</ItemCode><ItemType>1</ItemType><ItemName>מב שמפו כיף לשיער יב</ItemName><ManufacturerName>כיף</ManufacturerName><ManufactureCountry>ישראל</ManufactureCountry><ManufacturerItemDescription>כיף שמפו לשיער יבש 750  מ</ManufacturerItemDescription><SoldByWeight/><Quantity>750.00</Quantity><UnitOfMeasure>מ"ל</UnitOfMeasure><QtyInPackage>לא ידוע</QtyInPackage><UnitOfMeasurePrice>0.0145</UnitOfMeasurePrice><AllowDiscount>1</AllowDiscount><ItemStatus>1</ItemStatus><ItemPrice>10.90</ItemPrice></item><item><PriceUpdateDate>2015-11-12 14:56:44</PriceUpdateDate><ItemCode>7290005427961</ItemCode><ItemType>1</ItemType><ItemName>קרם לחות קרמה 400 מ'</ItemName><ManufacturerName>קרמה</ManufacturerName><ManufactureCountry>ישראל</ManufactureCountry><ManufacturerItemDescription>קרם לחות קרמה 400 מ'</ManufacturerItemDescription><SoldByWeight/><Quantity>400.00</Quantity><UnitOfMeasure>מ"ל</UnitOfMeasure><QtyInPackage>לא ידוע</QtyInPackage><UnitOfMeasurePrice>0.0595</UnitOfMeasurePrice><AllowDiscount>1</AllowDiscount><ItemStatus>1</ItemStatus><ItemPrice>23.80</ItemPrice></item><item><PriceUpdateDate>2016-02-02 06:51:13</PriceUpdateDate><ItemCode>7290005429279</ItemCode><ItemType>1</ItemType><ItemName>מב אבקת כביסה מקסימה</ItemName><ManufacturerName>סנו מקסימה</ManufacturerName><ManufactureCountry>ישראל</ManufactureCountry><ManufacturerItemDescription>מב אבקת כביסה מקסימה</ManufacturerItemDescription><SoldByWeight/><Quantity>6000.00</Quantity><UnitOfMeasure>גרם     </UnitOfMeasure><QtyInPackage>לא ידוע</QtyInPackage><UnitOfMeasurePrice>0.0083</UnitOfMeasurePrice><AllowDiscount>1</AllowDiscount><ItemStatus>1</ItemStatus><ItemPrice>49.90</ItemPrice></item><item><PriceUpdateDate>2016-05-05 09:13:49</PriceUpdateDate><ItemCode>7290005430480</ItemCode><ItemType>1</ItemType><ItemName>מב מטלית הפלא סנו סו</ItemName><ManufacturerName>סנו סושי</ManufacturerName><ManufactureCountry>ישראל</ManufactureCountry><ManufacturerItemDescription>מב מטלית הפלא סנו סו</ManufacturerItemDescription><SoldByWeight/><Quantity>0.00</Quantity><UnitOfMeasure>יח'</UnitOfMeasure><QtyInPackage>לא ידוע</QtyInPackage><UnitOfMeasurePrice>0.0000</UnitOfMeasurePrice><AllowDiscount>1</AllowDiscount><ItemStatus>1</ItemStatus><ItemPrice>8.90</ItemPrice></item><item><PriceUpdateDate>2016-03-01 06:49:17</PriceUpdateDate><ItemCode>7290005430602</ItemCode><ItemType>1</ItemType><ItemName>מב מסיר כתמים אוקסיג</ItemName><ManufacturerName>סנו אוקסיגן</ManufacturerName><ManufactureCountry>ישראל</ManufactureCountry><ManufacturerItemDescription>מסיר כתמים אוקסיגן 750 מר</ManufacturerItemDescription><SoldByWeight/><Quantity>750.00</Quantity><UnitOfMeasure>מ"ל</UnitOfMeasure><QtyInPackage>לא ידוע</QtyInPackage><UnitOfMeasurePrice>0.0212</UnitOfMeasurePrice><AllowDiscount>1</AllowDiscount><ItemStatus>1</ItemStatus><ItemPrice>15.90</ItemPrice></item><item><PriceUpdateDate>2016-05-01 21:46:51</PriceUpdateDate><ItemCode>7290005430671</ItemCode><ItemType>1</ItemType><ItemName>סנו פוליויקס קרמיקה</ItemName><ManufacturerName>סנו פוליויקס</ManufacturerName><ManufactureCountry>ישראל</ManufactureCountry><ManufacturerItemDescription>סנו פוליויקס קרמיקה</ManufacturerItemDescription><SoldByWeight/><Quantity>2000.00</Quantity><UnitOfMeasure>מ"ל</UnitOfMeasure><QtyInPackage>לא ידוע</QtyInPackage><UnitOfMeasurePrice>0.0124</UnitOfMeasurePrice><AllowDiscount>0</AllowDiscount><ItemStatus>1</ItemStatus><ItemPrice>24.90</ItemPrice></item><item><PriceUpdateDate>2014-11-03 06:37:41</PriceUpdateDate><ItemCode>7290005430961</ItemCode><ItemType>1</ItemType><ItemName>שמפו כביסה מקסימה בד</ItemName><ManufacturerName>סנו מקסימה</ManufacturerName><ManufactureCountry>ישראל</ManufactureCountry><ManufacturerItemDescription>שמפו כביסה מקסימה בד</ManufacturerItemDescription><SoldByWeight/><Quantity>1000.00</Quantity><UnitOfMeasure>מ"ל</UnitOfMeasure><QtyInPackage>לא ידוע</QtyInPackage><UnitOfMeasurePrice>0.0193</UnitOfMeasurePrice><AllowDiscount>1</AllowDiscount><ItemStatus>1</ItemStatus><ItemPrice>19.30</ItemPrice></item><item><PriceUpdateDate>2016-05-30 22:04:08</PriceUpdateDate><ItemCode>7290005431364</ItemCode><ItemType>1</ItemType><ItemName>מב מארז זוג עוגת גבי</ItemName><ManufacturerName>עדן קינוחים</ManufacturerName><ManufactureCountry>ישראל</ManufactureCountry><ManufacturerItemDescription>עוגת גבינה פירורים זוג</ManufacturerItemDescription><SoldByWeight/><Quantity>184.00</Quantity><UnitOfMeasure>גרם     </UnitOfMeasure><QtyInPackage>לא ידוע</QtyInPackage><UnitOfMeasurePrice>0.0543</UnitOfMeasurePrice><AllowDiscount>1</AllowDiscount><ItemStatus>1</ItemStatus><ItemPrice>10.00</ItemPrice></item><item><PriceUpdateDate>2016-05-30 22:04:08</PriceUpdateDate><ItemCode>7290005431371</ItemCode><ItemType>1</ItemType><ItemName>מב מארז זוג מלבי חלב</ItemName><ManufacturerName>עדן קינוחים</ManufacturerName><ManufactureCountry>ישראל</ManufactureCountry><ManufacturerItemDescription>מארז מעדן מלבי 330 גרם זו</ManufacturerItemDescription><SoldByWeight/><Quantity>330.00</Quantity><UnitOfMeasure>גרם     </UnitOfMeasure><QtyInPackage>לא ידוע</QtyInPackage><UnitOfMeasurePrice>0.0303</UnitOfMeasurePrice><AllowDiscount>1</AllowDiscount><ItemStatus>1</ItemStatus><ItemPrice>10.00</ItemPrice></item><item><PriceUpdateDate>2016-05-30 22:04:08</PriceUpdateDate><ItemCode>7290005431609</ItemCode><ItemType>1</ItemType><ItemName>מב מארז זוג עוגת טיר</ItemName><ManufacturerName>עדן קינוחים</ManufacturerName><ManufactureCountry>ישראל</ManufactureCountry><ManufacturerItemDescription>מארז זוג טרמיסו 172 גר</ManufacturerItemDescription><SoldByWeight/><Quantity>172.00</Quantity><UnitOfMeasure>גרם     </UnitOfMeasure><QtyInPackage>לא ידוע</QtyInPackage><UnitOfMeasurePrice>0.0581</UnitOfMeasurePrice><AllowDiscount>1</AllowDiscount><ItemStatus>1</ItemStatus><ItemPrice>10.00</ItemPrice></item><item><PriceUpdateDate>2016-05-30 22:04:08</PriceUpdateDate><ItemCode>7290005431685</ItemCode><ItemType>1</ItemType><ItemName>מב מארז זוג עוגת ביס</ItemName><ManufacturerName>עדן קינוחים</ManufacturerName><ManufactureCountry>ישראל</ManufactureCountry><ManufacturerItemDescription>עוגת גבינה פירורים זוג</ManufacturerItemDescription><SoldByWeight/><Quantity>300.00</Quantity><UnitOfMeasure>גרם     </UnitOfMeasure><QtyInPackage>לא ידוע</QtyInPackage><UnitOfMeasurePrice>0.0333</UnitOfMeasurePrice><AllowDiscount>1</AllowDiscount><ItemStatus>1</ItemStatus><ItemPrice>10.00</ItemPrice></item><item><PriceUpdateDate>2015-03-30 09:10:50</PriceUpdateDate><ItemCode>7290005481611</ItemCode><ItemType>1</ItemType><ItemName>קופסת איחסון 0.7 ליט</ItemName><ManufacturerName>תמה</ManufacturerName><ManufactureCountry>ישראל</ManufactureCountry><ManufacturerItemDescription>קופסת איחסון 0.7 ליט</ManufacturerItemDescription><SoldByWeight/><Quantity>0.00</Quantity><UnitOfMeasure>יח'</UnitOfMeasure><QtyInPackage>לא ידוע</QtyInPackage><UnitOfMeasurePrice>0.0000</UnitOfMeasurePrice><AllowDiscount>1</AllowDiscount><ItemStatus>1</ItemStatus><ItemPrice>5.50</ItemPrice></item><item><PriceUpdateDate>2015-03-30 09:10:50</PriceUpdateDate><ItemCode>7290005481628</ItemCode><ItemType>1</ItemType><ItemName>קופסה עינבר 2 ליטר</ItemName><ManufacturerName>תמה</ManufacturerName><ManufactureCountry>ישראל</ManufactureCountry><ManufacturerItemDescription>קופסה עינבר 2 ליטר</ManufacturerItemDescription><SoldByWeight/><Quantity>1.00</Quantity><UnitOfMeasure>יח'</UnitOfMeasure><QtyInPackage>לא ידוע</QtyInPackage><UnitOfMeasurePrice>11.0000</UnitOfMeasurePrice><AllowDiscount>1</AllowDiscount><ItemStatus>1</ItemStatus><ItemPrice>11.00</ItemPrice></item><item><PriceUpdateDate>2015-03-30 09:10:51</PriceUpdateDate><ItemCode>7290005481741</ItemCode><ItemType>1</ItemType><ItemName>קופסת ענבר 1 ליטר ענ</ItemName><ManufacturerName>תמה</ManufacturerName><ManufactureCountry>ישראל</ManufactureCountry><ManufacturerItemDescription>קופסת ענבר 1 ליטר ענ</ManufacturerItemDescription><SoldByWeight/><Quantity>0.00</Quantity><UnitOfMeasure>יח'</UnitOfMeasure><QtyInPackage>לא ידוע</QtyInPackage><UnitOfMeasurePrice>0.0000</UnitOfMeasurePrice><AllowDiscount>1</AllowDiscount><ItemStatus>1</ItemStatus><ItemPrice>6.90</ItemPrice></item><item><PriceUpdateDate>2016-05-02 08:05:50</PriceUpdateDate><ItemCode>7290005500688</ItemCode><ItemType>1</ItemType><ItemName>מב מסיכה פנינה 1 ק''</ItemName><ManufacturerName>פנינה רוזנבלום</ManufacturerName><ManufactureCountry>ישראל</ManufactureCountry><ManufacturerItemDescription>מב מסיכה פנינה 1 ק''</ManufacturerItemDescription><SoldByWeight/><Quantity>1000.00</Quantity><UnitOfMeasure>גרם     </UnitOfMeasure><QtyInPackage>לא ידוע</QtyInPackage><UnitOfMeasurePrice>0.0269</UnitOfMeasurePrice><AllowDiscount>1</AllowDiscount><ItemStatus>1</ItemStatus><ItemPrice>26.90</ItemPrice></item><item><PriceUpdateDate>2015-07-30 11:32:13</PriceUpdateDate><ItemCode>7290005500862</ItemCode><ItemType>1</ItemType><ItemName>סבון נוזלי פנינה 750</ItemName><ManufacturerName>פנינה רוזנבלום</ManufacturerName><ManufactureCountry>ישראל</ManufactureCountry><ManufacturerItemDescription>סבון נוזלי פנינה 750</ManufacturerItemDescription><SoldByWeight/><Quantity>750.00</Quantity><UnitOfMeasure>מ"ל</UnitOfMeasure><QtyInPackage>לא ידוע</QtyInPackage><UnitOfMeasurePrice>0.0179</UnitOfMeasurePrice><AllowDiscount>1</AllowDiscount><ItemStatus>1</ItemStatus><ItemPrice>13.40</ItemPrice></item><item><PriceUpdateDate>2016-02-18 10:36:16</PriceUpdateDate><ItemCode>7290005509278</ItemCode><ItemType>1</ItemType><ItemName>מרשמלו טוויסטר 180 ג</ItemName><ManufacturerName>לני</ManufacturerName><ManufactureCountry>ישראל</ManufactureCountry><ManufacturerItemDescription>סוכריות מרשמלו מושי טוויס</ManufacturerItemDescription><SoldByWeight/><Quantity>180.00</Quantity><UnitOfMeasure>גרם     </UnitOfMeasure><QtyInPackage>לא ידוע</QtyInPackage><UnitOfMeasurePrice>0.0400</UnitOfMeasurePrice><AllowDiscount>1</AllowDiscount><ItemStatus>1</ItemStatus><ItemPrice>7.20</ItemPrice></item><item><PriceUpdateDate>2015-11-12 16:43:24</PriceUpdateDate><ItemCode>7290005549618</ItemCode><ItemType>1</ItemType><ItemName>מרשמלו וניל תות 180</ItemName><ManufacturerName>לא ממותג</ManufacturerName><ManufactureCountry>ישראל</ManufactureCountry><ManufacturerItemDescription>מרשמלו וניל תות 180</ManufacturerItemDescription><SoldByWeight/><Quantity>180.00</Quantity><UnitOfMeasure>גרם     </UnitOfMeasure><QtyInPackage>לא ידוע</QtyInPackage><UnitOfMeasurePrice>0.0411</UnitOfMeasurePrice><AllowDiscount>1</AllowDiscount><ItemStatus>1</ItemStatus><ItemPrice>7.40</ItemPrice></item><item><PriceUpdateDate>2015-11-12 16:44:58</PriceUpdateDate><ItemCode>7290005559587</ItemCode><ItemType>1</ItemType><ItemName>נקניקיות בבצק 800 גר</ItemName><ManufacturerName>מעדנות</ManufacturerName><ManufactureCountry>ישראל</ManufactureCountry><ManufacturerItemDescription>נקניקיות בבצק 800 גר</ManufacturerItemDescription><SoldByWeight/><Quantity>800.00</Quantity><UnitOfMeasure>גרם     </UnitOfMeasure><QtyInPackage>לא ידוע</QtyInPackage><UnitOfMeasurePrice>0.0392</UnitOfMeasurePrice><AllowDiscount>1</AllowDiscount><ItemStatus>1</ItemStatus><ItemPrice>31.40</ItemPrice></item><item><PriceUpdateDate>2016-05-01 21:46:51</PriceUpdateDate><ItemCode>7290005559709</ItemCode><ItemType>1</ItemType><ItemName>בורקס פיצה 700 גרם</ItemName><ManufacturerName>מעדנות</ManufacturerName><ManufactureCountry>ישראל</ManufactureCountry><ManufacturerItemDescription>בורקס פיצה 700 גרם</ManufacturerItemDescription><SoldByWeight/><Quantity>700.00</Quantity><UnitOfMeasure>גרם     </UnitOfMeasure><QtyInPackage>לא ידוע</QtyInPackage><UnitOfMeasurePrice>0.0424</UnitOfMeasurePrice><AllowDiscount>1</AllowDiscount><ItemStatus>1</ItemStatus><ItemPrice>29.70</ItemPrice></item><item><PriceUpdateDate>2016-05-30 22:04:08</PriceUpdateDate><ItemCode>7290005559907</ItemCode><ItemType>1</ItemType><ItemName>פיצה משפחתית גבינה מ</ItemName><ManufacturerName>מעדנות</ManufacturerName><ManufactureCountry>ישראל</ManufactureCountry><ManufacturerItemDescription>פיצה משפחתית גבינה 500 גר</ManufacturerItemDescription><SoldByWeight/><Quantity>500.00</Quantity><UnitOfMeasure>גרם     </UnitOfMeasure><QtyInPackage>לא ידוע</QtyInPackage><UnitOfMeasurePrice>0.0498</UnitOfMeasurePrice><AllowDiscount>1</AllowDiscount><ItemStatus>1</ItemStatus><ItemPrice>24.90</ItemPrice></item><item><PriceUpdateDate>2016-05-30 22:04:08</PriceUpdateDate><ItemCode>7290005559914</ItemCode><ItemType>1</ItemType><ItemName>פיצה משפחתית זיתים מ</ItemName><ManufacturerName>מעדנות</ManufacturerName><ManufactureCountry>ישראל</ManufactureCountry><ManufacturerItemDescription>פיצה משפחתית זיתים 550 גר</ManufacturerItemDescription><SoldByWeight/><Quantity>500.00</Quantity><UnitOfMeasure>גרם     </UnitOfMeasure><QtyInPackage>לא ידוע</QtyInPackage><UnitOfMeasurePrice>0.0508</UnitOfMeasurePrice><AllowDiscount>1</AllowDiscount><ItemStatus>1</ItemStatus><ItemPrice>25.40</ItemPrice></item><item><PriceUpdateDate>2016-05-30 22:04:08</PriceUpdateDate><ItemCode>7290005559990</ItemCode><ItemType>1</ItemType><ItemName>מב בצק פילאס תורכי 6</ItemName><ManufacturerName>מעדנות</ManufacturerName><ManufactureCountry>ישראל</ManufactureCountry><ManufacturerItemDescription>בצק פילאס תורכי</ManufacturerItemDescription><SoldByWeight/><Quantity>600.00</Quantity><UnitOfMeasure>גרם     </UnitOfMeasure><QtyInPackage>לא ידוע</QtyInPackage><UnitOfMeasurePrice>0.0265</UnitOfMeasurePrice><AllowDiscount>1</AllowDiscount><ItemStatus>1</ItemStatus><ItemPrice>15.90</ItemPrice></item><item><PriceUpdateDate>2016-05-30 22:04:09</PriceUpdateDate><ItemCode>7290005564253</ItemCode><ItemType>1</ItemType><ItemName>ספרינג 1.5 ליטר טעם</ItemName><ManufacturerName>ספרינג</ManufacturerName><ManufactureCountry>ישראל</ManufactureCountry><ManufacturerItemDescription>ספרינג אגס סברס תפוח1.5 ל</ManufacturerItemDescription><SoldByWeight/><Quantity>1500.00</Quantity><UnitOfMeasure>מ"ל</UnitOfMeasure><QtyInPackage>לא ידוע</QtyInPackage><UnitOfMeasurePrice>0.0039</UnitOfMeasurePrice><AllowDiscount>1</AllowDiscount><ItemStatus>1</ItemStatus><ItemPrice>5.90</ItemPrice></item><item><PriceUpdateDate>2016-03-01 06:49:17</PriceUpdateDate><ItemCode>7290005564680</ItemCode><ItemType>1</ItemType><ItemName>תפוזינה לימונדה 1.5</ItemName><ManufacturerName>תפוזינה</ManufacturerName><ManufactureCountry>ישראל</ManufactureCountry><ManufacturerItemDescription>תפוזינה לימון 1.5 ליטר</ManufacturerItemDescription><SoldByWeight/><Quantity>1500.00</Quantity><UnitOfMeasure>מ"ל</UnitOfMeasure><QtyInPackage>לא ידוע</QtyInPackage><UnitOfMeasurePrice>0.0050</UnitOfMeasurePrice><AllowDiscount>1</AllowDiscount><ItemStatus>1</ItemStatus><ItemPrice>7.50</ItemPrice></item><item><PriceUpdateDate>2015-10-21 13:56:09</PriceUpdateDate><ItemCode>7290005591761</ItemCode><ItemType>1</ItemType><ItemName>דבש לחיץ מפרחי בר 40</ItemName><ManufacturerName>יד מרדכי</ManufacturerName><ManufactureCountry>ישראל</ManufactureCountry><ManufacturerItemDescription>דבש פרחי בר400 גר.בקלחיץ</ManufacturerItemDescription><SoldByWeight/><Quantity>400.00</Quantity><UnitOfMeasure>גרם     </UnitOfMeasure><QtyInPackage>לא ידוע</QtyInPackage><UnitOfMeasurePrice>0.0747</UnitOfMeasurePrice><AllowDiscount>1</AllowDiscount><ItemStatus>1</ItemStatus><ItemPrice>29.90</ItemPrice></item><item><PriceUpdateDate>2016-05-30 22:04:09</PriceUpdateDate><ItemCode>7290005604133</ItemCode><ItemType>1</ItemType><ItemName>מיץ פריגת מנגו 1.5 ל</ItemName><ManufacturerName>פריגת</ManufacturerName><ManufactureCountry>ישראל</ManufactureCountry><ManufacturerItemDescription>משקל פריגת מנגו 1.5 ליטר</ManufacturerItemDescription><SoldByWeight/><Quantity>1500.00</Quantity><UnitOfMeasure>מ"ל</UnitOfMeasure><QtyInPackage>לא ידוע</QtyInPackage><UnitOfMeasurePrice>0.0045</UnitOfMeasurePrice><AllowDiscount>0</AllowDiscount><ItemStatus>1</ItemStatus><ItemPrice>6.80</ItemPrice></item><item><PriceUpdateDate>2016-03-16 15:40:45</PriceUpdateDate><ItemCode>7290005605901</ItemCode><ItemType>1</ItemType><ItemName>פאנטה אקזוטיק 1.5 לי</ItemName><ManufacturerName>פאנטה אקזוטיק</ManufacturerName><ManufactureCountry>ישראל</ManufactureCountry><ManufacturerItemDescription>פאנטה אקזוטיק 1.5 ליטר</ManufacturerItemDescription><SoldByWeight/><Quantity>1500.00</Quantity><UnitOfMeasure>מ"ל</UnitOfMeasure><QtyInPackage>לא ידוע</QtyInPackage><UnitOfMeasurePrice>0.0046</UnitOfMeasurePrice><AllowDiscount>1</AllowDiscount><ItemStatus>1</ItemStatus><ItemPrice>6.90</ItemPrice></item><item><PriceUpdateDate>2016-03-17 09:30:35</PriceUpdateDate><ItemCode>7290005609794</ItemCode><ItemType>3</ItemType><ItemName>חזה בקר טרי אל גאוצו</ItemName><ManufacturerName>נטו סחר</ManufacturerName><ManufactureCountry>לא ידוע</ManufactureCountry><ManufacturerItemDescription>חזה בקר טרי אל גאוצו</ManufacturerItemDescription><SoldByWeight/><Quantity>1.00</Quantity><UnitOfMeasure>ק"ג</UnitOfMeasure><QtyInPackage>לא ידוע</QtyInPackage><UnitOfMeasurePrice>54.9000</UnitOfMeasurePrice><AllowDiscount>1</AllowDiscount><ItemStatus>1</ItemStatus><ItemPrice>54.90</ItemPrice></item><item><PriceUpdateDate>2015-12-02 07:07:42</PriceUpdateDate><ItemCode>7290005613043</ItemCode><ItemType>1</ItemType><ItemName>גרנולה זהב תפוח עץ ו</ItemName><ManufacturerName>מזון העתיד בע"מ</ManufacturerName><ManufactureCountry>ישראל</ManufactureCountry><ManufacturerItemDescription>גרנולה זהב תפוח עץ ו</ManufacturerItemDescription><SoldByWeight/><Quantity>400.00</Quantity><UnitOfMeasure>גרם     </UnitOfMeasure><QtyInPackage>לא ידוע</QtyInPackage><UnitOfMeasurePrice>0.0323</UnitOfMeasurePrice><AllowDiscount>1</AllowDiscount><ItemStatus>1</ItemStatus><ItemPrice>12.90</ItemPrice></item><item><PriceUpdateDate>2015-12-02 07:07:42</PriceUpdateDate><ItemCode>7290005613241</ItemCode><ItemType>1</ItemType><ItemName>גרנולה זהב עשירה 400</ItemName><ManufacturerName>מזון העתיד בע"מ</ManufacturerName><ManufactureCountry>ישראל</ManufactureCountry><ManufacturerItemDescription>גרנולה זהב עשירה 400</ManufacturerItemDescription><SoldByWeight/><Quantity>400.00</Quantity><UnitOfMeasure>גרם     </UnitOfMeasure><QtyInPackage>לא ידוע</QtyInPackage><UnitOfMeasurePrice>0.0323</UnitOfMeasurePrice><AllowDiscount>1</AllowDiscount><ItemStatus>1</ItemStatus><ItemPrice>12.90</ItemPrice></item><item><PriceUpdateDate>2016-03-09 12:01:08</PriceUpdateDate><ItemCode>7290005617379</ItemCode><ItemType>1</ItemType><ItemName>יעה נצמד גומי מולחם</ItemName><ManufacturerName>לא ממותג</ManufacturerName><ManufactureCountry>ישראל</ManufactureCountry><ManufacturerItemDescription>יעה נצמד גומי מולחם</ManufacturerItemDescription><SoldByWeight/><Quantity>1.00</Quantity><UnitOfMeasure>0</UnitOfMeasure><QtyInPackage>לא ידוע</QtyInPackage><UnitOfMeasurePrice>5.9000</UnitOfMeasurePrice><AllowDiscount>1</AllowDiscount><ItemStatus>1</ItemStatus><ItemPrice>5.90</ItemPrice></item><item><PriceUpdateDate>2016-05-01 21:46:52</PriceUpdateDate><ItemCode>7290005617621</ItemCode><ItemType>1</ItemType><ItemName>מגב פלסטיק + מקל מתכ</ItemName><ManufacturerName>לא ממותג</ManufacturerName><ManufactureCountry>ישראל</ManufactureCountry><ManufacturerItemDescription>מגב פלסטיק + מקל מתכ</ManufacturerItemDescription><SoldByWeight/><Quantity>1.00</Quantity><UnitOfMeasure>0</UnitOfMeasure><QtyInPackage>לא ידוע</QtyInPackage><UnitOfMeasurePrice>10.9000</UnitOfMeasurePrice><AllowDiscount>1</AllowDiscount><ItemStatus>1</ItemStatus><ItemPrice>10.90</ItemPrice></item><item><PriceUpdateDate>2014-11-26 06:32:47</PriceUpdateDate><ItemCode>7290005617645</ItemCode><ItemType>1</ItemType><ItemName>מגב חלון 20 ס"מ</ItemName><ManufacturerName>לא ממותג</ManufacturerName><ManufactureCountry>ישראל</ManufactureCountry><ManufacturerItemDescription>מגב חלון 20 ס"מ</ManufacturerItemDescription><SoldByWeight/><Quantity>1.00</Quantity><UnitOfMeasure>0</UnitOfMeasure><QtyInPackage>לא ידוע</QtyInPackage><UnitOfMeasurePrice>4.9000</UnitOfMeasurePrice><AllowDiscount>1</AllowDiscount><ItemStatus>1</ItemStatus><ItemPrice>4.90</ItemPrice></item><item><PriceUpdateDate>2014-11-26 06:32:47</PriceUpdateDate><ItemCode>7290005617652</ItemCode><ItemType>1</ItemType><ItemName>מטאטא שיער סוס משובח</ItemName><ManufacturerName>לא ממותג</ManufacturerName><ManufactureCountry>ישראל</ManufactureCountry><ManufacturerItemDescription>מטאטא שיער סוס משובח</ManufacturerItemDescription><SoldByWeight/><Quantity>1.00</Quantity><UnitOfMeasure>0</UnitOfMeasure><QtyInPackage>לא ידוע</QtyInPackage><UnitOfMeasurePrice>44.9000</UnitOfMeasurePrice><AllowDiscount>1</AllowDiscount><ItemStatus>1</ItemStatus><ItemPrice>44.90</ItemPrice></item><item><PriceUpdateDate>2014-11-26 06:32:47</PriceUpdateDate><ItemCode>7290005617690</ItemCode><ItemType>1</ItemType><ItemName>מברשת שירותים</ItemName><ManufacturerName>לא ממותג</ManufacturerName><ManufactureCountry>ישראל</ManufactureCountry><ManufacturerItemDescription>מברשת שירותים</ManufacturerItemDescription><SoldByWeight/><Quantity>1.00</Quantity><UnitOfMeasure>0</UnitOfMeasure><QtyInPackage>לא ידוע</QtyInPackage><UnitOfMeasurePrice>4.9000</UnitOfMeasurePrice><AllowDiscount>1</AllowDiscount><ItemStatus>1</ItemStatus><ItemPrice>4.90</ItemPrice></item><item><PriceUpdateDate>2014-11-26 06:32:47</PriceUpdateDate><ItemCode>7290005617751</ItemCode><ItemType>1</ItemType><ItemName>דלי אשפה 22 ליטר + מ</ItemName><ManufacturerName>לא ממותג</ManufacturerName><ManufactureCountry>ישראל</ManufactureCountry><ManufacturerItemDescription>דלי אשפה 22 ליטר + מ</ManufacturerItemDescription><SoldByWeight/><Quantity>1.00</Quantity><UnitOfMeasure>0</UnitOfMeasure><QtyInPackage>לא ידוע</QtyInPackage><UnitOfMeasurePrice>27.9000</UnitOfMeasurePrice><AllowDiscount>1</AllowDiscount><ItemStatus>1</ItemStatus><ItemPrice>27.90</ItemPrice></item><item><PriceUpdateDate>2014-11-26 06:32:47</PriceUpdateDate><ItemCode>7290005617935</ItemCode><ItemType>1</ItemType><ItemName>מברשת כלים ידית גומי</ItemName><ManufacturerName>לא ממותג</ManufacturerName><ManufactureCountry>ישראל</ManufactureCountry><ManufacturerItemDescription>מברשת כלים ידית גומי</ManufacturerItemDescription><SoldByWeight/><Quantity>1.00</Quantity><UnitOfMeasure>0</UnitOfMeasure><QtyInPackage>לא ידוע</QtyInPackage><UnitOfMeasurePrice>11.9000</UnitOfMeasurePrice><AllowDiscount>1</AllowDiscount><ItemStatus>1</ItemStatus><ItemPrice>11.90</ItemPrice></item><item><PriceUpdateDate>2015-11-12 15:04:31</PriceUpdateDate><ItemCode>7290005638107</ItemCode><ItemType>1</ItemType><ItemName>עוגיות מרוקאיות 400</ItemName><ManufacturerName>אחווה</ManufacturerName><ManufactureCountry>ישראל</ManufactureCountry><ManufacturerItemDescription>עוגיות מרוקאיות</ManufacturerItemDescription><SoldByWeight/><Quantity>400.00</Quantity><UnitOfMeasure>גרם     </UnitOfMeasure><QtyInPackage>לא ידוע</QtyInPackage><UnitOfMeasurePrice>0.0492</UnitOfMeasurePrice><AllowDiscount>1</AllowDiscount><ItemStatus>1</ItemStatus><ItemPrice>19.70</ItemPrice></item><item><PriceUpdateDate>2015-10-22 16:27:25</PriceUpdateDate><ItemCode>7290005638206</ItemCode><ItemType>1</ItemType><ItemName>עוגיות מרוקאיות ללא</ItemName><ManufacturerName>לוגאני</ManufacturerName><ManufactureCountry>ישראל</ManufactureCountry><ManufacturerItemDescription>עוגיות מרוקאיות ללא סוכר</ManufacturerItemDescription><SoldByWeight/><Quantity>400.00</Quantity><UnitOfMeasure>גרם     </UnitOfMeasure><QtyInPackage>לא ידוע</QtyInPackage><UnitOfMeasurePrice>0.0570</UnitOfMeasurePrice><AllowDiscount>1</AllowDiscount><ItemStatus>1</ItemStatus><ItemPrice>22.80</ItemPrice></item><item><PriceUpdateDate>2016-05-30 22:04:09</PriceUpdateDate><ItemCode>7290005651366</ItemCode><ItemType>1</ItemType><ItemName>מב בונזו כבד 3 ק"ג</ItemName><ManufacturerName>בונזו</ManufacturerName><ManufactureCountry>ישראל</ManufactureCountry><ManufacturerItemDescription>בונזו כבד 3 קג</ManufacturerItemDescription><SoldByWeight/><Quantity>3000.00</Quantity><UnitOfMeasure>גרם     </UnitOfMeasure><QtyInPackage>לא ידוע</QtyInPackage><UnitOfMeasurePrice>0.0156</UnitOfMeasurePrice><AllowDiscount>1</AllowDiscount><ItemStatus>1</ItemStatus><ItemPrice>46.90</ItemPrice></item><item><PriceUpdateDate>2015-05-31 10:05:02</PriceUpdateDate><ItemCode>7290005780868</ItemCode><ItemType>1</ItemType><ItemName>אנרג'י מיזלי 500 גרם</ItemName><ManufacturerName>לא ידוע</ManufacturerName><ManufactureCountry>ישראל</ManufactureCountry><ManufacturerItemDescription>מיזלי אנרגי פירות 500 גר</ManufacturerItemDescription><SoldByWeight/><Quantity>500.00</Quantity><UnitOfMeasure>גרם     </UnitOfMeasure><QtyInPackage>לא ידוע</QtyInPackage><UnitOfMeasurePrice>0.0390</UnitOfMeasurePrice><AllowDiscount>1</AllowDiscount><ItemStatus>1</ItemStatus><ItemPrice>19.50</ItemPrice></item><item><PriceUpdateDate>2015-10-11 18:10:49</PriceUpdateDate><ItemCode>7290005838002</ItemCode><ItemType>1</ItemType><ItemName>דניאלה וניל  150 מ"ל</ItemName><ManufacturerName>דניאלה</ManufacturerName><ManufactureCountry>ישראל</ManufactureCountry><ManufacturerItemDescription>דניאלה מעדן גבינה וניל 15</ManufacturerItemDescription><SoldByWeight/><Quantity>100.00</Quantity><UnitOfMeasure>מ"ל</UnitOfMeasure><QtyInPackage>לא ידוע</QtyInPackage><UnitOfMeasurePrice>0.0420</UnitOfMeasurePrice><AllowDiscount>1</AllowDiscount><ItemStatus>1</ItemStatus><ItemPrice>4.20</ItemPrice></item><item><PriceUpdateDate>2015-10-11 18:10:49</PriceUpdateDate><ItemCode>7290005838613</ItemCode><ItemType>1</ItemType><ItemName>גבינת סקי וניל 3% 12</ItemName><ManufacturerName>שטראוס</ManufacturerName><ManufactureCountry>ישראל</ManufactureCountry><ManufacturerItemDescription>גבינה סקי וניל125  גר</ManufacturerItemDescription><SoldByWeight/><Quantity>125.00</Quantity><UnitOfMeasure>גרם     </UnitOfMeasure><QtyInPackage>לא ידוע</QtyInPackage><UnitOfMeasurePrice>0.0304</UnitOfMeasurePrice><AllowDiscount>1</AllowDiscount><ItemStatus>1</ItemStatus><ItemPrice>3.80</ItemPrice></item><item><PriceUpdateDate>2015-10-11 18:10:49</PriceUpdateDate><ItemCode>7290005838972</ItemCode><ItemType>1</ItemType><ItemName>גבינת סקי 5% יום יום</ItemName><ManufacturerName>שטראוס</ManufacturerName><ManufactureCountry>ישראל</ManufactureCountry><ManufacturerItemDescription>גבינת סקי 5% יום יום</ManufacturerItemDescription><SoldByWeight/><Quantity>125.00</Quantity><UnitOfMeasure>גרם     </UnitOfMeasure><QtyInPackage>לא ידוע</QtyInPackage><UnitOfMeasurePrice>0.0280</UnitOfMeasurePrice><AllowDiscount>1</AllowDiscount><ItemStatus>1</ItemStatus><ItemPrice>3.50</ItemPrice></item><item><PriceUpdateDate>2015-10-11 18:10:49</PriceUpdateDate><ItemCode>7290005839078</ItemCode><ItemType>1</ItemType><ItemName>מארז שמינייה דנונה ב</ItemName><ManufacturerName>דנונה</ManufacturerName><ManufactureCountry>ישראל</ManufactureCountry><ManufacturerItemDescription>מארז שמינייה דנונה ב</ManufacturerItemDescription><SoldByWeight/><Quantity>1200.00</Quantity><UnitOfMeasure>מ"ל</UnitOfMeasure><QtyInPackage>לא ידוע</QtyInPackage><UnitOfMeasurePrice>0.0154</UnitOfMeasurePrice><AllowDiscount>1</AllowDiscount><ItemStatus>1</ItemStatus><ItemPrice>18.50</ItemPrice></item><item><PriceUpdateDate>2016-06-01 09:41:32</PriceUpdateDate><ItemCode>7290005839108</ItemCode><ItemType>1</ItemType><ItemName>מב סימפוניה 5% עם זי</ItemName><ManufacturerName>סימפוניה שטראוס</ManufacturerName><ManufactureCountry>ישראל</ManufactureCountry><ManufacturerItemDescription>סימפוניה 5% זיתים200 גר</ManufacturerItemDescription><SoldByWeight/><Quantity>200.00</Quantity><UnitOfMeasure>גרם     </UnitOfMeasure><QtyInPackage>לא ידוע</QtyInPackage><UnitOfMeasurePrice>0.0495</UnitOfMeasurePrice><AllowDiscount>0</AllowDiscount><ItemStatus>1</ItemStatus><ItemPrice>9.90</ItemPrice></item><item><PriceUpdateDate>2015-10-11 18:10:49</PriceUpdateDate><ItemCode>7290005839313</ItemCode><ItemType>1</ItemType><ItemName>מילקי טופ מגולגלת 14</ItemName><ManufacturerName>מילקי</ManufacturerName><ManufactureCountry>ישראל</ManufactureCountry><ManufacturerItemDescription>מילקי טופ מגולגלת 140 גר</ManufacturerItemDescription><SoldByWeight/><Quantity>141.00</Quantity><UnitOfMeasure>גרם     </UnitOfMeasure><QtyInPackage>לא ידוע</QtyInPackage><UnitOfMeasurePrice>0.0333</UnitOfMeasurePrice><AllowDiscount>1</AllowDiscount><ItemStatus>1</ItemStatus><ItemPrice>4.70</ItemPrice></item><item><PriceUpdateDate>2015-11-12 16:49:10</PriceUpdateDate><ItemCode>7290005854835</ItemCode><ItemType>1</ItemType><ItemName>טילון מגנום</ItemName><ManufacturerName>מגנום-גלידה</ManufacturerName><ManufactureCountry>ישראל</ManufactureCountry><ManufacturerItemDescription>טילון מגנום</ManufacturerItemDescription><SoldByWeight/><Quantity>0.00</Quantity><UnitOfMeasure>יח'</UnitOfMeasure><QtyInPackage>לא ידוע</QtyInPackage><UnitOfMeasurePrice>0.0000</UnitOfMeasurePrice><AllowDiscount>1</AllowDiscount><ItemStatus>1</ItemStatus><ItemPrice>11.20</ItemPrice></item><item><PriceUpdateDate>2016-03-01 06:49:18</PriceUpdateDate><ItemCode>7290005896439</ItemCode><ItemType>1</ItemType><ItemName>בירה מכבי 500 מ"ל</ItemName><ManufacturerName>לא ממותג</ManufacturerName><ManufactureCountry>ישראל</ManufactureCountry><ManufacturerItemDescription>בירה מכבי בקבוק 500 מל חו</ManufacturerItemDescription><SoldByWeight/><Quantity>500.00</Quantity><UnitOfMeasure>מ"ל</UnitOfMeasure><QtyInPackage>לא ידוע</QtyInPackage><UnitOfMeasurePrice>0.0138</UnitOfMeasurePrice><AllowDiscount>1</AllowDiscount><ItemStatus>1</ItemStatus><ItemPrice>6.90</ItemPrice></item><item><PriceUpdateDate>2015-11-12 14:55:26</PriceUpdateDate><ItemCode>7290005896620</ItemCode><ItemType>1</ItemType><ItemName>מים סן בנדטו מוגז 1.</ItemName><ManufacturerName>סאן בנדטו</ManufacturerName><ManufactureCountry>ישראל</ManufactureCountry><ManufacturerItemDescription>סן בנדטו מוגז מים מינרלים</ManufacturerItemDescription><SoldByWeight/><Quantity>1500.00</Quantity><UnitOfMeasure>מ"ל</UnitOfMeasure><QtyInPackage>לא ידוע</QtyInPackage><UnitOfMeasurePrice>0.0031</UnitOfMeasurePrice><AllowDiscount>1</AllowDiscount><ItemStatus>1</ItemStatus><ItemPrice>4.70</ItemPrice></item><item><PriceUpdateDate>2015-11-12 14:55:26</PriceUpdateDate><ItemCode>7290005896637</ItemCode><ItemType>1</ItemType><ItemName>מים סן בנדטו בודד 1.</ItemName><ManufacturerName>סאן בנדטו</ManufacturerName><ManufactureCountry>ישראל</ManufactureCountry><ManufacturerItemDescription>סן בנדטו מים מינרלים 1.5</ManufacturerItemDescription><SoldByWeight/><Quantity>1500.00</Quantity><UnitOfMeasure>מ"ל</UnitOfMeasure><QtyInPackage>לא ידוע</QtyInPackage><UnitOfMeasurePrice>0.0028</UnitOfMeasurePrice><AllowDiscount>1</AllowDiscount><ItemStatus>1</ItemStatus><ItemPrice>4.20</ItemPrice></item><item><PriceUpdateDate>2015-10-11 18:10:49</PriceUpdateDate><ItemCode>7290005896828</ItemCode><ItemType>1</ItemType><ItemName>מים סאן בנדטו שישייה</ItemName><ManufacturerName>סאן בנדטו</ManufacturerName><ManufactureCountry>ישראל</ManufactureCountry><ManufacturerItemDescription>סן בנדטו1.5 ל 1/6מים מינר</ManufacturerItemDescription><SoldByWeight/><Quantity>9000.00</Quantity><UnitOfMeasure>מ"ל</UnitOfMeasure><QtyInPackage>לא ידוע</QtyInPackage><UnitOfMeasurePrice>0.0022</UnitOfMeasurePrice><AllowDiscount>1</AllowDiscount><ItemStatus>1</ItemStatus><ItemPrice>20.20</ItemPrice></item><item><PriceUpdateDate>2015-10-11 18:10:49</PriceUpdateDate><ItemCode>7290005896835</ItemCode><ItemType>1</ItemType><ItemName>מים סאן בנדטו מוגז ש</ItemName><ManufacturerName>סאן בנדטו</ManufacturerName><ManufactureCountry>איטליה</ManufactureCountry><ManufacturerItemDescription>מי פה ליסטרין טוטל קר750</ManufacturerItemDescription><SoldByWeight/><Quantity>9000.00</Quantity><UnitOfMeasure>מ"ל</UnitOfMeasure><QtyInPackage>לא ידוע</QtyInPackage><UnitOfMeasurePrice>0.0023</UnitOfMeasurePrice><AllowDiscount>1</AllowDiscount><ItemStatus>1</ItemStatus><ItemPrice>20.60</ItemPrice></item><item><PriceUpdateDate>2015-11-12 14:55:26</PriceUpdateDate><ItemCode>7290005896972</ItemCode><ItemType>1</ItemType><ItemName>פפסי מקס שישייה 1.5</ItemName><ManufacturerName>פפסי מקס</ManufacturerName><ManufactureCountry>ישראל</ManufactureCountry><ManufacturerItemDescription>פפסי מקס קולה 1.5 ל</ManufacturerItemDescription><SoldByWeight/><Quantity>9000.00</Quantity><UnitOfMeasure>מ"ל</UnitOfMeasure><QtyInPackage>לא ידוע</QtyInPackage><UnitOfMeasurePrice>0.0040</UnitOfMeasurePrice><AllowDiscount>1</AllowDiscount><ItemStatus>1</ItemStatus><ItemPrice>36.00</ItemPrice></item><item><PriceUpdateDate>2015-12-01 08:41:50</PriceUpdateDate><ItemCode>7290005938245</ItemCode><ItemType>1</ItemType><ItemName>ממרח פסטו קלאסי 220</ItemName><ManufacturerName>פרסקו</ManufacturerName><ManufactureCountry>ישראל</ManufactureCountry><ManufacturerItemDescription>פסטו קלאסי 220 ג</ManufacturerItemDescription><SoldByWeight/><Quantity>220.00</Quantity><UnitOfMeasure>גרם     </UnitOfMeasure><QtyInPackage>לא ידוע</QtyInPackage><UnitOfMeasurePrice>0.0986</UnitOfMeasurePrice><AllowDiscount>1</AllowDiscount><ItemStatus>1</ItemStatus><ItemPrice>21.70</ItemPrice></item><item><PriceUpdateDate>2016-05-02 08:05:50</PriceUpdateDate><ItemCode>7290005966033</ItemCode><ItemType>1</ItemType><ItemName>יין הר חרמון לבן 750</ItemName><ManufacturerName>יקבי רמת הגולן</ManufacturerName><ManufactureCountry>ישראל</ManufactureCountry><ManufacturerItemDescription>יין הר חרמון לבן 750 מל</ManufacturerItemDescription><SoldByWeight/><Quantity>750.00</Quantity><UnitOfMeasure>מ"ל</UnitOfMeasure><QtyInPackage>לא ידוע</QtyInPackage><UnitOfMeasurePrice>0.0439</UnitOfMeasurePrice><AllowDiscount>1</AllowDiscount><ItemStatus>1</ItemStatus><ItemPrice>32.90</ItemPrice></item><item><PriceUpdateDate>2016-05-30 22:04:09</PriceUpdateDate><ItemCode>7290005966088</ItemCode><ItemType>1</ItemType><ItemName>יין הר חרמון אדום 75</ItemName><ManufacturerName>יקבי רמת הגולן</ManufacturerName><ManufactureCountry>ישראל</ManufactureCountry><ManufacturerItemDescription>יין הר חרמון אדום 750 מל</ManufacturerItemDescription><SoldByWeight/><Quantity>750.00</Quantity><UnitOfMeasure>מ"ל</UnitOfMeasure><QtyInPackage>לא ידוע</QtyInPackage><UnitOfMeasurePrice>0.0425</UnitOfMeasurePrice><AllowDiscount>1</AllowDiscount><ItemStatus>1</ItemStatus><ItemPrice>31.90</ItemPrice></item><item><PriceUpdateDate>2015-03-09 08:27:37</PriceUpdateDate><ItemCode>7290005966187</ItemCode><ItemType>1</ItemType><ItemName>יין הר חרמון אדום קט</ItemName><ManufacturerName>יקבי רמת הגולן</ManufacturerName><ManufactureCountry>ישראל</ManufactureCountry><ManufacturerItemDescription>יין הר חרמון אדום קט</ManufacturerItemDescription><SoldByWeight/><Quantity>375.00</Quantity><UnitOfMeasure>מ"ל</UnitOfMeasure><QtyInPackage>לא ידוע</QtyInPackage><UnitOfMeasurePrice>0.0600</UnitOfMeasurePrice><AllowDiscount>1</AllowDiscount><ItemStatus>1</ItemStatus><ItemPrice>22.50</ItemPrice></item><item><PriceUpdateDate>2016-03-01 06:43:27</PriceUpdateDate><ItemCode>7290005966903</ItemCode><ItemType>1</ItemType><ItemName>יין גולן שיאון אדום</ItemName><ManufacturerName>גולן - רמת הגולן</ManufacturerName><ManufactureCountry>ישראל</ManufactureCountry><ManufacturerItemDescription>יין גולן שיאון אדום 750</ManufacturerItemDescription><SoldByWeight/><Quantity>750.00</Quantity><UnitOfMeasure>מ"ל</UnitOfMeasure><QtyInPackage>לא ידוע</QtyInPackage><UnitOfMeasurePrice>0.0583</UnitOfMeasurePrice><AllowDiscount>1</AllowDiscount><ItemStatus>1</ItemStatus><ItemPrice>43.70</ItemPrice></item><item><PriceUpdateDate>2016-06-01 09:22:18</PriceUpdateDate><ItemCode>7290005992575</ItemCode><ItemType>1</ItemType><ItemName>בולגרית למריחה 250 ג</ItemName><ManufacturerName>גד</ManufacturerName><ManufactureCountry>ישראל</ManufactureCountry><ManufacturerItemDescription>גבינה בולגרית למריחה 250</ManufacturerItemDescription><SoldByWeight/><Quantity>250.00</Quantity><UnitOfMeasure>גרם     </UnitOfMeasure><QtyInPackage>לא ידוע</QtyInPackage><UnitOfMeasurePrice>0.0596</UnitOfMeasurePrice><AllowDiscount>1</AllowDiscount><ItemStatus>1</ItemStatus><ItemPrice>14.90</ItemPrice></item><item><PriceUpdateDate>2016-05-31 12:02:28</PriceUpdateDate><ItemCode>7290005992667</ItemCode><ItemType>3</ItemType><ItemName>בולגרית 5% מסורתית ג</ItemName><ManufacturerName>גד</ManufacturerName><ManufactureCountry>ישראל</ManufactureCountry><ManufacturerItemDescription>בולגרית 5% מסורתית ג</ManufacturerItemDescription><SoldByWeight/><Quantity>1.00</Quantity><UnitOfMeasure>ק"ג</UnitOfMeasure><QtyInPackage>לא ידוע</QtyInPackage><UnitOfMeasurePrice>59.0000</UnitOfMeasurePrice><AllowDiscount>1</AllowDiscount><ItemStatus>1</ItemStatus><ItemPrice>59.00</ItemPrice></item><item><PriceUpdateDate>2016-03-01 06:43:28</PriceUpdateDate><ItemCode>7290005992735</ItemCode><ItemType>1</ItemType><ItemName>לאבנה 250 גרם</ItemName><ManufacturerName>גד</ManufacturerName><ManufactureCountry>ישראל</ManufactureCountry><ManufacturerItemDescription>גבינת לאבנה 250 5% גרם</ManufacturerItemDescription><SoldByWeight/><Quantity>250.00</Quantity><UnitOfMeasure>גרם     </UnitOfMeasure><QtyInPackage>לא ידוע</QtyInPackage><UnitOfMeasurePrice>0.0516</UnitOfMeasurePrice><AllowDiscount>0</AllowDiscount><ItemStatus>1</ItemStatus><ItemPrice>12.90</ItemPrice></item><item><PriceUpdateDate>2014-11-03 06:37:36</PriceUpdateDate><ItemCode>7290005992858</ItemCode><ItemType>3</ItemType><ItemName>פטה עיזים 5% מעודנת</ItemName><ManufacturerName>גד</ManufacturerName><ManufactureCountry>ישראל</ManufactureCountry><ManufacturerItemDescription>פטה עיזים 5% מעודנת</ManufacturerItemDescription><SoldByWeight/><Quantity>1.00</Quantity><UnitOfMeasure>ק"ג</UnitOfMeasure><QtyInPackage>לא ידוע</QtyInPackage><UnitOfMeasurePrice>121.0000</UnitOfMeasurePrice><AllowDiscount>1</AllowDiscount><ItemStatus>1</ItemStatus><ItemPrice>121.00</ItemPrice></item><item><PriceUpdateDate>2016-05-31 12:02:28</PriceUpdateDate><ItemCode>7290005992872</ItemCode><ItemType>3</ItemType><ItemName>צפתית 5% במים גד במש</ItemName><ManufacturerName>גד</ManufacturerName><ManufactureCountry>ישראל</ManufactureCountry><ManufacturerItemDescription>צפתית 5% במים גד במש</ManufacturerItemDescription><SoldByWeight/><Quantity>1.00</Quantity><UnitOfMeasure>ק"ג</UnitOfMeasure><QtyInPackage>לא ידוע</QtyInPackage><UnitOfMeasurePrice>69.3000</UnitOfMeasurePrice><AllowDiscount>1</AllowDiscount><ItemStatus>1</ItemStatus><ItemPrice>69.30</ItemPrice></item><item><PriceUpdateDate>2016-05-30 22:04:09</PriceUpdateDate><ItemCode>7290005992889</ItemCode><ItemType>3</ItemType><ItemName>גבינת שמנת שום שמיר</ItemName><ManufacturerName>גד</ManufacturerName><ManufactureCountry>ישראל</ManufactureCountry><ManufacturerItemDescription>גבינת שמנת שום שמיר</ManufacturerItemDescription><SoldByWeight/><Quantity>1.00</Quantity><UnitOfMeasure>ק"ג</UnitOfMeasure><QtyInPackage>לא ידוע</QtyInPackage><UnitOfMeasurePrice>50.0000</UnitOfMeasurePrice><AllowDiscount>1</AllowDiscount><ItemStatus>1</ItemStatus><ItemPrice>50.00</ItemPrice></item><item><PriceUpdateDate>2015-11-12 17:26:03</PriceUpdateDate><ItemCode>7290005992957</ItemCode><ItemType>3</ItemType><ItemName>פטה עיזים 20% מסורתי</ItemName><ManufacturerName>גד</ManufacturerName><ManufactureCountry>ישראל</ManufactureCountry><ManufacturerItemDescription>פטה עיזים 20% מסורתי</ManufacturerItemDescription><SoldByWeight/><Quantity>1.00</Quantity><UnitOfMeasure>ק"ג</UnitOfMeasure><QtyInPackage>לא ידוע</QtyInPackage><UnitOfMeasurePrice>124.0000</UnitOfMeasurePrice><AllowDiscount>1</AllowDiscount><ItemStatus>1</ItemStatus><ItemPrice>124.00</ItemPrice></item><item><PriceUpdateDate>2016-05-30 22:04:09</PriceUpdateDate><ItemCode>7290005992964</ItemCode><ItemType>3</ItemType><ItemName>פטה כבשים 20% מסורתי</ItemName><ManufacturerName>גד</ManufacturerName><ManufactureCountry>ישראל</ManufactureCountry><ManufacturerItemDescription>פטה כבשים 20% מסורתי</ManufacturerItemDescription><SoldByWeight/><Quantity>1.00</Quantity><UnitOfMeasure>ק"ג</UnitOfMeasure><QtyInPackage>לא ידוע</QtyInPackage><UnitOfMeasurePrice>111.0000</UnitOfMeasurePrice><AllowDiscount>1</AllowDiscount><ItemStatus>1</ItemStatus><ItemPrice>111.00</ItemPrice></item><item><PriceUpdateDate>2014-11-03 06:38:21</PriceUpdateDate><ItemCode>7290006185204</ItemCode><ItemType>1</ItemType><ItemName>קרם לחות לשיער יבש ר</ItemName><ManufacturerName>פנינה רוזנבלום</ManufacturerName><ManufactureCountry>ישראל</ManufactureCountry><ManufacturerItemDescription>קרם לחות לשיער יבש ר</ManufacturerItemDescription><SoldByWeight/><Quantity>500.00</Quantity><UnitOfMeasure>מ"ל</UnitOfMeasure><QtyInPackage>לא ידוע</QtyInPackage><UnitOfMeasurePrice>0.0386</UnitOfMeasurePrice><AllowDiscount>1</AllowDiscount><ItemStatus>1</ItemStatus><ItemPrice>19.30</ItemPrice></item><item><PriceUpdateDate>2016-03-01 06:49:18</PriceUpdateDate><ItemCode>7290006199027</ItemCode><ItemType>1</ItemType><ItemName>מב גלידל וניל פטל\תו</ItemName><ManufacturerName>פלדמן</ManufacturerName><ManufactureCountry>ישראל</ManufactureCountry><ManufacturerItemDescription>מב גלידל וניל פטל\תו</ManufacturerItemDescription><SoldByWeight/><Quantity>400.00</Quantity><UnitOfMeasure>גרם     </UnitOfMeasure><QtyInPackage>לא ידוע</QtyInPackage><UnitOfMeasurePrice>0.0697</UnitOfMeasurePrice><AllowDiscount>1</AllowDiscount><ItemStatus>1</ItemStatus><ItemPrice>27.90</ItemPrice></item><item><PriceUpdateDate>2016-03-01 06:49:18</PriceUpdateDate><ItemCode>7290006199218</ItemCode><ItemType>1</ItemType><ItemName>מב גלידל אייס קפה מו</ItemName><ManufacturerName>פלדמן</ManufacturerName><ManufactureCountry>ישראל</ManufactureCountry><ManufacturerItemDescription>מב גלידל אייס קפה מו</ManufacturerItemDescription><SoldByWeight/><Quantity>400.00</Quantity><UnitOfMeasure>גרם     </UnitOfMeasure><QtyInPackage>לא ידוע</QtyInPackage><UnitOfMeasurePrice>0.0697</UnitOfMeasurePrice><AllowDiscount>1</AllowDiscount><ItemStatus>1</ItemStatus><ItemPrice>27.90</ItemPrice></item><item><PriceUpdateDate>2016-03-29 06:36:37</PriceUpdateDate><ItemCode>7290006199942</ItemCode><ItemType>1</ItemType><ItemName>מב גלידל פרי דובדובן</ItemName><ManufacturerName>פלדמן</ManufacturerName><ManufactureCountry>ישראל</ManufactureCountry><ManufacturerItemDescription>מב גלידל פרי דובדובן</ManufacturerItemDescription><SoldByWeight/><Quantity>640.00</Quantity><UnitOfMeasure>גרם     </UnitOfMeasure><QtyInPackage>לא ידוע</QtyInPackage><UnitOfMeasurePrice>0.0373</UnitOfMeasurePrice><AllowDiscount>1</AllowDiscount><ItemStatus>1</ItemStatus><ItemPrice>23.90</ItemPrice></item><item><PriceUpdateDate>2016-03-01 06:49:18</PriceUpdateDate><ItemCode>7290006229069</ItemCode><ItemType>1</ItemType><ItemName>משקה ג'אמפ ענבים 1.5</ItemName><ManufacturerName>גאמפ</ManufacturerName><ManufactureCountry>ישראל</ManufactureCountry><ManufacturerItemDescription>משקה ג'אמפ ענבים 1.5</ManufacturerItemDescription><SoldByWeight/><Quantity>1500.00</Quantity><UnitOfMeasure>מ"ל</UnitOfMeasure><QtyInPackage>לא ידוע</QtyInPackage><UnitOfMeasurePrice>0.0046</UnitOfMeasurePrice><AllowDiscount>1</AllowDiscount><ItemStatus>1</ItemStatus><ItemPrice>6.90</ItemPrice></item><item><PriceUpdateDate>2015-06-30 06:47:35</PriceUpdateDate><ItemCode>7290006229427</ItemCode><ItemType>1</ItemType><ItemName>מב שישיית מים סן בנד</ItemName><ManufacturerName>סאן בנדטו</ManufacturerName><ManufactureCountry>ישראל</ManufactureCountry><ManufacturerItemDescription>סן בנדטו0.5 ל 1/6 מים מינ</ManufacturerItemDescription><SoldByWeight/><Quantity>3000.00</Quantity><UnitOfMeasure>מ"ל</UnitOfMeasure><QtyInPackage>לא ידוע</QtyInPackage><UnitOfMeasurePrice>0.0050</UnitOfMeasurePrice><AllowDiscount>1</AllowDiscount><ItemStatus>1</ItemStatus><ItemPrice>14.90</ItemPrice></item><item><PriceUpdateDate>2015-02-15 08:54:13</PriceUpdateDate><ItemCode>7290006235053</ItemCode><ItemType>1</ItemType><ItemName>זוג סרקל קרם רוזמרין</ItemName><ManufacturerName>סרקל</ManufacturerName><ManufactureCountry>ישראל</ManufactureCountry><ManufacturerItemDescription>זוג סרקל קרם רוזמרין</ManufacturerItemDescription><SoldByWeight/><Quantity>650.00</Quantity><UnitOfMeasure>מ"ל</UnitOfMeasure><QtyInPackage>לא ידוע</QtyInPackage><UnitOfMeasurePrice>0.0537</UnitOfMeasurePrice><AllowDiscount>1</AllowDiscount><ItemStatus>1</ItemStatus><ItemPrice>34.90</ItemPrice></item><item><PriceUpdateDate>2016-04-01 11:49:36</PriceUpdateDate><ItemCode>7290006241085</ItemCode><ItemType>1</ItemType><ItemName>מב מיץ פריגת סחוט קל</ItemName><ManufacturerName>פריגת</ManufacturerName><ManufactureCountry>ישראל</ManufactureCountry><ManufacturerItemDescription>מב מיץ פריגת סחוט קל</ManufacturerItemDescription><SoldByWeight/><Quantity>2000.00</Quantity><UnitOfMeasure>מ"ל</UnitOfMeasure><QtyInPackage>לא ידוע</QtyInPackage><UnitOfMeasurePrice>0.0109</UnitOfMeasurePrice><AllowDiscount>1</AllowDiscount><ItemStatus>1</ItemStatus><ItemPrice>21.90</ItemPrice></item><item><PriceUpdateDate>2015-12-01 08:41:50</PriceUpdateDate><ItemCode>7290006241153</ItemCode><ItemType>1</ItemType><ItemName>גת פקאן סיני בשקית 1</ItemName><ManufacturerName>ליימן חטיבת המותגים</ManufacturerName><ManufactureCountry>ישראל</ManufactureCountry><ManufacturerItemDescription>גת פקאן סיני בשקית 1</ManufacturerItemDescription><SoldByWeight/><Quantity>150.00</Quantity><UnitOfMeasure>גרם     </UnitOfMeasure><QtyInPackage>לא ידוע</QtyInPackage><UnitOfMeasurePrice>0.1827</UnitOfMeasurePrice><AllowDiscount>1</AllowDiscount><ItemStatus>1</ItemStatus><ItemPrice>27.40</ItemPrice></item><item><PriceUpdateDate>2016-05-01 21:46:52</PriceUpdateDate><ItemCode>7290006241191</ItemCode><ItemType>1</ItemType><ItemName>גת אגוזי מלך שקית 15</ItemName><ManufacturerName>ליימן חטיבת המותגים</ManufacturerName><ManufactureCountry>ישראל</ManufactureCountry><ManufacturerItemDescription>גת אגוזי מלך שקית 15</ManufacturerItemDescription><SoldByWeight/><Quantity>150.00</Quantity><UnitOfMeasure>גרם     </UnitOfMeasure><QtyInPackage>לא ידוע</QtyInPackage><UnitOfMeasurePrice>0.1440</UnitOfMeasurePrice><AllowDiscount>1</AllowDiscount><ItemStatus>1</ItemStatus><ItemPrice>21.60</ItemPrice></item><item><PriceUpdateDate>2016-05-30 22:04:09</PriceUpdateDate><ItemCode>7290006241214</ItemCode><ItemType>1</ItemType><ItemName>מב שקד טבעי שקית 200</ItemName><ManufacturerName>ליימן חטיבת המותגים</ManufacturerName><ManufactureCountry>ישראל</ManufactureCountry><ManufacturerItemDescription>שקד טבעי 200 גרם</ManufacturerItemDescription><SoldByWeight/><Quantity>200.00</Quantity><UnitOfMeasure>גרם     </UnitOfMeasure><QtyInPackage>לא ידוע</QtyInPackage><UnitOfMeasurePrice>0.0845</UnitOfMeasurePrice><AllowDiscount>1</AllowDiscount><ItemStatus>1</ItemStatus><ItemPrice>16.90</ItemPrice></item><item><PriceUpdateDate>2015-10-20 16:55:39</PriceUpdateDate><ItemCode>7290006241504</ItemCode><ItemType>1</ItemType><ItemName>פריגת קפוא תפוזים 34</ItemName><ManufacturerName>פריגת קפוא</ManufacturerName><ManufactureCountry>ישראל</ManufactureCountry><ManufacturerItemDescription>פריגת תפוזים קפוא 340 מל</ManufacturerItemDescription><SoldByWeight/><Quantity>340.00</Quantity><UnitOfMeasure>מ"ל</UnitOfMeasure><QtyInPackage>לא ידוע</QtyInPackage><UnitOfMeasurePrice>0.0379</UnitOfMeasurePrice><AllowDiscount>1</AllowDiscount><ItemStatus>1</ItemStatus><ItemPrice>12.90</ItemPrice></item><item><PriceUpdateDate>2015-10-20 16:55:39</PriceUpdateDate><ItemCode>7290006241511</ItemCode><ItemType>1</ItemType><ItemName>פריגת קפוא לימון נענ</ItemName><ManufacturerName>פריגת קפוא</ManufacturerName><ManufactureCountry>ישראל</ManufactureCountry><ManufacturerItemDescription>פריגת קפוא לימון נענ</ManufacturerItemDescription><SoldByWeight/><Quantity>340.00</Quantity><UnitOfMeasure>מ"ל</UnitOfMeasure><QtyInPackage>לא ידוע</QtyInPackage><UnitOfMeasurePrice>0.0379</UnitOfMeasurePrice><AllowDiscount>1</AllowDiscount><ItemStatus>1</ItemStatus><ItemPrice>12.90</ItemPrice></item><item><PriceUpdateDate>2015-11-16 11:40:32</PriceUpdateDate><ItemCode>7290006251107</ItemCode><ItemType>1</ItemType><ItemName>מסאלה צ'אי</ItemName><ManufacturerName>ויסוצקי</ManufacturerName><ManufactureCountry>ישראל</ManufactureCountry><ManufacturerItemDescription>תה מסאלה צאי 2/25 גר</ManufacturerItemDescription><SoldByWeight/><Quantity>50.00</Quantity><UnitOfMeasure>גרם     </UnitOfMeasure><QtyInPackage>לא ידוע</QtyInPackage><UnitOfMeasurePrice>0.4100</UnitOfMeasurePrice><AllowDiscount>1</AllowDiscount><ItemStatus>1</ItemStatus><ItemPrice>20.50</ItemPrice></item><item><PriceUpdateDate>2016-05-01 21:46:52</PriceUpdateDate><ItemCode>7290006251275</ItemCode><ItemType>1</ItemType><ItemName>תה ירוק סיני 25 יח'</ItemName><ManufacturerName>ויסוצקי</ManufacturerName><ManufactureCountry>ישראל</ManufactureCountry><ManufacturerItemDescription>תה ירוק סיני 1.5/25 גר</ManufacturerItemDescription><SoldByWeight/><Quantity>38.00</Quantity><UnitOfMeasure>גרם     </UnitOfMeasure><QtyInPackage>לא ידוע</QtyInPackage><UnitOfMeasurePrice>0.6553</UnitOfMeasurePrice><AllowDiscount>1</AllowDiscount><ItemStatus>1</ItemStatus><ItemPrice>24.90</ItemPrice></item><item><PriceUpdateDate>2015-10-20 16:48:16</PriceUpdateDate><ItemCode>7290006251589</ItemCode><ItemType>1</ItemType><ItemName>תה ירוק נענע 50 יחיד</ItemName><ManufacturerName>ויסוצקי</ManufacturerName><ManufactureCountry>ישראל</ManufactureCountry><ManufacturerItemDescription>תה ירוק נענע 50 יחיד</ManufacturerItemDescription><SoldByWeight/><Quantity>50.00</Quantity><UnitOfMeasure>יח'</UnitOfMeasure><QtyInPackage>לא ידוע</QtyInPackage><UnitOfMeasurePrice>0.9360</UnitOfMeasurePrice><AllowDiscount>1</AllowDiscount><ItemStatus>1</ItemStatus><ItemPrice>46.80</ItemPrice></item><item><PriceUpdateDate>2016-05-30 22:04:10</PriceUpdateDate><ItemCode>7290006267191</ItemCode><ItemType>1</ItemType><ItemName>מב יין תבור אדמה קבר</ItemName><ManufacturerName>לא ממותג</ManufacturerName><ManufactureCountry>ישראל</ManufactureCountry><ManufacturerItemDescription>יין אדמה קברנה סובניון</ManufacturerItemDescription><SoldByWeight/><Quantity>750.00</Quantity><UnitOfMeasure>גרם     </UnitOfMeasure><QtyInPackage>לא ידוע</QtyInPackage><UnitOfMeasurePrice>0.0732</UnitOfMeasurePrice><AllowDiscount>1</AllowDiscount><ItemStatus>1</ItemStatus><ItemPrice>54.90</ItemPrice></item><item><PriceUpdateDate>2016-02-02 06:51:14</PriceUpdateDate><ItemCode>7290006271174</ItemCode><ItemType>1</ItemType><ItemName>ג'חנון בצק 700 גרם</ItemName><ManufacturerName>מעדנות</ManufacturerName><ManufactureCountry>ישראל</ManufactureCountry><ManufacturerItemDescription>גחנון בצק 700 גרם</ManufacturerItemDescription><SoldByWeight/><Quantity>700.00</Quantity><UnitOfMeasure>גרם     </UnitOfMeasure><QtyInPackage>לא ידוע</QtyInPackage><UnitOfMeasurePrice>0.0290</UnitOfMeasurePrice><AllowDiscount>1</AllowDiscount><ItemStatus>1</ItemStatus><ItemPrice>20.30</ItemPrice></item><item><PriceUpdateDate>2016-05-30 22:04:10</PriceUpdateDate><ItemCode>7290006271181</ItemCode><ItemType>1</ItemType><ItemName>ג'חנון אפוי 750 גרם</ItemName><ManufacturerName>מעדנות</ManufacturerName><ManufactureCountry>ישראל</ManufactureCountry><ManufacturerItemDescription>גחנון אפוי 750 גרם</ManufacturerItemDescription><SoldByWeight/><Quantity>750.00</Quantity><UnitOfMeasure>גרם     </UnitOfMeasure><QtyInPackage>לא ידוע</QtyInPackage><UnitOfMeasurePrice>0.0369</UnitOfMeasurePrice><AllowDiscount>1</AllowDiscount><ItemStatus>1</ItemStatus><ItemPrice>27.70</ItemPrice></item><item><PriceUpdateDate>2016-05-30 22:04:10</PriceUpdateDate><ItemCode>7290006271761</ItemCode><ItemType>1</ItemType><ItemName>מיני ג'חנון אפוי 600</ItemName><ManufacturerName>מעדנות</ManufacturerName><ManufactureCountry>ישראל</ManufactureCountry><ManufacturerItemDescription>גחנון אפוי מיני 600 גרם</ManufacturerItemDescription><SoldByWeight/><Quantity>600.00</Quantity><UnitOfMeasure>גרם     </UnitOfMeasure><QtyInPackage>לא ידוע</QtyInPackage><UnitOfMeasurePrice>0.0422</UnitOfMeasurePrice><AllowDiscount>1</AllowDiscount><ItemStatus>1</ItemStatus><ItemPrice>25.30</ItemPrice></item><item><PriceUpdateDate>2016-05-30 22:04:10</PriceUpdateDate><ItemCode>7290006272430</ItemCode><ItemType>1</ItemType><ItemName>מב בצק עלים 600 גרם</ItemName><ManufacturerName>לא ממותג</ManufacturerName><ManufactureCountry>ישראל</ManufactureCountry><ManufacturerItemDescription>בצק עלים חמאה 600 גרם</ManufacturerItemDescription><SoldByWeight/><Quantity>600.00</Quantity><UnitOfMeasure>גרם     </UnitOfMeasure><QtyInPackage>לא ידוע</QtyInPackage><UnitOfMeasurePrice>0.0265</UnitOfMeasurePrice><AllowDiscount>1</AllowDiscount><ItemStatus>1</ItemStatus><ItemPrice>15.90</ItemPrice></item><item><PriceUpdateDate>2016-05-30 22:04:10</PriceUpdateDate><ItemCode>7290006273284</ItemCode><ItemType>1</ItemType><ItemName>מב עוגת שמרים בטעם א</ItemName><ManufacturerName>לחמי</ManufacturerName><ManufactureCountry>ישראל</ManufactureCountry><ManufacturerItemDescription>מאפה שמרים-אספרסו ושוקולד</ManufacturerItemDescription><SoldByWeight/><Quantity>450.00</Quantity><UnitOfMeasure>גרם     </UnitOfMeasure><QtyInPackage>לא ידוע</QtyInPackage><UnitOfMeasurePrice>0.0331</UnitOfMeasurePrice><AllowDiscount>1</AllowDiscount><ItemStatus>1</ItemStatus><ItemPrice>14.90</ItemPrice></item><item><PriceUpdateDate>2016-05-30 22:04:10</PriceUpdateDate><ItemCode>7290006306012</ItemCode><ItemType>1</ItemType><ItemName>מב רביולי במילוי חצי</ItemName><ManufacturerName>פסטה נונה</ManufacturerName><ManufactureCountry>ישראל</ManufactureCountry><ManufacturerItemDescription>רביולי במילוי תרד וריקוטה</ManufacturerItemDescription><SoldByWeight/><Quantity>400.00</Quantity><UnitOfMeasure>גרם     </UnitOfMeasure><QtyInPackage>לא ידוע</QtyInPackage><UnitOfMeasurePrice>0.0497</UnitOfMeasurePrice><AllowDiscount>1</AllowDiscount><ItemStatus>1</ItemStatus><ItemPrice>19.90</ItemPrice></item><item><PriceUpdateDate>2016-05-30 22:04:10</PriceUpdateDate><ItemCode>7290006306029</ItemCode><ItemType>1</ItemType><ItemName>מב רביולי במילוי  סל</ItemName><ManufacturerName>פסטה נונה</ManufacturerName><ManufactureCountry>ישראל</ManufactureCountry><ManufacturerItemDescription>רביולי במילוי תרד וריקוטה</ManufacturerItemDescription><SoldByWeight/><Quantity>400.00</Quantity><UnitOfMeasure>גרם     </UnitOfMeasure><QtyInPackage>לא ידוע</QtyInPackage><UnitOfMeasurePrice>0.0497</UnitOfMeasurePrice><AllowDiscount>1</AllowDiscount><ItemStatus>1</ItemStatus><ItemPrice>19.90</ItemPrice></item><item><PriceUpdateDate>2016-06-13 13:03:32</PriceUpdateDate><ItemCode>7290006306159</ItemCode><ItemType>1</ItemType><ItemName>לזניה 4 גבינות 500 ג</ItemName><ManufacturerName>פסטה נונה</ManufacturerName><ManufactureCountry>ישראל</ManufactureCountry><ManufacturerItemDescription>לזניה 4 גבינות 500 גרם</ManufacturerItemDescription><SoldByWeight/><Quantity>500.00</Quantity><UnitOfMeasure>גרם     </UnitOfMeasure><QtyInPackage>לא ידוע</QtyInPackage><UnitOfMeasurePrice>0.0738</UnitOfMeasurePrice><AllowDiscount>1</AllowDiscount><ItemStatus>1</ItemStatus><ItemPrice>36.90</ItemPrice></item><item><PriceUpdateDate>2016-06-13 13:03:32</PriceUpdateDate><ItemCode>7290006306296</ItemCode><ItemType>1</ItemType><ItemName>רביולי גבינה לילדים</ItemName><ManufacturerName>פסטה נונה</ManufacturerName><ManufactureCountry>ישראל</ManufactureCountry><ManufacturerItemDescription>רביולי גבינה לילדים</ManufacturerItemDescription><SoldByWeight/><Quantity>400.00</Quantity><UnitOfMeasure>גרם     </UnitOfMeasure><QtyInPackage>לא ידוע</QtyInPackage><UnitOfMeasurePrice>0.0622</UnitOfMeasurePrice><AllowDiscount>1</AllowDiscount><ItemStatus>1</ItemStatus><ItemPrice>24.90</ItemPrice></item><item><PriceUpdateDate>2016-06-13 13:03:32</PriceUpdateDate><ItemCode>7290006306302</ItemCode><ItemType>1</ItemType><ItemName>רביולי פרמזן ריקוטה</ItemName><ManufacturerName>פסטה נונה</ManufacturerName><ManufactureCountry>ישראל</ManufactureCountry><ManufacturerItemDescription>רביולי במילוי פרמזן 400 ג</ManufacturerItemDescription><SoldByWeight/><Quantity>400.00</Quantity><UnitOfMeasure>גרם     </UnitOfMeasure><QtyInPackage>לא ידוע</QtyInPackage><UnitOfMeasurePrice>0.0622</UnitOfMeasurePrice><AllowDiscount>1</AllowDiscount><ItemStatus>1</ItemStatus><ItemPrice>24.90</ItemPrice></item><item><PriceUpdateDate>2016-06-13 13:03:32</PriceUpdateDate><ItemCode>7290006306319</ItemCode><ItemType>1</ItemType><ItemName>רביולי בטטה 400 גרם</ItemName><ManufacturerName>פסטה נונה</ManufacturerName><ManufactureCountry>ישראל</ManufactureCountry><ManufacturerItemDescription>רביולי במילוי בטטה 400 גר</ManufacturerItemDescription><SoldByWeight/><Quantity>400.00</Quantity><UnitOfMeasure>גרם     </UnitOfMeasure><QtyInPackage>לא ידוע</QtyInPackage><UnitOfMeasurePrice>0.0622</UnitOfMeasurePrice><AllowDiscount>1</AllowDiscount><ItemStatus>1</ItemStatus><ItemPrice>24.90</ItemPrice></item><item><PriceUpdateDate>2016-06-13 13:03:32</PriceUpdateDate><ItemCode>7290006306326</ItemCode><ItemType>1</ItemType><ItemName>רביולי פטריות 400 גר</ItemName><ManufacturerName>פסטה נונה</ManufacturerName><ManufactureCountry>ישראל</ManufactureCountry><ManufacturerItemDescription>רביולי פטריות ופרמזן 400</ManufacturerItemDescription><SoldByWeight/><Quantity>400.00</Quantity><UnitOfMeasure>גרם     </UnitOfMeasure><QtyInPackage>לא ידוע</QtyInPackage><UnitOfMeasurePrice>0.0622</UnitOfMeasurePrice><AllowDiscount>1</AllowDiscount><ItemStatus>1</ItemStatus><ItemPrice>24.90</ItemPrice></item><item><PriceUpdateDate>2016-06-13 13:03:32</PriceUpdateDate><ItemCode>7290006306333</ItemCode><ItemType>1</ItemType><ItemName>רביולי תרד 400 גרם</ItemName><ManufacturerName>פסטה נונה</ManufacturerName><ManufactureCountry>ישראל</ManufactureCountry><ManufacturerItemDescription>רביולי במילוי תרד וריקוטה</ManufacturerItemDescription><SoldByWeight/><Quantity>400.00</Quantity><UnitOfMeasure>גרם     </UnitOfMeasure><QtyInPackage>לא ידוע</QtyInPackage><UnitOfMeasurePrice>0.0622</UnitOfMeasurePrice><AllowDiscount>1</AllowDiscount><ItemStatus>1</ItemStatus><ItemPrice>24.90</ItemPrice></item><item><PriceUpdateDate>2016-06-13 13:03:32</PriceUpdateDate><ItemCode>7290006306357</ItemCode><ItemType>1</ItemType><ItemName>רביולי גבינת עיזים 4</ItemName><ManufacturerName>פסטה נונה</ManufacturerName><ManufactureCountry>ישראל</ManufactureCountry><ManufacturerItemDescription>רביולי גבינת עיזים 400 גר</ManufacturerItemDescription><SoldByWeight/><Quantity>400.00</Quantity><UnitOfMeasure>גרם     </UnitOfMeasure><QtyInPackage>לא ידוע</QtyInPackage><UnitOfMeasurePrice>0.0725</UnitOfMeasurePrice><AllowDiscount>1</AllowDiscount><ItemStatus>1</ItemStatus><ItemPrice>29.00</ItemPrice></item><item><PriceUpdateDate>2016-03-08 09:12:16</PriceUpdateDate><ItemCode>7290006322104</ItemCode><ItemType>1</ItemType><ItemName>לחם ריחיים קל פרוס 5</ItemName><ManufacturerName>מאפית אלומות</ManufacturerName><ManufactureCountry>ישראל</ManufactureCountry><ManufacturerItemDescription>לחם ריחיים קל פרוס 5</ManufacturerItemDescription><SoldByWeight/><Quantity>500.00</Quantity><UnitOfMeasure>גרם     </UnitOfMeasure><QtyInPackage>לא ידוע</QtyInPackage><UnitOfMeasurePrice>0.0298</UnitOfMeasurePrice><AllowDiscount>1</AllowDiscount><ItemStatus>1</ItemStatus><ItemPrice>14.90</ItemPrice></item><item><PriceUpdateDate>2016-05-30 22:04:12</PriceUpdateDate><ItemCode>7290006322111</ItemCode><ItemType>1</ItemType><ItemName>שישיית לחמניות ריחיי</ItemName><ManufacturerName>מאפית אלומות</ManufacturerName><ManufactureCountry>ישראל</ManufactureCountry><ManufacturerItemDescription>שישיית לחמניות ריחיי</ManufacturerItemDescription><SoldByWeight/><Quantity>450.00</Quantity><UnitOfMeasure>גרם     </UnitOfMeasure><QtyInPackage>לא ידוע</QtyInPackage><UnitOfMeasurePrice>0.0287</UnitOfMeasurePrice><AllowDiscount>1</AllowDiscount><ItemStatus>1</ItemStatus><ItemPrice>12.90</ItemPrice></item><item><PriceUpdateDate>2016-03-01 06:43:28</PriceUpdateDate><ItemCode>7290006322166</ItemCode><ItemType>1</ItemType><ItemName>שישיית לחמניות ארוזו</ItemName><ManufacturerName>מאפית דוידוביץ</ManufacturerName><ManufactureCountry>ישראל</ManufactureCountry><ManufacturerItemDescription>שישיית לחמניות ארוזו</ManufacturerItemDescription><SoldByWeight/><Quantity>450.00</Quantity><UnitOfMeasure>גרם     </UnitOfMeasure><QtyInPackage>לא ידוע</QtyInPackage><UnitOfMeasurePrice>0.0240</UnitOfMeasurePrice><AllowDiscount>1</AllowDiscount><ItemStatus>1</ItemStatus><ItemPrice>10.80</ItemPrice></item><item><PriceUpdateDate>2016-01-05 08:49:27</PriceUpdateDate><ItemCode>7290006322487</ItemCode><ItemType>1</ItemType><ItemName>לחם קוביות קמח מלא 7</ItemName><ManufacturerName>מאפית דוידוביץ</ManufacturerName><ManufactureCountry>ישראל</ManufactureCountry><ManufacturerItemDescription>לחם קוביות קמח מלא 7</ManufacturerItemDescription><SoldByWeight/><Quantity>750.00</Quantity><UnitOfMeasure>גרם     </UnitOfMeasure><QtyInPackage>לא ידוע</QtyInPackage><UnitOfMeasurePrice>0.0212</UnitOfMeasurePrice><AllowDiscount>1</AllowDiscount><ItemStatus>1</ItemStatus><ItemPrice>15.90</ItemPrice></item><item><PriceUpdateDate>2016-05-30 22:04:12</PriceUpdateDate><ItemCode>7290006362209</ItemCode><ItemType>1</ItemType><ItemName>מב דרך ארץ קברנה סוב</ItemName><ManufacturerName>לא ממותג</ManufacturerName><ManufactureCountry>לא ידוע</ManufactureCountry><ManufacturerItemDescription>מב דרך ארץ קברנה סוב</ManufacturerItemDescription><SoldByWeight/><Quantity>750.00</Quantity><UnitOfMeasure>מ"ל</UnitOfMeasure><QtyInPackage>לא ידוע</QtyInPackage><UnitOfMeasurePrice>0.0332</UnitOfMeasurePrice><AllowDiscount>1</AllowDiscount><ItemStatus>1</ItemStatus><ItemPrice>24.90</ItemPrice></item><item><PriceUpdateDate>2014-11-03 06:36:39</PriceUpdateDate><ItemCode>7290006374615</ItemCode><ItemType>1</ItemType><ItemName>דבש מזון מלכות מרוכז</ItemName><ManufacturerName>יד מרדכי</ManufacturerName><ManufactureCountry>ישראל</ManufactureCountry><ManufacturerItemDescription>דבש מזון מלכות מרוכז</ManufacturerItemDescription><SoldByWeight/><Quantity>340.00</Quantity><UnitOfMeasure>גרם     </UnitOfMeasure><QtyInPackage>לא ידוע</QtyInPackage><UnitOfMeasurePrice>0.1424</UnitOfMeasurePrice><AllowDiscount>1</AllowDiscount><ItemStatus>1</ItemStatus><ItemPrice>48.40</ItemPrice></item><item><PriceUpdateDate>2015-12-24 09:22:23</PriceUpdateDate><ItemCode>7290006374653</ItemCode><ItemType>1</ItemType><ItemName>דבש לייט 350 גרם</ItemName><ManufacturerName>יד מרדכי</ManufacturerName><ManufactureCountry>ישראל</ManufactureCountry><ManufacturerItemDescription>דבש לייט 350 גרם</ManufacturerItemDescription><SoldByWeight/><Quantity>350.00</Quantity><UnitOfMeasure>גרם     </UnitOfMeasure><QtyInPackage>לא ידוע</QtyInPackage><UnitOfMeasurePrice>0.0826</UnitOfMeasurePrice><AllowDiscount>1</AllowDiscount><ItemStatus>1</ItemStatus><ItemPrice>28.90</ItemPrice></item><item><PriceUpdateDate>2016-05-17 09:15:33</PriceUpdateDate><ItemCode>7290006374738</ItemCode><ItemType>1</ItemType><ItemName>קונפיטורת 340 גרם תו</ItemName><ManufacturerName>לא ממותג</ManufacturerName><ManufactureCountry>ישראל</ManufactureCountry><ManufacturerItemDescription>קונפיטורת תות 340 גרם</ManufacturerItemDescription><SoldByWeight/><Quantity>340.00</Quantity><UnitOfMeasure>גרם     </UnitOfMeasure><QtyInPackage>לא ידוע</QtyInPackage><UnitOfMeasurePrice>0.0438</UnitOfMeasurePrice><AllowDiscount>1</AllowDiscount><ItemStatus>1</ItemStatus><ItemPrice>14.90</ItemPrice></item><item><PriceUpdateDate>2016-05-30 22:04:12</PriceUpdateDate><ItemCode>7290006378453</ItemCode><ItemType>1</ItemType><ItemName>ניילון נצמד 30 מטר ז</ItemName><ManufacturerName>"המותג"</ManufacturerName><ManufactureCountry>ישראל</ManufactureCountry><ManufacturerItemDescription>ניילון נצמד 30 מטר ז</ManufacturerItemDescription><SoldByWeight/><Quantity>30.00</Quantity><UnitOfMeasure>מטר</UnitOfMeasure><QtyInPackage>לא ידוע</QtyInPackage><UnitOfMeasurePrice>0.3300</UnitOfMeasurePrice><AllowDiscount>1</AllowDiscount><ItemStatus>1</ItemStatus><ItemPrice>9.90</ItemPrice></item><item><PriceUpdateDate>2015-11-12 17:55:32</PriceUpdateDate><ItemCode>7290006459497</ItemCode><ItemType>1</ItemType><ItemName>פחם גריל פרימיום 2 ק</ItemName><ManufacturerName>לא ממותג</ManufacturerName><ManufactureCountry>ישראל</ManufactureCountry><ManufacturerItemDescription>פחם דרום אפריקאי 2 קג</ManufacturerItemDescription><SoldByWeight/><Quantity>2000.00</Quantity><UnitOfMeasure>גרם     </UnitOfMeasure><QtyInPackage>לא ידוע</QtyInPackage><UnitOfMeasurePrice>0.0148</UnitOfMeasurePrice><AllowDiscount>1</AllowDiscount><ItemStatus>1</ItemStatus><ItemPrice>29.50</ItemPrice></item><item><PriceUpdateDate>2016-02-02 06:51:15</PriceUpdateDate><ItemCode>7290006492432</ItemCode><ItemType>1</ItemType><ItemName>גבינה בייבי 150 גרם</ItemName><ManufacturerName>גד</ManufacturerName><ManufactureCountry>ישראל</ManufactureCountry><ManufacturerItemDescription>גבינה מוצרלה בייבי 150 גר</ManufacturerItemDescription><SoldByWeight/><Quantity>150.00</Quantity><UnitOfMeasure>גרם     </UnitOfMeasure><QtyInPackage>לא ידוע</QtyInPackage><UnitOfMeasurePrice>0.1100</UnitOfMeasurePrice><AllowDiscount>1</AllowDiscount><ItemStatus>1</ItemStatus><ItemPrice>16.50</ItemPrice></item><item><PriceUpdateDate>2015-11-12 17:26:03</PriceUpdateDate><ItemCode>7290006492616</ItemCode><ItemType>1</ItemType><ItemName>גבינה בולגרית בפרוסו</ItemName><ManufacturerName>גד</ManufacturerName><ManufactureCountry>ישראל</ManufactureCountry><ManufacturerItemDescription>גבינה בולגרית בפרוסות</ManufacturerItemDescription><SoldByWeight/><Quantity>250.00</Quantity><UnitOfMeasure>גרם     </UnitOfMeasure><QtyInPackage>לא ידוע</QtyInPackage><UnitOfMeasurePrice>0.1196</UnitOfMeasurePrice><AllowDiscount>1</AllowDiscount><ItemStatus>1</ItemStatus><ItemPrice>29.90</ItemPrice></item><item><PriceUpdateDate>2015-11-12 17:26:03</PriceUpdateDate><ItemCode>7290006492685</ItemCode><ItemType>1</ItemType><ItemName>לבנה עיזים 5% שומן 2</ItemName><ManufacturerName>גד</ManufacturerName><ManufactureCountry>ישראל</ManufactureCountry><ManufacturerItemDescription>לבנה עיזים 250 5% גרם</ManufacturerItemDescription><SoldByWeight/><Quantity>250.00</Quantity><UnitOfMeasure>גרם     </UnitOfMeasure><QtyInPackage>לא ידוע</QtyInPackage><UnitOfMeasurePrice>0.0784</UnitOfMeasurePrice><AllowDiscount>1</AllowDiscount><ItemStatus>1</ItemStatus><ItemPrice>19.60</ItemPrice></item><item><PriceUpdateDate>2015-11-12 17:26:03</PriceUpdateDate><ItemCode>7290006492852</ItemCode><ItemType>1</ItemType><ItemName>גבינה לבנה עיזים 250</ItemName><ManufacturerName>גד</ManufacturerName><ManufactureCountry>ישראל</ManufactureCountry><ManufacturerItemDescription>גבינה לבנה עיזים 250 5%גר</ManufacturerItemDescription><SoldByWeight/><Quantity>250.00</Quantity><UnitOfMeasure>גרם     </UnitOfMeasure><QtyInPackage>לא ידוע</QtyInPackage><UnitOfMeasurePrice>0.0816</UnitOfMeasurePrice><AllowDiscount>1</AllowDiscount><ItemStatus>1</ItemStatus><ItemPrice>20.40</ItemPrice></item><item><PriceUpdateDate>2015-11-12 17:28:18</PriceUpdateDate><ItemCode>7290006494597</ItemCode><ItemType>1</ItemType><ItemName>תרכיז מרמולייט תפוחי</ItemName><ManufacturerName>מרמולייט</ManufacturerName><ManufactureCountry>ישראל</ManufactureCountry><ManufacturerItemDescription>תרכיז מרמולייט תפוחי</ManufacturerItemDescription><SoldByWeight/><Quantity>1000.00</Quantity><UnitOfMeasure>מ"ל</UnitOfMeasure><QtyInPackage>לא ידוע</QtyInPackage><UnitOfMeasurePrice>0.0132</UnitOfMeasurePrice><AllowDiscount>1</AllowDiscount><ItemStatus>1</ItemStatus><ItemPrice>13.20</ItemPrice></item><item><PriceUpdateDate>2014-11-03 06:38:38</PriceUpdateDate><ItemCode>7290006494801</ItemCode><ItemType>1</ItemType><ItemName>מרמולייט ג'לי תות שד</ItemName><ManufacturerName>מרמולייט</ManufacturerName><ManufactureCountry>ישראל</ManufactureCountry><ManufacturerItemDescription>מרמולייט ג'לי תות שד</ManufacturerItemDescription><SoldByWeight/><Quantity>25.00</Quantity><UnitOfMeasure>גרם     </UnitOfMeasure><QtyInPackage>לא ידוע</QtyInPackage><UnitOfMeasurePrice>0.3080</UnitOfMeasurePrice><AllowDiscount>1</AllowDiscount><ItemStatus>1</ItemStatus><ItemPrice>7.70</ItemPrice></item><item><PriceUpdateDate>2014-11-03 06:38:38</PriceUpdateDate><ItemCode>7290006494917</ItemCode><ItemType>1</ItemType><ItemName>וופל מרמולייט טעם שו</ItemName><ManufacturerName>מרמולייט</ManufacturerName><ManufactureCountry>ישראל</ManufactureCountry><ManufacturerItemDescription>וופל מרמולייט טעם שו</ManufacturerItemDescription><SoldByWeight/><Quantity>180.00</Quantity><UnitOfMeasure>גרם     </UnitOfMeasure><QtyInPackage>לא ידוע</QtyInPackage><UnitOfMeasurePrice>0.0628</UnitOfMeasurePrice><AllowDiscount>1</AllowDiscount><ItemStatus>1</ItemStatus><ItemPrice>11.30</ItemPrice></item><item><PriceUpdateDate>2014-11-03 06:38:12</PriceUpdateDate><ItemCode>7290006498052</ItemCode><ItemType>1</ItemType><ItemName>דנונה יוגורט טבעי3%</ItemName><ManufacturerName>דנונה מהדרין</ManufacturerName><ManufactureCountry>ישראל</ManufactureCountry><ManufacturerItemDescription>דנונה יוגורט טבעי3%</ManufacturerItemDescription><SoldByWeight/><Quantity>150.00</Quantity><UnitOfMeasure>גרם     </UnitOfMeasure><QtyInPackage>לא ידוע</QtyInPackage><UnitOfMeasurePrice>0.0187</UnitOfMeasurePrice><AllowDiscount>1</AllowDiscount><ItemStatus>1</ItemStatus><ItemPrice>2.80</ItemPrice></item><item><PriceUpdateDate>2016-05-30 22:04:12</PriceUpdateDate><ItemCode>7290006511157</ItemCode><ItemType>1</ItemType><ItemName>פטריות שלמות 400 גרם</ItemName><ManufacturerName>וילדה</ManufacturerName><ManufactureCountry>ישראל</ManufactureCountry><ManufacturerItemDescription>פטריות שלמות 400 גרם בדצ</ManufacturerItemDescription><SoldByWeight/><Quantity>230.00</Quantity><UnitOfMeasure>גרם     </UnitOfMeasure><QtyInPackage>לא ידוע</QtyInPackage><UnitOfMeasurePrice>0.0413</UnitOfMeasurePrice><AllowDiscount>1</AllowDiscount><ItemStatus>1</ItemStatus><ItemPrice>9.50</ItemPrice></item><item><PriceUpdateDate>2015-10-22 16:03:27</PriceUpdateDate><ItemCode>7290006511225</ItemCode><ItemType>1</ItemType><ItemName>פטריות שמפניון חתוך</ItemName><ManufacturerName>וילי פוד</ManufacturerName><ManufactureCountry>ישראל</ManufactureCountry><ManufacturerItemDescription>פטריות שמפניון חתוך</ManufacturerItemDescription><SoldByWeight/><Quantity>290.00</Quantity><UnitOfMeasure>גרם     </UnitOfMeasure><QtyInPackage>לא ידוע</QtyInPackage><UnitOfMeasurePrice>0.0138</UnitOfMeasurePrice><AllowDiscount>1</AllowDiscount><ItemStatus>1</ItemStatus><ItemPrice>4.00</ItemPrice></item><item><PriceUpdateDate>2015-11-12 17:22:51</PriceUpdateDate><ItemCode>7290006546302</ItemCode><ItemType>1</ItemType><ItemName>צ'יפס קייטרינג 1.5 ק</ItemName><ManufacturerName>פרי הגליל</ManufacturerName><ManufactureCountry>ישראל</ManufactureCountry><ManufacturerItemDescription>צ'יפס קייטרינג 1.5 ק</ManufacturerItemDescription><SoldByWeight/><Quantity>1500.00</Quantity><UnitOfMeasure>גרם     </UnitOfMeasure><QtyInPackage>לא ידוע</QtyInPackage><UnitOfMeasurePrice>0.0135</UnitOfMeasurePrice><AllowDiscount>1</AllowDiscount><ItemStatus>1</ItemStatus><ItemPrice>20.30</ItemPrice></item><item><PriceUpdateDate>2016-06-01 06:30:48</PriceUpdateDate><ItemCode>7290006546388</ItemCode><ItemType>1</ItemType><ItemName>מב תחתיות ארטישוק 40</ItemName><ManufacturerName>פרי הגליל</ManufacturerName><ManufactureCountry>ישראל</ManufactureCountry><ManufacturerItemDescription>מב תחתיות ארטישוק 40</ManufacturerItemDescription><SoldByWeight/><Quantity>400.00</Quantity><UnitOfMeasure>גרם     </UnitOfMeasure><QtyInPackage>לא ידוע</QtyInPackage><UnitOfMeasurePrice>0.0348</UnitOfMeasurePrice><AllowDiscount>1</AllowDiscount><ItemStatus>1</ItemStatus><ItemPrice>13.90</ItemPrice></item><item><PriceUpdateDate>2016-03-01 06:49:19</PriceUpdateDate><ItemCode>7290006546500</ItemCode><ItemType>1</ItemType><ItemName>מב צי'פס זיג זג 800</ItemName><ManufacturerName>פרי הגליל</ManufacturerName><ManufactureCountry>ישראל</ManufactureCountry><ManufacturerItemDescription>מב צי'פס זיג זג 800</ManufacturerItemDescription><SoldByWeight/><Quantity>800.00</Quantity><UnitOfMeasure>גרם     </UnitOfMeasure><QtyInPackage>לא ידוע</QtyInPackage><UnitOfMeasurePrice>0.0124</UnitOfMeasurePrice><AllowDiscount>1</AllowDiscount><ItemStatus>1</ItemStatus><ItemPrice>9.90</ItemPrice></item><item><PriceUpdateDate>2014-11-03 06:38:19</PriceUpdateDate><ItemCode>7290006546791</ItemCode><ItemType>1</ItemType><ItemName>ריצ' מיקס עוגת וניל</ItemName><ManufacturerName>קפולסקי</ManufacturerName><ManufactureCountry>ישראל</ManufactureCountry><ManufacturerItemDescription>ריצ' מיקס עוגת וניל</ManufacturerItemDescription><SoldByWeight/><Quantity>560.00</Quantity><UnitOfMeasure>גרם     </UnitOfMeasure><QtyInPackage>לא ידוע</QtyInPackage><UnitOfMeasurePrice>0.0309</UnitOfMeasurePrice><AllowDiscount>1</AllowDiscount><ItemStatus>1</ItemStatus><ItemPrice>17.30</ItemPrice></item><item><PriceUpdateDate>2016-03-16 15:40:45</PriceUpdateDate><ItemCode>7290006582355</ItemCode><ItemType>1</ItemType><ItemName>סילאן 900 גרם</ItemName><ManufacturerName>שקדיה</ManufacturerName><ManufactureCountry>ישראל</ManufactureCountry><ManufacturerItemDescription>סילאן900 גר</ManufacturerItemDescription><SoldByWeight/><Quantity>900.00</Quantity><UnitOfMeasure>גרם     </UnitOfMeasure><QtyInPackage>לא ידוע</QtyInPackage><UnitOfMeasurePrice>0.0210</UnitOfMeasurePrice><AllowDiscount>1</AllowDiscount><ItemStatus>1</ItemStatus><ItemPrice>18.90</ItemPrice></item><item><PriceUpdateDate>2016-05-30 22:04:13</PriceUpdateDate><ItemCode>7290006618078</ItemCode><ItemType>1</ItemType><ItemName>מב אסטוניש מרסס לניק</ItemName><ManufacturerName>אסטוניש</ManufacturerName><ManufactureCountry>ישראל</ManufactureCountry><ManufacturerItemDescription>מב אסטוניש מרסס לניק</ManufacturerItemDescription><SoldByWeight/><Quantity>750.00</Quantity><UnitOfMeasure>מ"ל</UnitOfMeasure><QtyInPackage>לא ידוע</QtyInPackage><UnitOfMeasurePrice>0.0199</UnitOfMeasurePrice><AllowDiscount>1</AllowDiscount><ItemStatus>1</ItemStatus><ItemPrice>14.90</ItemPrice></item><item><PriceUpdateDate>2016-05-30 22:04:13</PriceUpdateDate><ItemCode>7290006618085</ItemCode><ItemType>1</ItemType><ItemName>מב אסטוניש לאמבטיה מ</ItemName><ManufacturerName>אסטוניש</ManufacturerName><ManufactureCountry>ישראל</ManufactureCountry><ManufacturerItemDescription>מב אסטוניש לאמבטיה מ</ManufacturerItemDescription><SoldByWeight/><Quantity>750.00</Quantity><UnitOfMeasure>מ"ל</UnitOfMeasure><QtyInPackage>לא ידוע</QtyInPackage><UnitOfMeasurePrice>0.0199</UnitOfMeasurePrice><AllowDiscount>1</AllowDiscount><ItemStatus>1</ItemStatus><ItemPrice>14.90</ItemPrice></item><item><PriceUpdateDate>2016-05-30 22:04:13</PriceUpdateDate><ItemCode>7290006618146</ItemCode><ItemType>1</ItemType><ItemName>מדליק פחם נוזלי הפי</ItemName><ManufacturerName>הפי</ManufacturerName><ManufactureCountry>ישראל</ManufactureCountry><ManufacturerItemDescription>מדליק פחם נוזלי הפי</ManufacturerItemDescription><SoldByWeight/><Quantity>0.00</Quantity><UnitOfMeasure>יח'</UnitOfMeasure><QtyInPackage>לא ידוע</QtyInPackage><UnitOfMeasurePrice>0.0000</UnitOfMeasurePrice><AllowDiscount>1</AllowDiscount><ItemStatus>1</ItemStatus><ItemPrice>17.40</ItemPrice></item><item><PriceUpdateDate>2016-05-30 22:04:13</PriceUpdateDate><ItemCode>7290006644596</ItemCode><ItemType>1</ItemType><ItemName>קריסטל אקזוטי מוגז 2</ItemName><ManufacturerName>קריסטל משק"ל</ManufacturerName><ManufactureCountry>ישראל</ManufactureCountry><ManufacturerItemDescription>קריסטל אקזוטי מוגז 2</ManufacturerItemDescription><SoldByWeight/><Quantity>2000.00</Quantity><UnitOfMeasure>מ"ל</UnitOfMeasure><QtyInPackage>לא ידוע</QtyInPackage><UnitOfMeasurePrice>0.0019</UnitOfMeasurePrice><AllowDiscount>0</AllowDiscount><ItemStatus>1</ItemStatus><ItemPrice>3.70</ItemPrice></item><item><PriceUpdateDate>2016-05-30 22:04:13</PriceUpdateDate><ItemCode>7290006644626</ItemCode><ItemType>1</ItemType><ItemName>ספרינג 1.5 ליטר פירו</ItemName><ManufacturerName>ספרינג</ManufacturerName><ManufactureCountry>ישראל</ManufactureCountry><ManufacturerItemDescription>ספרינג פירות קיץ טרופיים</ManufacturerItemDescription><SoldByWeight/><Quantity>1500.00</Quantity><UnitOfMeasure>מ"ל</UnitOfMeasure><QtyInPackage>לא ידוע</QtyInPackage><UnitOfMeasurePrice>0.0039</UnitOfMeasurePrice><AllowDiscount>1</AllowDiscount><ItemStatus>1</ItemStatus><ItemPrice>5.90</ItemPrice></item><item><PriceUpdateDate>2014-11-03 06:37:30</PriceUpdateDate><ItemCode>7290006644817</ItemCode><ItemType>1</ItemType><ItemName>שוופס סודה רביעייה 1</ItemName><ManufacturerName>שוופס</ManufacturerName><ManufactureCountry>ישראל</ManufactureCountry><ManufacturerItemDescription>סודה שוופס 1.5 מארז</ManufacturerItemDescription><SoldByWeight/><Quantity>6000.00</Quantity><UnitOfMeasure>מ"ל</UnitOfMeasure><QtyInPackage>לא ידוע</QtyInPackage><UnitOfMeasurePrice>0.0018</UnitOfMeasurePrice><AllowDiscount>1</AllowDiscount><ItemStatus>1</ItemStatus><ItemPrice>11.00</ItemPrice></item><item><PriceUpdateDate>2016-05-01 21:46:53</PriceUpdateDate><ItemCode>7290006644848</ItemCode><ItemType>1</ItemType><ItemName>קרטונית ספרינג תפוחי</ItemName><ManufacturerName>ספרינג</ManufacturerName><ManufactureCountry>ישראל</ManufactureCountry><ManufacturerItemDescription>ספרינג נקטר תפוח דיאט 1 ל</ManufacturerItemDescription><SoldByWeight/><Quantity>1000.00</Quantity><UnitOfMeasure>מ"ל</UnitOfMeasure><QtyInPackage>לא ידוע</QtyInPackage><UnitOfMeasurePrice>0.0067</UnitOfMeasurePrice><AllowDiscount>1</AllowDiscount><ItemStatus>1</ItemStatus><ItemPrice>6.70</ItemPrice></item><item><PriceUpdateDate>2016-05-30 22:04:13</PriceUpdateDate><ItemCode>7290006652027</ItemCode><ItemType>1</ItemType><ItemName>מארז חטיף במבה 20*15</ItemName><ManufacturerName>במבה</ManufacturerName><ManufactureCountry>ישראל</ManufactureCountry><ManufacturerItemDescription>מארז חטיף במבה 20*15</ManufacturerItemDescription><SoldByWeight/><Quantity>300.00</Quantity><UnitOfMeasure>גרם     </UnitOfMeasure><QtyInPackage>לא ידוע</QtyInPackage><UnitOfMeasurePrice>0.0830</UnitOfMeasurePrice><AllowDiscount>1</AllowDiscount><ItemStatus>1</ItemStatus><ItemPrice>24.90</ItemPrice></item><item><PriceUpdateDate>2016-03-16 15:40:45</PriceUpdateDate><ItemCode>7290006653819</ItemCode><ItemType>1</ItemType><ItemName>קוסקוס דק בשקית 350</ItemName><ManufacturerName>אסם</ManufacturerName><ManufactureCountry>ישראל</ManufactureCountry><ManufacturerItemDescription>קוסקוס דק בשקית 350</ManufacturerItemDescription><SoldByWeight/><Quantity>350.00</Quantity><UnitOfMeasure>גרם     </UnitOfMeasure><QtyInPackage>לא ידוע</QtyInPackage><UnitOfMeasurePrice>0.0226</UnitOfMeasurePrice><AllowDiscount>1</AllowDiscount><ItemStatus>1</ItemStatus><ItemPrice>7.90</ItemPrice></item><item><PriceUpdateDate>2016-05-30 22:04:13</PriceUpdateDate><ItemCode>7290006653857</ItemCode><ItemType>1</ItemType><ItemName>חטיף ארנבונים תפו"א</ItemName><ManufacturerName>דובונים</ManufacturerName><ManufactureCountry>ישראל</ManufactureCountry><ManufacturerItemDescription>חטיף ארנבונים תפו"א</ManufacturerItemDescription><SoldByWeight/><Quantity>14.00</Quantity><UnitOfMeasure>גרם     </UnitOfMeasure><QtyInPackage>לא ידוע</QtyInPackage><UnitOfMeasurePrice>0.2857</UnitOfMeasurePrice><AllowDiscount>1</AllowDiscount><ItemStatus>1</ItemStatus><ItemPrice>4.00</ItemPrice></item><item><PriceUpdateDate>2016-03-01 06:43:29</PriceUpdateDate><ItemCode>7290006664037</ItemCode><ItemType>1</ItemType><ItemName>מארז גמדים דגנים 4*1</ItemName><ManufacturerName>גמדים</ManufacturerName><ManufactureCountry>ישראל</ManufactureCountry><ManufacturerItemDescription>מארז גמדים דגנים 4*1</ManufacturerItemDescription><SoldByWeight/><Quantity>400.00</Quantity><UnitOfMeasure>מ"ל</UnitOfMeasure><QtyInPackage>לא ידוע</QtyInPackage><UnitOfMeasurePrice>0.0285</UnitOfMeasurePrice><AllowDiscount>0</AllowDiscount><ItemStatus>1</ItemStatus><ItemPrice>11.40</ItemPrice></item><item><PriceUpdateDate>2016-05-30 22:04:13</PriceUpdateDate><ItemCode>7290006664051</ItemCode><ItemType>1</ItemType><ItemName>מארז אקטימל טבעי 14</ItemName><ManufacturerName>אקטימל</ManufacturerName><ManufactureCountry>ישראל</ManufactureCountry><ManufacturerItemDescription>מארז אקטימל טבעי 14</ManufacturerItemDescription><SoldByWeight/><Quantity>1480.00</Quantity><UnitOfMeasure>מ"ל</UnitOfMeasure><QtyInPackage>לא ידוע</QtyInPackage><UnitOfMeasurePrice>0.0212</UnitOfMeasurePrice><AllowDiscount>1</AllowDiscount><ItemStatus>1</ItemStatus><ItemPrice>31.40</ItemPrice></item><item><PriceUpdateDate>2015-12-07 06:57:24</PriceUpdateDate><ItemCode>7290006664310</ItemCode><ItemType>1</ItemType><ItemName>גבינת סקי 3% 250 גרם</ItemName><ManufacturerName>שטראוס</ManufacturerName><ManufactureCountry>ישראל</ManufactureCountry><ManufacturerItemDescription>גבינה סקי 250 3% גרם</ManufacturerItemDescription><SoldByWeight/><Quantity>250.00</Quantity><UnitOfMeasure>גרם     </UnitOfMeasure><QtyInPackage>לא ידוע</QtyInPackage><UnitOfMeasurePrice>0.0192</UnitOfMeasurePrice><AllowDiscount>1</AllowDiscount><ItemStatus>1</ItemStatus><ItemPrice>4.80</ItemPrice></item><item><PriceUpdateDate>2016-02-11 09:34:58</PriceUpdateDate><ItemCode>7290006664402</ItemCode><ItemType>1</ItemType><ItemName>גבינת סקי 5% 750 גרם</ItemName><ManufacturerName>שטראוס</ManufacturerName><ManufactureCountry>ישראל</ManufactureCountry><ManufacturerItemDescription>גבינת סקי 5% 750 גרם</ManufacturerItemDescription><SoldByWeight/><Quantity>750.00</Quantity><UnitOfMeasure>גרם     </UnitOfMeasure><QtyInPackage>לא ידוע</QtyInPackage><UnitOfMeasurePrice>0.0184</UnitOfMeasurePrice><AllowDiscount>1</AllowDiscount><ItemStatus>1</ItemStatus><ItemPrice>13.80</ItemPrice></item><item><PriceUpdateDate>2015-12-17 09:25:07</PriceUpdateDate><ItemCode>7290006664631</ItemCode><ItemType>1</ItemType><ItemName>מארז אקטימל תות שמינ</ItemName><ManufacturerName>אקטימל</ManufacturerName><ManufactureCountry>ישראל</ManufactureCountry><ManufacturerItemDescription>מארז אקטימל תות 8 יח</ManufacturerItemDescription><SoldByWeight/><Quantity>850.00</Quantity><UnitOfMeasure>מ"ל</UnitOfMeasure><QtyInPackage>לא ידוע</QtyInPackage><UnitOfMeasurePrice>0.0258</UnitOfMeasurePrice><AllowDiscount>1</AllowDiscount><ItemStatus>1</ItemStatus><ItemPrice>21.90</ItemPrice></item><item><PriceUpdateDate>2015-12-17 09:25:07</PriceUpdateDate><ItemCode>7290006664655</ItemCode><ItemType>1</ItemType><ItemName>מארז אקטימל טבעי שמי</ItemName><ManufacturerName>אקטימל</ManufacturerName><ManufactureCountry>ישראל</ManufactureCountry><ManufacturerItemDescription>מארז אקטימל 8 יח</ManufacturerItemDescription><SoldByWeight/><Quantity>850.00</Quantity><UnitOfMeasure>מ"ל</UnitOfMeasure><QtyInPackage>לא ידוע</QtyInPackage><UnitOfMeasurePrice>0.0258</UnitOfMeasurePrice><AllowDiscount>1</AllowDiscount><ItemStatus>1</ItemStatus><ItemPrice>21.90</ItemPrice></item><item><PriceUpdateDate>2016-05-23 09:03:57</PriceUpdateDate><ItemCode>7290006664693</ItemCode><ItemType>1</ItemType><ItemName>דנונה אפרסק 3% 150 ג</ItemName><ManufacturerName>דנונה</ManufacturerName><ManufactureCountry>ישראל</ManufactureCountry><ManufacturerItemDescription>דנונה אפרסק 150 3% גרם</ManufacturerItemDescription><SoldByWeight/><Quantity>150.00</Quantity><UnitOfMeasure>גרם     </UnitOfMeasure><QtyInPackage>לא ידוע</QtyInPackage><UnitOfMeasurePrice>0.0260</UnitOfMeasurePrice><AllowDiscount>1</AllowDiscount><ItemStatus>1</ItemStatus><ItemPrice>3.90</ItemPrice></item><item><PriceUpdateDate>2015-10-20 16:43:50</PriceUpdateDate><ItemCode>7290006664969</ItemCode><ItemType>1</ItemType><ItemName>מארז דנונה שמיניה במ</ItemName><ManufacturerName>דנונה</ManufacturerName><ManufactureCountry>ישראל</ManufactureCountry><ManufacturerItemDescription>מארז 1/8 מתיקות מעודנת</ManufacturerItemDescription><SoldByWeight/><Quantity>1200.00</Quantity><UnitOfMeasure>מ"ל</UnitOfMeasure><QtyInPackage>לא ידוע</QtyInPackage><UnitOfMeasurePrice>0.0170</UnitOfMeasurePrice><AllowDiscount>1</AllowDiscount><ItemStatus>1</ItemStatus><ItemPrice>20.40</ItemPrice></item><item><PriceUpdateDate>2015-09-30 23:37:47</PriceUpdateDate><ItemCode>7290006664990</ItemCode><ItemType>1</ItemType><ItemName>מארז דנונה ביו 1.7%</ItemName><ManufacturerName>דנונה</ManufacturerName><ManufactureCountry>ישראל</ManufactureCountry><ManufacturerItemDescription>מארז דנונה ביו 1.7%</ManufacturerItemDescription><SoldByWeight/><Quantity>1200.00</Quantity><UnitOfMeasure>מ"ל</UnitOfMeasure><QtyInPackage>לא ידוע</QtyInPackage><UnitOfMeasurePrice>0.0147</UnitOfMeasurePrice><AllowDiscount>1</AllowDiscount><ItemStatus>1</ItemStatus><ItemPrice>17.60</ItemPrice></item><item><PriceUpdateDate>2015-07-10 09:02:56</PriceUpdateDate><ItemCode>7290006678812</ItemCode><ItemType>1</ItemType><ItemName>סרדין מרוקאי 125 גרם</ItemName><ManufacturerName>לא ממותג</ManufacturerName><ManufactureCountry>לא ידוע</ManufactureCountry><ManufacturerItemDescription>סרדין מרוקאי 125 גרם</ManufacturerItemDescription><SoldByWeight/><Quantity>125.00</Quantity><UnitOfMeasure>גרם     </UnitOfMeasure><QtyInPackage>לא ידוע</QtyInPackage><UnitOfMeasurePrice>0.0392</UnitOfMeasurePrice><AllowDiscount>1</AllowDiscount><ItemStatus>1</ItemStatus><ItemPrice>4.90</ItemPrice></item><item><PriceUpdateDate>2016-03-29 06:17:21</PriceUpdateDate><ItemCode>7290006678959</ItemCode><ItemType>1</ItemType><ItemName>ריבה רוסמן 1 ק''ג פי</ItemName><ManufacturerName>לא ממותג</ManufacturerName><ManufactureCountry>ישראל</ManufactureCountry><ManufacturerItemDescription>ריבה רוסמן 1 ק''ג פי</ManufacturerItemDescription><SoldByWeight/><Quantity>1000.00</Quantity><UnitOfMeasure>גרם     </UnitOfMeasure><QtyInPackage>לא ידוע</QtyInPackage><UnitOfMeasurePrice>0.0265</UnitOfMeasurePrice><AllowDiscount>1</AllowDiscount><ItemStatus>1</ItemStatus><ItemPrice>26.50</ItemPrice></item><item><PriceUpdateDate>2016-05-30 22:04:13</PriceUpdateDate><ItemCode>7290006681003</ItemCode><ItemType>1</ItemType><ItemName>גלידות קרמיסימו סורב</ItemName><ManufacturerName>קרמיסימו</ManufacturerName><ManufactureCountry>ישראל</ManufactureCountry><ManufacturerItemDescription>גלידות קרמיסימו סורב</ManufacturerItemDescription><SoldByWeight/><Quantity>1330.00</Quantity><UnitOfMeasure>מ"ל</UnitOfMeasure><QtyInPackage>לא ידוע</QtyInPackage><UnitOfMeasurePrice>0.0150</UnitOfMeasurePrice><AllowDiscount>1</AllowDiscount><ItemStatus>1</ItemStatus><ItemPrice>19.90</ItemPrice></item><item><PriceUpdateDate>2016-05-30 22:04:13</PriceUpdateDate><ItemCode>7290006681577</ItemCode><ItemType>1</ItemType><ItemName>אסקימו לימון דובדבן</ItemName><ManufacturerName>אסקימו</ManufacturerName><ManufactureCountry>ישראל</ManufactureCountry><ManufacturerItemDescription>מאגדת אסקימו לימון דובדבן</ManufacturerItemDescription><SoldByWeight/><Quantity>700.00</Quantity><UnitOfMeasure>גרם     </UnitOfMeasure><QtyInPackage>לא ידוע</QtyInPackage><UnitOfMeasurePrice>0.0284</UnitOfMeasurePrice><AllowDiscount>1</AllowDiscount><ItemStatus>1</ItemStatus><ItemPrice>19.90</ItemPrice></item><item><PriceUpdateDate>2016-03-01 06:43:29</PriceUpdateDate><ItemCode>7290006681843</ItemCode><ItemType>1</ItemType><ItemName>מאגדת לייט פרי  420</ItemName><ManufacturerName>שטראוס לייט</ManufacturerName><ManufactureCountry>ישראל</ManufactureCountry><ManufacturerItemDescription>מאגדת לייט פרי</ManufacturerItemDescription><SoldByWeight/><Quantity>300.00</Quantity><UnitOfMeasure>גרם     </UnitOfMeasure><QtyInPackage>לא ידוע</QtyInPackage><UnitOfMeasurePrice>0.0950</UnitOfMeasurePrice><AllowDiscount>1</AllowDiscount><ItemStatus>1</ItemStatus><ItemPrice>28.50</ItemPrice></item><item><PriceUpdateDate>2016-06-01 09:41:27</PriceUpdateDate><ItemCode>7290006696595</ItemCode><ItemType>1</ItemType><ItemName>יין מסורת 1 ליטר</ItemName><ManufacturerName>מסורת</ManufacturerName><ManufactureCountry>ישראל</ManufactureCountry><ManufacturerItemDescription>יין מסורת 1 ליטר</ManufacturerItemDescription><SoldByWeight/><Quantity>1000.00</Quantity><UnitOfMeasure>מ"ל</UnitOfMeasure><QtyInPackage>לא ידוע</QtyInPackage><UnitOfMeasurePrice>0.0225</UnitOfMeasurePrice><AllowDiscount>1</AllowDiscount><ItemStatus>1</ItemStatus><ItemPrice>22.50</ItemPrice></item><item><PriceUpdateDate>2016-03-01 06:49:20</PriceUpdateDate><ItemCode>7290006696717</ItemCode><ItemType>1</ItemType><ItemName>מב מיץ תירוש לבן 1 ל</ItemName><ManufacturerName>יקבי אפרת</ManufacturerName><ManufactureCountry>ישראל</ManufactureCountry><ManufacturerItemDescription>מב מיץ תירוש לבן 1 ל</ManufacturerItemDescription><SoldByWeight/><Quantity>1000.00</Quantity><UnitOfMeasure>מ"ל</UnitOfMeasure><QtyInPackage>לא ידוע</QtyInPackage><UnitOfMeasurePrice>0.0149</UnitOfMeasurePrice><AllowDiscount>1</AllowDiscount><ItemStatus>1</ItemStatus><ItemPrice>14.90</ItemPrice></item><item><PriceUpdateDate>2015-10-06 15:01:55</PriceUpdateDate><ItemCode>7290006712981</ItemCode><ItemType>1</ItemType><ItemName>משחת שיניים קולגייט</ItemName><ManufacturerName>קולגייט</ManufacturerName><ManufactureCountry>ישראל</ManufactureCountry><ManufacturerItemDescription>משחת שיניים קולגייט</ManufacturerItemDescription><SoldByWeight/><Quantity>14.00</Quantity><UnitOfMeasure>מ"ל</UnitOfMeasure><QtyInPackage>לא ידוע</QtyInPackage><UnitOfMeasurePrice>1.0071</UnitOfMeasurePrice><AllowDiscount>1</AllowDiscount><ItemStatus>1</ItemStatus><ItemPrice>14.10</ItemPrice></item><item><PriceUpdateDate>2016-05-30 22:04:14</PriceUpdateDate><ItemCode>7290006738097</ItemCode><ItemType>1</ItemType><ItemName>סלמי מעושן איטלקי דק</ItemName><ManufacturerName>זוגלובק</ManufacturerName><ManufactureCountry>ישראל</ManufactureCountry><ManufacturerItemDescription>סלמי מעושן איטלקי דק</ManufacturerItemDescription><SoldByWeight/><Quantity>150.00</Quantity><UnitOfMeasure>גרם     </UnitOfMeasure><QtyInPackage>לא ידוע</QtyInPackage><UnitOfMeasurePrice>0.1060</UnitOfMeasurePrice><AllowDiscount>1</AllowDiscount><ItemStatus>1</ItemStatus><ItemPrice>15.90</ItemPrice></item><item><PriceUpdateDate>2016-05-30 22:04:14</PriceUpdateDate><ItemCode>7290006738103</ItemCode><ItemType>1</ItemType><ItemName>פסטרמה בדבש טהור דק</ItemName><ManufacturerName>זוגלובק</ManufacturerName><ManufactureCountry>ישראל</ManufactureCountry><ManufacturerItemDescription>פסטרמה בדבש טהור דק דק דק</ManufacturerItemDescription><SoldByWeight/><Quantity>150.00</Quantity><UnitOfMeasure>גרם     </UnitOfMeasure><QtyInPackage>לא ידוע</QtyInPackage><UnitOfMeasurePrice>0.1060</UnitOfMeasurePrice><AllowDiscount>1</AllowDiscount><ItemStatus>1</ItemStatus><ItemPrice>15.90</ItemPrice></item><item><PriceUpdateDate>2016-05-30 22:04:14</PriceUpdateDate><ItemCode>7290006738110</ItemCode><ItemType>1</ItemType><ItemName>פסטרמה ברביקיו דק דק</ItemName><ManufacturerName>זוגלובק</ManufacturerName><ManufactureCountry>ישראל</ManufactureCountry><ManufacturerItemDescription>פסטרמה ברביקיו דק דק דק 1</ManufacturerItemDescription><SoldByWeight/><Quantity>150.00</Quantity><UnitOfMeasure>גרם     </UnitOfMeasure><QtyInPackage>לא ידוע</QtyInPackage><UnitOfMeasurePrice>0.1060</UnitOfMeasurePrice><AllowDiscount>1</AllowDiscount><ItemStatus>1</ItemStatus><ItemPrice>15.90</ItemPrice></item><item><PriceUpdateDate>2016-05-30 22:04:14</PriceUpdateDate><ItemCode>7290006738127</ItemCode><ItemType>1</ItemType><ItemName>חזה בקר דק דק 150 גר</ItemName><ManufacturerName>זוגלובק</ManufacturerName><ManufactureCountry>ישראל</ManufactureCountry><ManufacturerItemDescription>חזה בקר דק דק דק 150 גרם</ManufacturerItemDescription><SoldByWeight/><Quantity>150.00</Quantity><UnitOfMeasure>גרם     </UnitOfMeasure><QtyInPackage>לא ידוע</QtyInPackage><UnitOfMeasurePrice>0.1060</UnitOfMeasurePrice><AllowDiscount>1</AllowDiscount><ItemStatus>1</ItemStatus><ItemPrice>15.90</ItemPrice></item><item><PriceUpdateDate>2016-05-30 22:04:14</PriceUpdateDate><ItemCode>7290006738530</ItemCode><ItemType>1</ItemType><ItemName>פסטרמה חזה עוף דק דק</ItemName><ManufacturerName>זוגלובק</ManufacturerName><ManufactureCountry>ישראל</ManufactureCountry><ManufacturerItemDescription>פסטרמה חזה עוף 150 גר דק</ManufacturerItemDescription><SoldByWeight/><Quantity>150.00</Quantity><UnitOfMeasure>גרם     </UnitOfMeasure><QtyInPackage>לא ידוע</QtyInPackage><UnitOfMeasurePrice>0.1060</UnitOfMeasurePrice><AllowDiscount>1</AllowDiscount><ItemStatus>1</ItemStatus><ItemPrice>15.90</ItemPrice></item><item><PriceUpdateDate>2016-05-02 08:05:51</PriceUpdateDate><ItemCode>7290006738615</ItemCode><ItemType>1</ItemType><ItemName>קבב פרימיום זוגלובק</ItemName><ManufacturerName>זוגלובק</ManufacturerName><ManufactureCountry>ישראל</ManufactureCountry><ManufacturerItemDescription>קבב זהב 100% בשר זוגלובק</ManufacturerItemDescription><SoldByWeight/><Quantity>400.00</Quantity><UnitOfMeasure>גרם     </UnitOfMeasure><QtyInPackage>לא ידוע</QtyInPackage><UnitOfMeasurePrice>0.0497</UnitOfMeasurePrice><AllowDiscount>1</AllowDiscount><ItemStatus>1</ItemStatus><ItemPrice>19.90</ItemPrice></item><item><PriceUpdateDate>2016-03-01 06:49:20</PriceUpdateDate><ItemCode>7290006738790</ItemCode><ItemType>1</ItemType><ItemName>מב מארז זוג שניצל תי</ItemName><ManufacturerName>זוגלובק</ManufacturerName><ManufactureCountry>ישראל</ManufactureCountry><ManufacturerItemDescription>מב מארז זוג שניצל תי</ManufacturerItemDescription><SoldByWeight/><Quantity>750.00</Quantity><UnitOfMeasure>גרם     </UnitOfMeasure><QtyInPackage>לא ידוע</QtyInPackage><UnitOfMeasurePrice>0.0532</UnitOfMeasurePrice><AllowDiscount>1</AllowDiscount><ItemStatus>1</ItemStatus><ItemPrice>39.90</ItemPrice></item><item><PriceUpdateDate>2016-03-30 06:59:02</PriceUpdateDate><ItemCode>7290006739124</ItemCode><ItemType>1</ItemType><ItemName>מב בצק פילאס 500 גרם</ItemName><ManufacturerName>זוגלובק</ManufacturerName><ManufactureCountry>ישראל</ManufactureCountry><ManufacturerItemDescription>מב בצק פילאס 500 גרם</ManufacturerItemDescription><SoldByWeight/><Quantity>500.00</Quantity><UnitOfMeasure>גרם     </UnitOfMeasure><QtyInPackage>לא ידוע</QtyInPackage><UnitOfMeasurePrice>0.0298</UnitOfMeasurePrice><AllowDiscount>1</AllowDiscount><ItemStatus>1</ItemStatus><ItemPrice>14.90</ItemPrice></item><item><PriceUpdateDate>2015-10-11 12:51:32</PriceUpdateDate><ItemCode>7290006739247</ItemCode><ItemType>3</ItemType><ItemName>פסטרמה איטלקית</ItemName><ManufacturerName>זוגלובק</ManufacturerName><ManufactureCountry>ישראל</ManufactureCountry><ManufacturerItemDescription>פסטרמה איטלקית</ManufacturerItemDescription><SoldByWeight/><Quantity>1.00</Quantity><UnitOfMeasure>ק"ג</UnitOfMeasure><QtyInPackage>לא ידוע</QtyInPackage><UnitOfMeasurePrice>88.7000</UnitOfMeasurePrice><AllowDiscount>1</AllowDiscount><ItemStatus>1</ItemStatus><ItemPrice>88.70</ItemPrice></item><item><PriceUpdateDate>2016-05-30 22:04:15</PriceUpdateDate><ItemCode>7290006739292</ItemCode><ItemType>1</ItemType><ItemName>מב נקניק פסטרמה תבור</ItemName><ManufacturerName>זוגלובק</ManufacturerName><ManufactureCountry>ישראל</ManufactureCountry><ManufacturerItemDescription>פסטרמה חזה תבור מעושן פרו</ManufacturerItemDescription><SoldByWeight/><Quantity>330.00</Quantity><UnitOfMeasure>גרם     </UnitOfMeasure><QtyInPackage>לא ידוע</QtyInPackage><UnitOfMeasurePrice>0.0785</UnitOfMeasurePrice><AllowDiscount>1</AllowDiscount><ItemStatus>1</ItemStatus><ItemPrice>25.90</ItemPrice></item><item><PriceUpdateDate>2016-03-29 13:00:34</PriceUpdateDate><ItemCode>7290006739346</ItemCode><ItemType>1</ItemType><ItemName>נקניקיות פרגיות 400</ItemName><ManufacturerName>זוגלובק</ManufacturerName><ManufactureCountry>ישראל</ManufactureCountry><ManufacturerItemDescription>נקניקיות פרגיות 400</ManufacturerItemDescription><SoldByWeight/><Quantity>400.00</Quantity><UnitOfMeasure>גרם     </UnitOfMeasure><QtyInPackage>לא ידוע</QtyInPackage><UnitOfMeasurePrice>0.0517</UnitOfMeasurePrice><AllowDiscount>1</AllowDiscount><ItemStatus>1</ItemStatus><ItemPrice>20.70</ItemPrice></item><item><PriceUpdateDate>2016-01-05 08:49:28</PriceUpdateDate><ItemCode>7290006739407</ItemCode><ItemType>1</ItemType><ItemName>שניצל תירס לייט 600</ItemName><ManufacturerName>זוגלובק</ManufacturerName><ManufactureCountry>ישראל</ManufactureCountry><ManufacturerItemDescription>שניצל תירס לייט 630 גרם</ManufacturerItemDescription><SoldByWeight/><Quantity>600.00</Quantity><UnitOfMeasure>גרם     </UnitOfMeasure><QtyInPackage>לא ידוע</QtyInPackage><UnitOfMeasurePrice>0.0517</UnitOfMeasurePrice><AllowDiscount>1</AllowDiscount><ItemStatus>1</ItemStatus><ItemPrice>31.00</ItemPrice></item><item><PriceUpdateDate>2016-05-30 22:04:15</PriceUpdateDate><ItemCode>7290006739414</ItemCode><ItemType>1</ItemType><ItemName>מב נקניק קוניאק 300</ItemName><ManufacturerName>זוגלובק</ManufacturerName><ManufactureCountry>ישראל</ManufactureCountry><ManufacturerItemDescription>סלמי קוניאק 300 גרם</ManufacturerItemDescription><SoldByWeight/><Quantity>300.00</Quantity><UnitOfMeasure>גרם     </UnitOfMeasure><QtyInPackage>לא ידוע</QtyInPackage><UnitOfMeasurePrice>0.0863</UnitOfMeasurePrice><AllowDiscount>1</AllowDiscount><ItemStatus>1</ItemStatus><ItemPrice>25.90</ItemPrice></item><item><PriceUpdateDate>2016-05-30 22:04:15</PriceUpdateDate><ItemCode>7290006739421</ItemCode><ItemType>1</ItemType><ItemName>מב מעושן איטלקי 300</ItemName><ManufacturerName>זוגלובק</ManufacturerName><ManufactureCountry>ישראל</ManufactureCountry><ManufacturerItemDescription>סלמי מעושן איטלקי 300 גרם</ManufacturerItemDescription><SoldByWeight/><Quantity>300.00</Quantity><UnitOfMeasure>גרם     </UnitOfMeasure><QtyInPackage>לא ידוע</QtyInPackage><UnitOfMeasurePrice>0.0863</UnitOfMeasurePrice><AllowDiscount>1</AllowDiscount><ItemStatus>1</ItemStatus><ItemPrice>25.90</ItemPrice></item><item><PriceUpdateDate>2016-05-30 22:04:15</PriceUpdateDate><ItemCode>7290006739445</ItemCode><ItemType>1</ItemType><ItemName>מב שניצל תירס 750 גר</ItemName><ManufacturerName>זוגלובק</ManufacturerName><ManufactureCountry>ישראל</ManufactureCountry><ManufacturerItemDescription>שניצל תירס קלאסי 750 גרם</ManufacturerItemDescription><SoldByWeight/><Quantity>750.00</Quantity><UnitOfMeasure>גרם     </UnitOfMeasure><QtyInPackage>לא ידוע</QtyInPackage><UnitOfMeasurePrice>0.0265</UnitOfMeasurePrice><AllowDiscount>1</AllowDiscount><ItemStatus>1</ItemStatus><ItemPrice>19.90</ItemPrice></item><item><PriceUpdateDate>2015-11-12 18:19:32</PriceUpdateDate><ItemCode>7290006739681</ItemCode><ItemType>1</ItemType><ItemName>חטיפי תירס קלאסיים 6</ItemName><ManufacturerName>זוגלובק</ManufacturerName><ManufactureCountry>ישראל</ManufactureCountry><ManufacturerItemDescription>חטיפי תירס קלאסיים 600 גר</ManufacturerItemDescription><SoldByWeight/><Quantity>600.00</Quantity><UnitOfMeasure>גרם     </UnitOfMeasure><QtyInPackage>לא ידוע</QtyInPackage><UnitOfMeasurePrice>0.0517</UnitOfMeasurePrice><AllowDiscount>1</AllowDiscount><ItemStatus>1</ItemStatus><ItemPrice>31.00</ItemPrice></item><item><PriceUpdateDate>2016-05-30 22:04:15</PriceUpdateDate><ItemCode>7290006740274</ItemCode><ItemType>1</ItemType><ItemName>מב המבורגר טקסס 400</ItemName><ManufacturerName>זוגלובק</ManufacturerName><ManufactureCountry>ישראל</ManufactureCountry><ManufacturerItemDescription>מב המבורגר טקסס 400</ManufacturerItemDescription><SoldByWeight/><Quantity>400.00</Quantity><UnitOfMeasure>גרם     </UnitOfMeasure><QtyInPackage>לא ידוע</QtyInPackage><UnitOfMeasurePrice>0.0422</UnitOfMeasurePrice><AllowDiscount>1</AllowDiscount><ItemStatus>1</ItemStatus><ItemPrice>16.90</ItemPrice></item><item><PriceUpdateDate>2016-05-30 22:04:15</PriceUpdateDate><ItemCode>7290006740281</ItemCode><ItemType>1</ItemType><ItemName>מב קבב קלאסי זוגלובק</ItemName><ManufacturerName>זוגלובק</ManufacturerName><ManufactureCountry>ישראל</ManufactureCountry><ManufacturerItemDescription>מב קבב קלאסי זוגלובק</ManufacturerItemDescription><SoldByWeight/><Quantity>400.00</Quantity><UnitOfMeasure>גרם     </UnitOfMeasure><QtyInPackage>לא ידוע</QtyInPackage><UnitOfMeasurePrice>0.0422</UnitOfMeasurePrice><AllowDiscount>1</AllowDiscount><ItemStatus>1</ItemStatus><ItemPrice>16.90</ItemPrice></item><item><PriceUpdateDate>2016-03-30 06:59:02</PriceUpdateDate><ItemCode>7290006741028</ItemCode><ItemType>1</ItemType><ItemName>מב פיצה משפחתית מרגר</ItemName><ManufacturerName>זוגלובק</ManufacturerName><ManufactureCountry>ישראל</ManufactureCountry><ManufacturerItemDescription>פיצה משפחתית מרגריטה 500</ManufacturerItemDescription><SoldByWeight/><Quantity>500.00</Quantity><UnitOfMeasure>גרם     </UnitOfMeasure><QtyInPackage>לא ידוע</QtyInPackage><UnitOfMeasurePrice>0.0298</UnitOfMeasurePrice><AllowDiscount>1</AllowDiscount><ItemStatus>1</ItemStatus><ItemPrice>14.90</ItemPrice></item><item><PriceUpdateDate>2016-03-01 06:43:30</PriceUpdateDate><ItemCode>7290006741363</ItemCode><ItemType>1</ItemType><ItemName>מב בורקס תפו"א בד"צ</ItemName><ManufacturerName>זוגלובק</ManufacturerName><ManufactureCountry>ישראל</ManufactureCountry><ManufacturerItemDescription>בורקס תפוא 800 גר</ManufacturerItemDescription><SoldByWeight/><Quantity>800.00</Quantity><UnitOfMeasure>גרם     </UnitOfMeasure><QtyInPackage>לא ידוע</QtyInPackage><UnitOfMeasurePrice>0.0186</UnitOfMeasurePrice><AllowDiscount>1</AllowDiscount><ItemStatus>1</ItemStatus><ItemPrice>14.90</ItemPrice></item><item><PriceUpdateDate>2016-03-01 06:43:30</PriceUpdateDate><ItemCode>7290006741387</ItemCode><ItemType>1</ItemType><ItemName>מב מלוואח תימני בד"צ</ItemName><ManufacturerName>זוגלובק</ManufacturerName><ManufactureCountry>ישראל</ManufactureCountry><ManufacturerItemDescription>מב מלוואח תימני בד"צ</ManufacturerItemDescription><SoldByWeight/><Quantity>700.00</Quantity><UnitOfMeasure>גרם     </UnitOfMeasure><QtyInPackage>לא ידוע</QtyInPackage><UnitOfMeasurePrice>0.0213</UnitOfMeasurePrice><AllowDiscount>1</AllowDiscount><ItemStatus>1</ItemStatus><ItemPrice>14.90</ItemPrice></item><item><PriceUpdateDate>2016-05-30 22:04:15</PriceUpdateDate><ItemCode>7290006742162</ItemCode><ItemType>1</ItemType><ItemName>מב המבורגר מזרחי 400</ItemName><ManufacturerName>זוגלובק</ManufacturerName><ManufactureCountry>ישראל</ManufactureCountry><ManufacturerItemDescription>המבורגר מזרחי 400 גרם</ManufacturerItemDescription><SoldByWeight/><Quantity>400.00</Quantity><UnitOfMeasure>גרם     </UnitOfMeasure><QtyInPackage>לא ידוע</QtyInPackage><UnitOfMeasurePrice>0.0422</UnitOfMeasurePrice><AllowDiscount>1</AllowDiscount><ItemStatus>1</ItemStatus><ItemPrice>16.90</ItemPrice></item><item><PriceUpdateDate>2016-05-30 22:04:15</PriceUpdateDate><ItemCode>7290006742179</ItemCode><ItemType>1</ItemType><ItemName>מב קבב מזרחי  400 גר</ItemName><ManufacturerName>זוגלובק</ManufacturerName><ManufactureCountry>ישראל</ManufactureCountry><ManufacturerItemDescription>קבב מזרחי 400 גרם</ManufacturerItemDescription><SoldByWeight/><Quantity>400.00</Quantity><UnitOfMeasure>גרם     </UnitOfMeasure><QtyInPackage>לא ידוע</QtyInPackage><UnitOfMeasurePrice>0.0422</UnitOfMeasurePrice><AllowDiscount>1</AllowDiscount><ItemStatus>1</ItemStatus><ItemPrice>16.90</ItemPrice></item><item><PriceUpdateDate>2016-05-30 22:04:15</PriceUpdateDate><ItemCode>7290006742278</ItemCode><ItemType>1</ItemType><ItemName>מב פסטרמה צלויה על ל</ItemName><ManufacturerName>זוגלובק</ManufacturerName><ManufactureCountry>ישראל</ManufactureCountry><ManufacturerItemDescription>פסטרממיה צלויה על לבנים</ManufacturerItemDescription><SoldByWeight/><Quantity>330.00</Quantity><UnitOfMeasure>גרם     </UnitOfMeasure><QtyInPackage>לא ידוע</QtyInPackage><UnitOfMeasurePrice>0.0785</UnitOfMeasurePrice><AllowDiscount>1</AllowDiscount><ItemStatus>1</ItemStatus><ItemPrice>25.90</ItemPrice></item><item><PriceUpdateDate>2016-05-30 22:04:16</PriceUpdateDate><ItemCode>7290006742308</ItemCode><ItemType>1</ItemType><ItemName>מב פסטרמה חזה עוף בר</ItemName><ManufacturerName>זוגלובק</ManufacturerName><ManufactureCountry>ישראל</ManufactureCountry><ManufacturerItemDescription>מב פסטרמה חזה עוף בר</ManufacturerItemDescription><SoldByWeight/><Quantity>300.00</Quantity><UnitOfMeasure>גרם     </UnitOfMeasure><QtyInPackage>לא ידוע</QtyInPackage><UnitOfMeasurePrice>0.0863</UnitOfMeasurePrice><AllowDiscount>1</AllowDiscount><ItemStatus>1</ItemStatus><ItemPrice>25.90</ItemPrice></item><item><PriceUpdateDate>2016-05-30 22:04:16</PriceUpdateDate><ItemCode>7290006742315</ItemCode><ItemType>1</ItemType><ItemName>מב פסטרמה ברביקיו 33</ItemName><ManufacturerName>זוגלובק</ManufacturerName><ManufactureCountry>ישראל</ManufactureCountry><ManufacturerItemDescription>מב פסטרמה ברביקיו 33</ManufacturerItemDescription><SoldByWeight/><Quantity>330.00</Quantity><UnitOfMeasure>גרם     </UnitOfMeasure><QtyInPackage>לא ידוע</QtyInPackage><UnitOfMeasurePrice>0.0785</UnitOfMeasurePrice><AllowDiscount>1</AllowDiscount><ItemStatus>1</ItemStatus><ItemPrice>25.90</ItemPrice></item><item><PriceUpdateDate>2014-11-03 06:37:50</PriceUpdateDate><ItemCode>7290006751720</ItemCode><ItemType>3</ItemType><ItemName>עוף טחון טרי במשקל</ItemName><ManufacturerName>לא ממותג</ManufacturerName><ManufactureCountry>ישראל</ManufactureCountry><ManufacturerItemDescription>עוף טחון טרי במשקל</ManufacturerItemDescription><SoldByWeight/><Quantity>1.00</Quantity><UnitOfMeasure>ק"ג</UnitOfMeasure><QtyInPackage>לא ידוע</QtyInPackage><UnitOfMeasurePrice>32.9000</UnitOfMeasurePrice><AllowDiscount>1</AllowDiscount><ItemStatus>1</ItemStatus><ItemPrice>32.90</ItemPrice></item><item><PriceUpdateDate>2016-02-08 09:02:20</PriceUpdateDate><ItemCode>7290006764058</ItemCode><ItemType>1</ItemType><ItemName>בירה נשר לבן 500 מ"ל</ItemName><ManufacturerName>נשר</ManufacturerName><ManufactureCountry>ישראל</ManufactureCountry><ManufacturerItemDescription>בירה נשר לבן 500 מ"ל</ManufacturerItemDescription><SoldByWeight/><Quantity>500.00</Quantity><UnitOfMeasure>מ"ל</UnitOfMeasure><QtyInPackage>לא ידוע</QtyInPackage><UnitOfMeasurePrice>0.0152</UnitOfMeasurePrice><AllowDiscount>1</AllowDiscount><ItemStatus>1</ItemStatus><ItemPrice>7.60</ItemPrice></item><item><PriceUpdateDate>2015-10-20 17:12:38</PriceUpdateDate><ItemCode>7290006764065</ItemCode><ItemType>1</ItemType><ItemName>בירה מאלט 500 מ''ל</ItemName><ManufacturerName>נשר מאלט</ManufacturerName><ManufactureCountry>ישראל</ManufactureCountry><ManufacturerItemDescription>בירה נשר מאלט 500 מל בקב.</ManufacturerItemDescription><SoldByWeight/><Quantity>500.00</Quantity><UnitOfMeasure>מ"ל</UnitOfMeasure><QtyInPackage>לא ידוע</QtyInPackage><UnitOfMeasurePrice>0.0114</UnitOfMeasurePrice><AllowDiscount>1</AllowDiscount><ItemStatus>1</ItemStatus><ItemPrice>5.70</ItemPrice></item><item><PriceUpdateDate>2016-05-30 22:04:16</PriceUpdateDate><ItemCode>7290006764072</ItemCode><ItemType>1</ItemType><ItemName>בירה גולדסטאר 500 מ"</ItemName><ManufacturerName>גולדסטאר</ManufacturerName><ManufactureCountry>ישראל</ManufactureCountry><ManufacturerItemDescription>בירה גולדסטאר.500 מל בק ח</ManufacturerItemDescription><SoldByWeight/><Quantity>500.00</Quantity><UnitOfMeasure>מ"ל</UnitOfMeasure><QtyInPackage>לא ידוע</QtyInPackage><UnitOfMeasurePrice>0.0138</UnitOfMeasurePrice><AllowDiscount>1</AllowDiscount><ItemStatus>1</ItemStatus><ItemPrice>6.90</ItemPrice></item><item><PriceUpdateDate>2016-03-01 06:49:20</PriceUpdateDate><ItemCode>7290006764348</ItemCode><ItemType>1</ItemType><ItemName>מאלטסטאר 1.5 ליטר רג</ItemName><ManufacturerName>מאלטסטאר</ManufacturerName><ManufactureCountry>ישראל</ManufactureCountry><ManufacturerItemDescription>מאלטסטאר 1.5 ליטר רג</ManufacturerItemDescription><SoldByWeight/><Quantity>1500.00</Quantity><UnitOfMeasure>מ"ל</UnitOfMeasure><QtyInPackage>לא ידוע</QtyInPackage><UnitOfMeasurePrice>0.0059</UnitOfMeasurePrice><AllowDiscount>1</AllowDiscount><ItemStatus>1</ItemStatus><ItemPrice>8.90</ItemPrice></item><item><PriceUpdateDate>2015-10-20 17:12:38</PriceUpdateDate><ItemCode>7290006764737</ItemCode><ItemType>1</ItemType><ItemName>בירה מאלט דיאט 500 מ</ItemName><ManufacturerName>נשר מאלט דיאט</ManufacturerName><ManufactureCountry>ישראל</ManufactureCountry><ManufacturerItemDescription>בירה נשר דיאט מאלט 500 מל</ManufacturerItemDescription><SoldByWeight/><Quantity>500.00</Quantity><UnitOfMeasure>מ"ל</UnitOfMeasure><QtyInPackage>לא ידוע</QtyInPackage><UnitOfMeasurePrice>0.0114</UnitOfMeasurePrice><AllowDiscount>1</AllowDiscount><ItemStatus>1</ItemStatus><ItemPrice>5.70</ItemPrice></item><item><PriceUpdateDate>2016-06-01 09:41:27</PriceUpdateDate><ItemCode>7290006770257</ItemCode><ItemType>1</ItemType><ItemName>מרק 1 ק''ג טעם עוף</ItemName><ManufacturerName>ויטה</ManufacturerName><ManufactureCountry>ישראל</ManufactureCountry><ManufacturerItemDescription>מרק 1 ק''ג טעם עוף</ManufacturerItemDescription><SoldByWeight/><Quantity>1000.00</Quantity><UnitOfMeasure>גרם     </UnitOfMeasure><QtyInPackage>לא ידוע</QtyInPackage><UnitOfMeasurePrice>0.0199</UnitOfMeasurePrice><AllowDiscount>1</AllowDiscount><ItemStatus>1</ItemStatus><ItemPrice>19.90</ItemPrice></item><item><PriceUpdateDate>2015-11-09 07:02:47</PriceUpdateDate><ItemCode>7290006775023</ItemCode><ItemType>1</ItemType><ItemName>עוגת אחווה אנגלית 45</ItemName><ManufacturerName>אחוה</ManufacturerName><ManufactureCountry>ישראל</ManufactureCountry><ManufacturerItemDescription>עוגת אחווה אנגלית 45</ManufacturerItemDescription><SoldByWeight/><Quantity>450.00</Quantity><UnitOfMeasure>גרם     </UnitOfMeasure><QtyInPackage>לא ידוע</QtyInPackage><UnitOfMeasurePrice>0.0280</UnitOfMeasurePrice><AllowDiscount>1</AllowDiscount><ItemStatus>1</ItemStatus><ItemPrice>12.60</ItemPrice></item><item><PriceUpdateDate>2015-11-09 07:02:47</PriceUpdateDate><ItemCode>7290006775030</ItemCode><ItemType>1</ItemType><ItemName>עוגת אחווה שוקו צי'פ</ItemName><ManufacturerName>אחוה</ManufacturerName><ManufactureCountry>ישראל</ManufactureCountry><ManufacturerItemDescription>עוגת אחווה שוקו צי'פ</ManufacturerItemDescription><SoldByWeight/><Quantity>450.00</Quantity><UnitOfMeasure>גרם     </UnitOfMeasure><QtyInPackage>לא ידוע</QtyInPackage><UnitOfMeasurePrice>0.0280</UnitOfMeasurePrice><AllowDiscount>1</AllowDiscount><ItemStatus>1</ItemStatus><ItemPrice>12.60</ItemPrice></item><item><PriceUpdateDate>2015-11-09 07:02:47</PriceUpdateDate><ItemCode>7290006775047</ItemCode><ItemType>1</ItemType><ItemName>עוגת אחווה שוקולד 45</ItemName><ManufacturerName>אחוה</ManufacturerName><ManufactureCountry>ישראל</ManufactureCountry><ManufacturerItemDescription>עוגת אחווה שוקולד 45</ManufacturerItemDescription><SoldByWeight/><Quantity>450.00</Quantity><UnitOfMeasure>גרם     </UnitOfMeasure><QtyInPackage>לא ידוע</QtyInPackage><UnitOfMeasurePrice>0.0280</UnitOfMeasurePrice><AllowDiscount>1</AllowDiscount><ItemStatus>1</ItemStatus><ItemPrice>12.60</ItemPrice></item><item><PriceUpdateDate>2015-11-12 15:04:01</PriceUpdateDate><ItemCode>7290006775764</ItemCode><ItemType>1</ItemType><ItemName>עוגת שוקולד ציפס ללא</ItemName><ManufacturerName>אחוה</ManufacturerName><ManufactureCountry>ישראל</ManufactureCountry><ManufacturerItemDescription>עוגת שוקולד ציפס ללא</ManufacturerItemDescription><SoldByWeight/><Quantity>400.00</Quantity><UnitOfMeasure>גרם     </UnitOfMeasure><QtyInPackage>לא ידוע</QtyInPackage><UnitOfMeasurePrice>0.0417</UnitOfMeasurePrice><AllowDiscount>1</AllowDiscount><ItemStatus>1</ItemStatus><ItemPrice>16.70</ItemPrice></item><item><PriceUpdateDate>2016-05-30 22:04:16</PriceUpdateDate><ItemCode>7290006775900</ItemCode><ItemType>1</ItemType><ItemName>מב עוגיות מיני מרוקא</ItemName><ManufacturerName>אחווה</ManufacturerName><ManufactureCountry>ישראל</ManufactureCountry><ManufacturerItemDescription>מב עוגיות מיני מרוקא</ManufacturerItemDescription><SoldByWeight/><Quantity>500.00</Quantity><UnitOfMeasure>גרם     </UnitOfMeasure><QtyInPackage>לא ידוע</QtyInPackage><UnitOfMeasurePrice>0.0258</UnitOfMeasurePrice><AllowDiscount>1</AllowDiscount><ItemStatus>1</ItemStatus><ItemPrice>12.90</ItemPrice></item><item><PriceUpdateDate>2016-03-29 13:00:34</PriceUpdateDate><ItemCode>7290006784360</ItemCode><ItemType>1</ItemType><ItemName>חלונית 1 ליטר</ItemName><ManufacturerName>.N.Y.C</ManufacturerName><ManufactureCountry>ישראל</ManufactureCountry><ManufacturerItemDescription>חלונית 1 ליטר</ManufacturerItemDescription><SoldByWeight/><Quantity>1000.00</Quantity><UnitOfMeasure>מ"ל</UnitOfMeasure><QtyInPackage>לא ידוע</QtyInPackage><UnitOfMeasurePrice>0.0099</UnitOfMeasurePrice><AllowDiscount>1</AllowDiscount><ItemStatus>1</ItemStatus><ItemPrice>9.90</ItemPrice></item><item><PriceUpdateDate>2016-06-01 06:49:55</PriceUpdateDate><ItemCode>7290006788009</ItemCode><ItemType>1</ItemType><ItemName>שמפו 10 לשיער רגיל 7</ItemName><ManufacturerName>קרליין</ManufacturerName><ManufactureCountry>ישראל</ManufactureCountry><ManufacturerItemDescription>שמפו 10 לשיער רגיל 7</ManufacturerItemDescription><SoldByWeight/><Quantity>700.00</Quantity><UnitOfMeasure>מ"ל</UnitOfMeasure><QtyInPackage>לא ידוע</QtyInPackage><UnitOfMeasurePrice>0.0213</UnitOfMeasurePrice><AllowDiscount>1</AllowDiscount><ItemStatus>1</ItemStatus><ItemPrice>14.90</ItemPrice></item><item><PriceUpdateDate>2016-06-01 06:49:55</PriceUpdateDate><ItemCode>7290006788016</ItemCode><ItemType>1</ItemType><ItemName>שמפו 10 לשיער יבש 70</ItemName><ManufacturerName>קרליין</ManufacturerName><ManufactureCountry>ישראל</ManufactureCountry><ManufacturerItemDescription>שמפו 10 לשיער יבש 70</ManufacturerItemDescription><SoldByWeight/><Quantity>700.00</Quantity><UnitOfMeasure>מ"ל</UnitOfMeasure><QtyInPackage>לא ידוע</QtyInPackage><UnitOfMeasurePrice>0.0213</UnitOfMeasurePrice><AllowDiscount>1</AllowDiscount><ItemStatus>1</ItemStatus><ItemPrice>14.90</ItemPrice></item><item><PriceUpdateDate>2016-06-01 06:49:55</PriceUpdateDate><ItemCode>7290006788061</ItemCode><ItemType>1</ItemType><ItemName>מרכך 10 לשיער רגיל 7</ItemName><ManufacturerName>קרליין</ManufacturerName><ManufactureCountry>ישראל</ManufactureCountry><ManufacturerItemDescription>מרכך 10 לשיער רגיל 7</ManufacturerItemDescription><SoldByWeight/><Quantity>700.00</Quantity><UnitOfMeasure>מ"ל</UnitOfMeasure><QtyInPackage>לא ידוע</QtyInPackage><UnitOfMeasurePrice>0.0213</UnitOfMeasurePrice><AllowDiscount>1</AllowDiscount><ItemStatus>1</ItemStatus><ItemPrice>14.90</ItemPrice></item><item><PriceUpdateDate>2016-06-01 06:49:55</PriceUpdateDate><ItemCode>7290006788092</ItemCode><ItemType>1</ItemType><ItemName>מרכך 10 לשיער מתולתל</ItemName><ManufacturerName>קרליין</ManufacturerName><ManufactureCountry>ישראל</ManufactureCountry><ManufacturerItemDescription>מרכך 10 לשיער מתולתל</ManufacturerItemDescription><SoldByWeight/><Quantity>700.00</Quantity><UnitOfMeasure>מ"ל</UnitOfMeasure><QtyInPackage>לא ידוע</QtyInPackage><UnitOfMeasurePrice>0.0213</UnitOfMeasurePrice><AllowDiscount>1</AllowDiscount><ItemStatus>1</ItemStatus><ItemPrice>14.90</ItemPrice></item><item><PriceUpdateDate>2016-06-01 06:49:55</PriceUpdateDate><ItemCode>7290006788436</ItemCode><ItemType>1</ItemType><ItemName>מב דאו' רול און קרלי</ItemName><ManufacturerName>קרליין</ManufacturerName><ManufactureCountry>ישראל</ManufactureCountry><ManufacturerItemDescription>מב דאו' רול און קרלי</ManufacturerItemDescription><SoldByWeight/><Quantity>75.00</Quantity><UnitOfMeasure>מ"ל</UnitOfMeasure><QtyInPackage>לא ידוע</QtyInPackage><UnitOfMeasurePrice>0.1853</UnitOfMeasurePrice><AllowDiscount>1</AllowDiscount><ItemStatus>1</ItemStatus><ItemPrice>13.90</ItemPrice></item><item><PriceUpdateDate>2016-06-01 06:49:55</PriceUpdateDate><ItemCode>7290006788467</ItemCode><ItemType>1</ItemType><ItemName>מב דאו' ספריי קרליין</ItemName><ManufacturerName>קרליין</ManufacturerName><ManufactureCountry>ישראל</ManufactureCountry><ManufacturerItemDescription>מב דאו' ספריי קרליין</ManufacturerItemDescription><SoldByWeight/><Quantity>200.00</Quantity><UnitOfMeasure>מ"ל</UnitOfMeasure><QtyInPackage>לא ידוע</QtyInPackage><UnitOfMeasurePrice>0.0695</UnitOfMeasurePrice><AllowDiscount>1</AllowDiscount><ItemStatus>1</ItemStatus><ItemPrice>13.90</ItemPrice></item><item><PriceUpdateDate>2016-05-30 22:04:18</PriceUpdateDate><ItemCode>7290006804051</ItemCode><ItemType>3</ItemType><ItemName>מב בורקס גבינה במשקל</ItemName><ManufacturerName>פילסברי</ManufacturerName><ManufactureCountry>ישראל</ManufactureCountry><ManufacturerItemDescription>בורקס גבינה 1 קג לאפיה</ManufacturerItemDescription><SoldByWeight/><Quantity>1.00</Quantity><UnitOfMeasure>ק"ג</UnitOfMeasure><QtyInPackage>לא ידוע</QtyInPackage><UnitOfMeasurePrice>22.9000</UnitOfMeasurePrice><AllowDiscount>1</AllowDiscount><ItemStatus>1</ItemStatus><ItemPrice>22.90</ItemPrice></item><item><PriceUpdateDate>2016-05-30 22:04:18</PriceUpdateDate><ItemCode>7290006804068</ItemCode><ItemType>3</ItemType><ItemName>בורקס תפו"א מאפית</ItemName><ManufacturerName>פילסברי</ManufacturerName><ManufactureCountry>ישראל</ManufactureCountry><ManufacturerItemDescription>בורקס תפו"א מאפית</ManufacturerItemDescription><SoldByWeight/><Quantity>1.00</Quantity><UnitOfMeasure>ק"ג</UnitOfMeasure><QtyInPackage>לא ידוע</QtyInPackage><UnitOfMeasurePrice>37.0000</UnitOfMeasurePrice><AllowDiscount>1</AllowDiscount><ItemStatus>1</ItemStatus><ItemPrice>37.00</ItemPrice></item><item><PriceUpdateDate>2016-06-03 06:55:25</PriceUpdateDate><ItemCode>7290006804075</ItemCode><ItemType>3</ItemType><ItemName>מב בורקיטס מאפית</ItemName><ManufacturerName>פילסברי</ManufacturerName><ManufactureCountry>ישראל</ManufactureCountry><ManufacturerItemDescription>מב בורקיטס מאפית</ManufacturerItemDescription><SoldByWeight/><Quantity>1.00</Quantity><UnitOfMeasure>ק"ג</UnitOfMeasure><QtyInPackage>לא ידוע</QtyInPackage><UnitOfMeasurePrice>22.9000</UnitOfMeasurePrice><AllowDiscount>1</AllowDiscount><ItemStatus>1</ItemStatus><ItemPrice>22.90</ItemPrice></item><item><PriceUpdateDate>2016-05-01 21:46:54</PriceUpdateDate><ItemCode>7290006804082</ItemCode><ItemType>3</ItemType><ItemName>קוראסון ביס שוקולד</ItemName><ManufacturerName>פילסברי</ManufacturerName><ManufactureCountry>ישראל</ManufactureCountry><ManufacturerItemDescription>קוראסון ביס שוקולד</ManufacturerItemDescription><SoldByWeight/><Quantity>1.00</Quantity><UnitOfMeasure>ק"ג</UnitOfMeasure><QtyInPackage>לא ידוע</QtyInPackage><UnitOfMeasurePrice>35.0000</UnitOfMeasurePrice><AllowDiscount>1</AllowDiscount><ItemStatus>1</ItemStatus><ItemPrice>35.00</ItemPrice></item><item><PriceUpdateDate>2016-05-30 22:04:18</PriceUpdateDate><ItemCode>7290006804099</ItemCode><ItemType>3</ItemType><ItemName>מב גביניות</ItemName><ManufacturerName>פילסברי</ManufacturerName><ManufactureCountry>ישראל</ManufactureCountry><ManufacturerItemDescription>גבניות 1 קג לאפיה</ManufacturerItemDescription><SoldByWeight/><Quantity>1.00</Quantity><UnitOfMeasure>ק"ג</UnitOfMeasure><QtyInPackage>לא ידוע</QtyInPackage><UnitOfMeasurePrice>22.9000</UnitOfMeasurePrice><AllowDiscount>1</AllowDiscount><ItemStatus>1</ItemStatus><ItemPrice>22.90</ItemPrice></item><item><PriceUpdateDate>2016-03-01 06:43:32</PriceUpdateDate><ItemCode>7290006804143</ItemCode><ItemType>3</ItemType><ItemName>רוגלך מאפית</ItemName><ManufacturerName>פילסברי</ManufacturerName><ManufactureCountry>ישראל</ManufactureCountry><ManufacturerItemDescription>רוגלך בטעם שוקולד 1 קג</ManufacturerItemDescription><SoldByWeight/><Quantity>1.00</Quantity><UnitOfMeasure>ק"ג</UnitOfMeasure><QtyInPackage>לא ידוע</QtyInPackage><UnitOfMeasurePrice>37.0000</UnitOfMeasurePrice><AllowDiscount>1</AllowDiscount><ItemStatus>1</ItemStatus><ItemPrice>37.00</ItemPrice></item><item><PriceUpdateDate>2015-11-10 09:55:16</PriceUpdateDate><ItemCode>7290006804198</ItemCode><ItemType>3</ItemType><ItemName>מאפה פלמה 1 ק''ג קרם</ItemName><ManufacturerName>פילסברי</ManufacturerName><ManufactureCountry>ישראל</ManufactureCountry><ManufacturerItemDescription>מאפה פלמה קרם שניט 1 קג</ManufacturerItemDescription><SoldByWeight/><Quantity>1.00</Quantity><UnitOfMeasure>ק"ג</UnitOfMeasure><QtyInPackage>לא ידוע</QtyInPackage><UnitOfMeasurePrice>40.8000</UnitOfMeasurePrice><AllowDiscount>1</AllowDiscount><ItemStatus>1</ItemStatus><ItemPrice>40.80</ItemPrice></item><item><PriceUpdateDate>2014-11-03 06:37:54</PriceUpdateDate><ItemCode>7290006804204</ItemCode><ItemType>3</ItemType><ItemName>מאפה פלמה 1 ק''ג גבי</ItemName><ManufacturerName>פילסברי</ManufacturerName><ManufactureCountry>ישראל</ManufactureCountry><ManufacturerItemDescription>מאפה פלמה 1 ק''ג גבי</ManufacturerItemDescription><SoldByWeight/><Quantity>1.00</Quantity><UnitOfMeasure>ק"ג</UnitOfMeasure><QtyInPackage>לא ידוע</QtyInPackage><UnitOfMeasurePrice>40.0000</UnitOfMeasurePrice><AllowDiscount>1</AllowDiscount><ItemStatus>1</ItemStatus><ItemPrice>40.00</ItemPrice></item><item><PriceUpdateDate>2015-11-10 09:55:16</PriceUpdateDate><ItemCode>7290006804297</ItemCode><ItemType>3</ItemType><ItemName>ריבועי פיצה חצי אפוי</ItemName><ManufacturerName>פילסברי</ManufacturerName><ManufactureCountry>ישראל</ManufactureCountry><ManufacturerItemDescription>ריבועי פיצה חצי אפוי</ManufacturerItemDescription><SoldByWeight/><Quantity>1.00</Quantity><UnitOfMeasure>ק"ג</UnitOfMeasure><QtyInPackage>לא ידוע</QtyInPackage><UnitOfMeasurePrice>47.9000</UnitOfMeasurePrice><AllowDiscount>1</AllowDiscount><ItemStatus>1</ItemStatus><ItemPrice>47.90</ItemPrice></item><item><PriceUpdateDate>2015-11-10 09:55:16</PriceUpdateDate><ItemCode>7290006804303</ItemCode><ItemType>1</ItemType><ItemName>לחמניה שמינייה כפרית</ItemName><ManufacturerName>פילסברי</ManufacturerName><ManufactureCountry>ישראל</ManufactureCountry><ManufacturerItemDescription>לחמניה שמינייה כפרית</ManufacturerItemDescription><SoldByWeight/><Quantity>1000.00</Quantity><UnitOfMeasure>ק"ג     </UnitOfMeasure><QtyInPackage>לא ידוע</QtyInPackage><UnitOfMeasurePrice>0.0046</UnitOfMeasurePrice><AllowDiscount>1</AllowDiscount><ItemStatus>1</ItemStatus><ItemPrice>4.60</ItemPrice></item><item><PriceUpdateDate>2015-10-11 08:12:38</PriceUpdateDate><ItemCode>7290006804334</ItemCode><ItemType>1</ItemType><ItemName>לחמניה כריך ילדים לב</ItemName><ManufacturerName>פילסברי</ManufacturerName><ManufactureCountry>ישראל</ManufactureCountry><ManufacturerItemDescription>לחמניה כריך ילדים לב</ManufacturerItemDescription><SoldByWeight/><Quantity>1000.00</Quantity><UnitOfMeasure>ק"ג     </UnitOfMeasure><QtyInPackage>לא ידוע</QtyInPackage><UnitOfMeasurePrice>0.0030</UnitOfMeasurePrice><AllowDiscount>1</AllowDiscount><ItemStatus>1</ItemStatus><ItemPrice>3.00</ItemPrice></item><item><PriceUpdateDate>2015-10-11 08:12:38</PriceUpdateDate><ItemCode>7290006804426</ItemCode><ItemType>1</ItemType><ItemName>לחמניה כריך ילדים כפ</ItemName><ManufacturerName>פילסברי</ManufacturerName><ManufactureCountry>ישראל</ManufactureCountry><ManufacturerItemDescription>לחמניה כריך ילדים כפ</ManufacturerItemDescription><SoldByWeight/><Quantity>1000.00</Quantity><UnitOfMeasure>קג</UnitOfMeasure><QtyInPackage>לא ידוע</QtyInPackage><UnitOfMeasurePrice>0.0030</UnitOfMeasurePrice><AllowDiscount>1</AllowDiscount><ItemStatus>1</ItemStatus><ItemPrice>3.00</ItemPrice></item><item><PriceUpdateDate>2015-10-20 09:04:44</PriceUpdateDate><ItemCode>7290006804457</ItemCode><ItemType>3</ItemType><ItemName>פילס פיצה</ItemName><ManufacturerName>פילסברי</ManufacturerName><ManufactureCountry>ישראל</ManufactureCountry><ManufacturerItemDescription>בורקס פילס פיצה 1 קג לאפי</ManufacturerItemDescription><SoldByWeight/><Quantity>1.00</Quantity><UnitOfMeasure>ק"ג</UnitOfMeasure><QtyInPackage>לא ידוע</QtyInPackage><UnitOfMeasurePrice>40.8000</UnitOfMeasurePrice><AllowDiscount>1</AllowDiscount><ItemStatus>1</ItemStatus><ItemPrice>40.80</ItemPrice></item><item><PriceUpdateDate>2016-03-01 06:43:32</PriceUpdateDate><ItemCode>7290006804686</ItemCode><ItemType>1</ItemType><ItemName>לחם מרוקאי 500 גרם</ItemName><ManufacturerName>פילסברי</ManufacturerName><ManufactureCountry>ישראל</ManufactureCountry><ManufacturerItemDescription>לחם מרוקאי 500 גרם</ManufacturerItemDescription><SoldByWeight/><Quantity>1000.00</Quantity><UnitOfMeasure>קג</UnitOfMeasure><QtyInPackage>לא ידוע</QtyInPackage><UnitOfMeasurePrice>0.0152</UnitOfMeasurePrice><AllowDiscount>1</AllowDiscount><ItemStatus>1</ItemStatus><ItemPrice>15.20</ItemPrice></item><item><PriceUpdateDate>2015-10-20 09:04:44</PriceUpdateDate><ItemCode>7290006804754</ItemCode><ItemType>1</ItemType><ItemName>בייגלה פרצל לאפיה 15</ItemName><ManufacturerName>פילסברי</ManufacturerName><ManufactureCountry>ישראל</ManufactureCountry><ManufacturerItemDescription>בייגלה פרצל לאפיה 15</ManufacturerItemDescription><SoldByWeight/><Quantity>1000.00</Quantity><UnitOfMeasure>ק"ג     </UnitOfMeasure><QtyInPackage>לא ידוע</QtyInPackage><UnitOfMeasurePrice>0.0046</UnitOfMeasurePrice><AllowDiscount>1</AllowDiscount><ItemStatus>1</ItemStatus><ItemPrice>4.60</ItemPrice></item><item><PriceUpdateDate>2015-11-10 09:55:16</PriceUpdateDate><ItemCode>7290006804785</ItemCode><ItemType>1</ItemType><ItemName>עוגת שמרים גבינה</ItemName><ManufacturerName>פילסברי</ManufacturerName><ManufactureCountry>ישראל</ManufactureCountry><ManufacturerItemDescription>עוגת שמרים גבינה</ManufacturerItemDescription><SoldByWeight/><Quantity>1000.00</Quantity><UnitOfMeasure>ק"ג     </UnitOfMeasure><QtyInPackage>לא ידוע</QtyInPackage><UnitOfMeasurePrice>0.0212</UnitOfMeasurePrice><AllowDiscount>1</AllowDiscount><ItemStatus>1</ItemStatus><ItemPrice>21.20</ItemPrice></item><item><PriceUpdateDate>2015-11-10 09:55:16</PriceUpdateDate><ItemCode>7290006804877</ItemCode><ItemType>1</ItemType><ItemName>פיתה ביס 10 יח מארז</ItemName><ManufacturerName>פילסברי</ManufacturerName><ManufactureCountry>ישראל</ManufactureCountry><ManufacturerItemDescription>פיתה ביס</ManufacturerItemDescription><SoldByWeight/><Quantity>1000.00</Quantity><UnitOfMeasure>ק"ג     </UnitOfMeasure><QtyInPackage>לא ידוע</QtyInPackage><UnitOfMeasurePrice>0.0113</UnitOfMeasurePrice><AllowDiscount>1</AllowDiscount><ItemStatus>1</ItemStatus><ItemPrice>11.30</ItemPrice></item><item><PriceUpdateDate>2015-11-10 09:55:16</PriceUpdateDate><ItemCode>7290006804891</ItemCode><ItemType>1</ItemType><ItemName>פיתה ביס קלה עשיריה</ItemName><ManufacturerName>פילסברי</ManufacturerName><ManufactureCountry>ישראל</ManufactureCountry><ManufacturerItemDescription>פיתה ביס קלה 10 יחידות</ManufacturerItemDescription><SoldByWeight/><Quantity>1000.00</Quantity><UnitOfMeasure>קג</UnitOfMeasure><QtyInPackage>לא ידוע</QtyInPackage><UnitOfMeasurePrice>0.0152</UnitOfMeasurePrice><AllowDiscount>1</AllowDiscount><ItemStatus>1</ItemStatus><ItemPrice>15.20</ItemPrice></item><item><PriceUpdateDate>2016-04-12 10:01:22</PriceUpdateDate><ItemCode>7290006804907</ItemCode><ItemType>1</ItemType><ItemName>פיתות 5 יחידות אפיה</ItemName><ManufacturerName>פילסברי</ManufacturerName><ManufactureCountry>ישראל</ManufactureCountry><ManufacturerItemDescription>פיתות אסלי קפוא</ManufacturerItemDescription><SoldByWeight/><Quantity>1000.00</Quantity><UnitOfMeasure>קג</UnitOfMeasure><QtyInPackage>לא ידוע</QtyInPackage><UnitOfMeasurePrice>0.0069</UnitOfMeasurePrice><AllowDiscount>1</AllowDiscount><ItemStatus>1</ItemStatus><ItemPrice>6.90</ItemPrice></item><item><PriceUpdateDate>2016-03-09 12:57:30</PriceUpdateDate><ItemCode>7290006805355</ItemCode><ItemType>1</ItemType><ItemName>תערובת להכנת כדורי ש</ItemName><ManufacturerName>ליימן חטיבת המותגים</ManufacturerName><ManufactureCountry>ישראל</ManufactureCountry><ManufacturerItemDescription>תערובת לכדורי שוקולד 500</ManufacturerItemDescription><SoldByWeight/><Quantity>500.00</Quantity><UnitOfMeasure>גרם     </UnitOfMeasure><QtyInPackage>לא ידוע</QtyInPackage><UnitOfMeasurePrice>0.0398</UnitOfMeasurePrice><AllowDiscount>1</AllowDiscount><ItemStatus>1</ItemStatus><ItemPrice>19.90</ItemPrice></item><item><PriceUpdateDate>2015-10-11 08:12:38</PriceUpdateDate><ItemCode>7290006805362</ItemCode><ItemType>1</ItemType><ItemName>חצי באגט 180 גרם</ItemName><ManufacturerName>פילסברי</ManufacturerName><ManufactureCountry>ישראל</ManufactureCountry><ManufacturerItemDescription>חצי באגט 180 גרם</ManufacturerItemDescription><SoldByWeight/><Quantity>1000.00</Quantity><UnitOfMeasure>ק"ג     </UnitOfMeasure><QtyInPackage>לא ידוע</QtyInPackage><UnitOfMeasurePrice>0.0041</UnitOfMeasurePrice><AllowDiscount>1</AllowDiscount><ItemStatus>1</ItemStatus><ItemPrice>4.10</ItemPrice></item><item><PriceUpdateDate>2015-11-10 09:55:16</PriceUpdateDate><ItemCode>7290006805379</ItemCode><ItemType>1</ItemType><ItemName>שליש בגט</ItemName><ManufacturerName>פילסברי</ManufacturerName><ManufactureCountry>ישראל</ManufactureCountry><ManufacturerItemDescription>שליש בגט</ManufacturerItemDescription><SoldByWeight/><Quantity>1000.00</Quantity><UnitOfMeasure>ק"ג     </UnitOfMeasure><QtyInPackage>לא ידוע</QtyInPackage><UnitOfMeasurePrice>0.0033</UnitOfMeasurePrice><AllowDiscount>1</AllowDiscount><ItemStatus>1</ItemStatus><ItemPrice>3.30</ItemPrice></item><item><PriceUpdateDate>2015-10-20 09:04:44</PriceUpdateDate><ItemCode>7290006805386</ItemCode><ItemType>1</ItemType><ItemName>שליש באגט כפרי</ItemName><ManufacturerName>פילסברי</ManufacturerName><ManufactureCountry>ישראל</ManufactureCountry><ManufacturerItemDescription>שליש באגט כפרי</ManufacturerItemDescription><SoldByWeight/><Quantity>1000.00</Quantity><UnitOfMeasure>ק"ג     </UnitOfMeasure><QtyInPackage>לא ידוע</QtyInPackage><UnitOfMeasurePrice>0.0033</UnitOfMeasurePrice><AllowDiscount>1</AllowDiscount><ItemStatus>1</ItemStatus><ItemPrice>3.30</ItemPrice></item><item><PriceUpdateDate>2014-11-03 06:37:54</PriceUpdateDate><ItemCode>7290006805409</ItemCode><ItemType>3</ItemType><ItemName>שנק קינמון פילסברי</ItemName><ManufacturerName>פילסברי</ManufacturerName><ManufactureCountry>ישראל</ManufactureCountry><ManufacturerItemDescription>שנק קינמון פילסברי</ManufacturerItemDescription><SoldByWeight/><Quantity>1.00</Quantity><UnitOfMeasure>ק"ג</UnitOfMeasure><QtyInPackage>לא ידוע</QtyInPackage><UnitOfMeasurePrice>35.0000</UnitOfMeasurePrice><AllowDiscount>1</AllowDiscount><ItemStatus>1</ItemStatus><ItemPrice>35.00</ItemPrice></item><item><PriceUpdateDate>2016-03-09 12:57:30</PriceUpdateDate><ItemCode>7290006805850</ItemCode><ItemType>1</ItemType><ItemName>תערובת להכנת פנקייק</ItemName><ManufacturerName>ליימן חטיבת המותגים</ManufacturerName><ManufactureCountry>ישראל</ManufactureCountry><ManufacturerItemDescription>תערובת להכנת פנקייקס 500</ManufacturerItemDescription><SoldByWeight/><Quantity>500.00</Quantity><UnitOfMeasure>גרם     </UnitOfMeasure><QtyInPackage>לא ידוע</QtyInPackage><UnitOfMeasurePrice>0.0398</UnitOfMeasurePrice><AllowDiscount>1</AllowDiscount><ItemStatus>1</ItemStatus><ItemPrice>19.90</ItemPrice></item><item><PriceUpdateDate>2015-11-10 09:55:16</PriceUpdateDate><ItemCode>7290006805881</ItemCode><ItemType>1</ItemType><ItemName>בייגל וינוסאז' פילסב</ItemName><ManufacturerName>פילסברי</ManufacturerName><ManufactureCountry>ישראל</ManufactureCountry><ManufacturerItemDescription>בייגל וינוסאז' פילסב</ManufacturerItemDescription><SoldByWeight/><Quantity>1000.00</Quantity><UnitOfMeasure>קג</UnitOfMeasure><QtyInPackage>לא ידוע</QtyInPackage><UnitOfMeasurePrice>0.0069</UnitOfMeasurePrice><AllowDiscount>1</AllowDiscount><ItemStatus>1</ItemStatus><ItemPrice>6.90</ItemPrice></item><item><PriceUpdateDate>2015-10-11 08:12:39</PriceUpdateDate><ItemCode>7290006805911</ItemCode><ItemType>1</ItemType><ItemName>לחמניה פטיט פאן לבן</ItemName><ManufacturerName>פילסברי</ManufacturerName><ManufactureCountry>ישראל</ManufactureCountry><ManufacturerItemDescription>לחמניה פטיט פאן לבן</ManufacturerItemDescription><SoldByWeight/><Quantity>1000.00</Quantity><UnitOfMeasure>ק"ג     </UnitOfMeasure><QtyInPackage>לא ידוע</QtyInPackage><UnitOfMeasurePrice>0.0018</UnitOfMeasurePrice><AllowDiscount>1</AllowDiscount><ItemStatus>1</ItemStatus><ItemPrice>1.80</ItemPrice></item><item><PriceUpdateDate>2015-10-11 08:12:39</PriceUpdateDate><ItemCode>7290006805928</ItemCode><ItemType>1</ItemType><ItemName>לחמניה פטיט פאן כפרי</ItemName><ManufacturerName>פילסברי</ManufacturerName><ManufactureCountry>ישראל</ManufactureCountry><ManufacturerItemDescription>לחמניה פטיט פאן כפרי</ManufacturerItemDescription><SoldByWeight/><Quantity>1000.00</Quantity><UnitOfMeasure>ק"ג     </UnitOfMeasure><QtyInPackage>לא ידוע</QtyInPackage><UnitOfMeasurePrice>0.0018</UnitOfMeasurePrice><AllowDiscount>1</AllowDiscount><ItemStatus>1</ItemStatus><ItemPrice>1.80</ItemPrice></item><item><PriceUpdateDate>2014-11-03 06:37:54</PriceUpdateDate><ItemCode>7290006805935</ItemCode><ItemType>3</ItemType><ItemName>מאפה פלמה תפו"ע</ItemName><ManufacturerName>פילסברי</ManufacturerName><ManufactureCountry>ישראל</ManufactureCountry><ManufacturerItemDescription>מאפה פלמה תפו"ע</ManufacturerItemDescription><SoldByWeight/><Quantity>1.00</Quantity><UnitOfMeasure>ק"ג</UnitOfMeasure><QtyInPackage>לא ידוע</QtyInPackage><UnitOfMeasurePrice>35.0000</UnitOfMeasurePrice><AllowDiscount>1</AllowDiscount><ItemStatus>1</ItemStatus><ItemPrice>35.00</ItemPrice></item><item><PriceUpdateDate>2015-10-11 08:12:39</PriceUpdateDate><ItemCode>7290006806444</ItemCode><ItemType>1</ItemType><ItemName>בייגל אמריקאי</ItemName><ManufacturerName>פילסברי</ManufacturerName><ManufactureCountry>ישראל</ManufactureCountry><ManufacturerItemDescription>בייגל אמריקאי</ManufacturerItemDescription><SoldByWeight/><Quantity>1.00</Quantity><UnitOfMeasure>יח'</UnitOfMeasure><QtyInPackage>לא ידוע</QtyInPackage><UnitOfMeasurePrice>4.6000</UnitOfMeasurePrice><AllowDiscount>1</AllowDiscount><ItemStatus>1</ItemStatus><ItemPrice>4.60</ItemPrice></item><item><PriceUpdateDate>2014-11-03 06:37:54</PriceUpdateDate><ItemCode>7290006806918</ItemCode><ItemType>1</ItemType><ItemName>לחם ארטיזנל אגוזים ו</ItemName><ManufacturerName>פילסברי</ManufacturerName><ManufactureCountry>ישראל</ManufactureCountry><ManufacturerItemDescription>לחם ארטיזנל אגוזים וצימוק</ManufacturerItemDescription><SoldByWeight/><Quantity>1000.00</Quantity><UnitOfMeasure>קג</UnitOfMeasure><QtyInPackage>לא ידוע</QtyInPackage><UnitOfMeasurePrice>0.0153</UnitOfMeasurePrice><AllowDiscount>1</AllowDiscount><ItemStatus>1</ItemStatus><ItemPrice>15.30</ItemPrice></item><item><PriceUpdateDate>2015-10-20 09:04:44</PriceUpdateDate><ItemCode>7290006806963</ItemCode><ItemType>1</ItemType><ItemName>חלה מתוקה קלועה חצי</ItemName><ManufacturerName>פילסברי</ManufacturerName><ManufactureCountry>ישראל</ManufactureCountry><ManufacturerItemDescription>חלה קלועה מתוקה אפויה 570</ManufacturerItemDescription><SoldByWeight/><Quantity>1000.00</Quantity><UnitOfMeasure>ק"ג     </UnitOfMeasure><QtyInPackage>לא ידוע</QtyInPackage><UnitOfMeasurePrice>0.0135</UnitOfMeasurePrice><AllowDiscount>1</AllowDiscount><ItemStatus>1</ItemStatus><ItemPrice>13.50</ItemPrice></item><item><PriceUpdateDate>2016-02-02 06:51:18</PriceUpdateDate><ItemCode>7290006822192</ItemCode><ItemType>1</ItemType><ItemName>נקטר חמוציות דיאט 1</ItemName><ManufacturerName>אושן ספרי</ManufacturerName><ManufactureCountry>ישראל</ManufactureCountry><ManufacturerItemDescription>נקטר חמוציות דיאט 1 ליטר</ManufacturerItemDescription><SoldByWeight/><Quantity>1000.00</Quantity><UnitOfMeasure>מ"ל</UnitOfMeasure><QtyInPackage>לא ידוע</QtyInPackage><UnitOfMeasurePrice>0.0132</UnitOfMeasurePrice><AllowDiscount>1</AllowDiscount><ItemStatus>1</ItemStatus><ItemPrice>13.20</ItemPrice></item><item><PriceUpdateDate>2016-03-02 07:28:39</PriceUpdateDate><ItemCode>7290006855206</ItemCode><ItemType>1</ItemType><ItemName>חטיף ברבריא שזיפים ק</ItemName><ManufacturerName>לא ממותג</ManufacturerName><ManufactureCountry>ישראל</ManufactureCountry><ManufacturerItemDescription>חטיף ברבריא שזיפים ק</ManufacturerItemDescription><SoldByWeight/><Quantity>108.00</Quantity><UnitOfMeasure>גרם     </UnitOfMeasure><QtyInPackage>לא ידוע</QtyInPackage><UnitOfMeasurePrice>0.1843</UnitOfMeasurePrice><AllowDiscount>1</AllowDiscount><ItemStatus>1</ItemStatus><ItemPrice>19.90</ItemPrice></item><item><PriceUpdateDate>2015-11-12 14:41:21</PriceUpdateDate><ItemCode>7290006869128</ItemCode><ItemType>1</ItemType><ItemName>לרוויה 1.5% 1 ליטר</ItemName><ManufacturerName>לרוויה</ManufacturerName><ManufactureCountry>ישראל</ManufactureCountry><ManufacturerItemDescription>לרוויה 1.5% 1 ליטר</ManufacturerItemDescription><SoldByWeight/><Quantity>1000.00</Quantity><UnitOfMeasure>מ"ל</UnitOfMeasure><QtyInPackage>לא ידוע</QtyInPackage><UnitOfMeasurePrice>0.0115</UnitOfMeasurePrice><AllowDiscount>1</AllowDiscount><ItemStatus>1</ItemStatus><ItemPrice>11.50</ItemPrice></item><item><PriceUpdateDate>2016-02-11 09:34:58</PriceUpdateDate><ItemCode>7290006869449</ItemCode><ItemType>1</ItemType><ItemName>לבן 3% 150 מ"ל</ItemName><ManufacturerName>טרה</ManufacturerName><ManufactureCountry>ישראל</ManufactureCountry><ManufacturerItemDescription>לבן 3% 150 מ"ל</ManufacturerItemDescription><SoldByWeight/><Quantity>150.00</Quantity><UnitOfMeasure>מ"ל</UnitOfMeasure><QtyInPackage>לא ידוע</QtyInPackage><UnitOfMeasurePrice>0.0070</UnitOfMeasurePrice><AllowDiscount>1</AllowDiscount><ItemStatus>1</ItemStatus><ItemPrice>1.05</ItemPrice></item><item><PriceUpdateDate>2016-05-30 22:04:18</PriceUpdateDate><ItemCode>7290006895745</ItemCode><ItemType>1</ItemType><ItemName>מב קציצות עוף וכרישה</ItemName><ManufacturerName>מאמא עוף קפוא</ManufacturerName><ManufactureCountry>ישראל</ManufactureCountry><ManufacturerItemDescription>קציצות עוף וכרישה 600 גר</ManufacturerItemDescription><SoldByWeight/><Quantity>600.00</Quantity><UnitOfMeasure>גרם     </UnitOfMeasure><QtyInPackage>לא ידוע</QtyInPackage><UnitOfMeasurePrice>0.0415</UnitOfMeasurePrice><AllowDiscount>1</AllowDiscount><ItemStatus>1</ItemStatus><ItemPrice>24.90</ItemPrice></item><item><PriceUpdateDate>2016-03-15 09:14:36</PriceUpdateDate><ItemCode>7290006941237</ItemCode><ItemType>1</ItemType><ItemName>לפתניה 25 יח' צבעוני</ItemName><ManufacturerName>"המותג"</ManufacturerName><ManufactureCountry>ישראל</ManufactureCountry><ManufacturerItemDescription>לפתניה 25 יח' צבעוני</ManufacturerItemDescription><SoldByWeight/><Quantity>25.00</Quantity><UnitOfMeasure>יח</UnitOfMeasure><QtyInPackage>לא ידוע</QtyInPackage><UnitOfMeasurePrice>0.1560</UnitOfMeasurePrice><AllowDiscount>1</AllowDiscount><ItemStatus>1</ItemStatus><ItemPrice>3.90</ItemPrice></item><item><PriceUpdateDate>2016-03-15 09:14:36</PriceUpdateDate><ItemCode>7290006941558</ItemCode><ItemType>1</ItemType><ItemName>סכינים צבעוניים 50 י</ItemName><ManufacturerName>"המותג"</ManufacturerName><ManufactureCountry>ישראל</ManufactureCountry><ManufacturerItemDescription>סכינים צבעוניים 50 י</ManufacturerItemDescription><SoldByWeight/><Quantity>50.00</Quantity><UnitOfMeasure>יח</UnitOfMeasure><QtyInPackage>לא ידוע</QtyInPackage><UnitOfMeasurePrice>0.1180</UnitOfMeasurePrice><AllowDiscount>1</AllowDiscount><ItemStatus>1</ItemStatus><ItemPrice>5.90</ItemPrice></item><item><PriceUpdateDate>2015-11-12 18:18:36</PriceUpdateDate><ItemCode>7290006982704</ItemCode><ItemType>1</ItemType><ItemName>חטיף ציפסי מארז 10 י</ItemName><ManufacturerName>ציפסי</ManufacturerName><ManufactureCountry>ישראל</ManufactureCountry><ManufacturerItemDescription>חטיף ציפסי מארז 10 י</ManufacturerItemDescription><SoldByWeight/><Quantity>200.00</Quantity><UnitOfMeasure>גרם     </UnitOfMeasure><QtyInPackage>לא ידוע</QtyInPackage><UnitOfMeasurePrice>0.0945</UnitOfMeasurePrice><AllowDiscount>1</AllowDiscount><ItemStatus>1</ItemStatus><ItemPrice>18.90</ItemPrice></item><item><PriceUpdateDate>2015-10-21 16:18:26</PriceUpdateDate><ItemCode>7290006983152</ItemCode><ItemType>1</ItemType><ItemName>קרוטונים מתובלים למר</ItemName><ManufacturerName>אסם</ManufacturerName><ManufactureCountry>ישראל</ManufactureCountry><ManufacturerItemDescription>קרוטונים מתובלים למר</ManufacturerItemDescription><SoldByWeight/><Quantity>400.00</Quantity><UnitOfMeasure>גרם     </UnitOfMeasure><QtyInPackage>לא ידוע</QtyInPackage><UnitOfMeasurePrice>0.0525</UnitOfMeasurePrice><AllowDiscount>1</AllowDiscount><ItemStatus>1</ItemStatus><ItemPrice>21.00</ItemPrice></item><item><PriceUpdateDate>2014-11-03 06:37:02</PriceUpdateDate><ItemCode>7290006983206</ItemCode><ItemType>1</ItemType><ItemName>תערובת להכנת פלאפל 1</ItemName><ManufacturerName>אסם</ManufacturerName><ManufactureCountry>ישראל</ManufactureCountry><ManufacturerItemDescription>תערובת להכנת פלאפל 1</ManufacturerItemDescription><SoldByWeight/><Quantity>180.00</Quantity><UnitOfMeasure>גרם     </UnitOfMeasure><QtyInPackage>לא ידוע</QtyInPackage><UnitOfMeasurePrice>0.0611</UnitOfMeasurePrice><AllowDiscount>1</AllowDiscount><ItemStatus>1</ItemStatus><ItemPrice>11.00</ItemPrice></item><item><PriceUpdateDate>2016-05-30 22:04:19</PriceUpdateDate><ItemCode>7290006983763</ItemCode><ItemType>1</ItemType><ItemName>עוגת הבית שוקולד 400</ItemName><ManufacturerName>עוגות הבית</ManufacturerName><ManufactureCountry>ישראל</ManufactureCountry><ManufacturerItemDescription>עוגת הבית שוקולד 400 גר</ManufacturerItemDescription><SoldByWeight/><Quantity>400.00</Quantity><UnitOfMeasure>גרם     </UnitOfMeasure><QtyInPackage>לא ידוע</QtyInPackage><UnitOfMeasurePrice>0.0273</UnitOfMeasurePrice><AllowDiscount>0</AllowDiscount><ItemStatus>1</ItemStatus><ItemPrice>10.90</ItemPrice></item><item><PriceUpdateDate>2016-05-30 22:04:19</PriceUpdateDate><ItemCode>7290006983770</ItemCode><ItemType>1</ItemType><ItemName>עוגת הבית שיש 400 גר</ItemName><ManufacturerName>אסם</ManufacturerName><ManufactureCountry>ישראל</ManufactureCountry><ManufacturerItemDescription>עוגת הבית שיש 400 גרם</ManufacturerItemDescription><SoldByWeight/><Quantity>400.00</Quantity><UnitOfMeasure>גרם     </UnitOfMeasure><QtyInPackage>לא ידוע</QtyInPackage><UnitOfMeasurePrice>0.0273</UnitOfMeasurePrice><AllowDiscount>0</AllowDiscount><ItemStatus>1</ItemStatus><ItemPrice>10.90</ItemPrice></item><item><PriceUpdateDate>2016-05-30 22:04:19</PriceUpdateDate><ItemCode>7290006983787</ItemCode><ItemType>1</ItemType><ItemName>עוגת הבית שוקוצ'יפס</ItemName><ManufacturerName>עוגות הבית</ManufacturerName><ManufactureCountry>ישראל</ManufactureCountry><ManufacturerItemDescription>עוגת הבית שוקוציפס 400 גר</ManufacturerItemDescription><SoldByWeight/><Quantity>400.00</Quantity><UnitOfMeasure>גרם     </UnitOfMeasure><QtyInPackage>לא ידוע</QtyInPackage><UnitOfMeasurePrice>0.0273</UnitOfMeasurePrice><AllowDiscount>0</AllowDiscount><ItemStatus>1</ItemStatus><ItemPrice>10.90</ItemPrice></item><item><PriceUpdateDate>2016-05-30 22:04:19</PriceUpdateDate><ItemCode>7290006983794</ItemCode><ItemType>1</ItemType><ItemName>עוגת הבית תפוז 400 ג</ItemName><ManufacturerName>עוגות הבית</ManufacturerName><ManufactureCountry>ישראל</ManufactureCountry><ManufacturerItemDescription>עוגת הבית תפוז 400 גר</ManufacturerItemDescription><SoldByWeight/><Quantity>400.00</Quantity><UnitOfMeasure>גרם     </UnitOfMeasure><QtyInPackage>לא ידוע</QtyInPackage><UnitOfMeasurePrice>0.0273</UnitOfMeasurePrice><AllowDiscount>0</AllowDiscount><ItemStatus>1</ItemStatus><ItemPrice>10.90</ItemPrice></item><item><PriceUpdateDate>2015-10-21 16:18:26</PriceUpdateDate><ItemCode>7290006984647</ItemCode><ItemType>1</ItemType><ItemName>חטיפי פריכונים בטעם</ItemName><ManufacturerName>פריכונים</ManufacturerName><ManufactureCountry>ישראל</ManufactureCountry><ManufacturerItemDescription>חטיפי פריכונים בטעם</ManufacturerItemDescription><SoldByWeight/><Quantity>14.00</Quantity><UnitOfMeasure>גרם     </UnitOfMeasure><QtyInPackage>לא ידוע</QtyInPackage><UnitOfMeasurePrice>0.6643</UnitOfMeasurePrice><AllowDiscount>1</AllowDiscount><ItemStatus>1</ItemStatus><ItemPrice>9.30</ItemPrice></item><item><PriceUpdateDate>2016-05-30 22:04:19</PriceUpdateDate><ItemCode>7290006992192</ItemCode><ItemType>1</ItemType><ItemName>דייסת מטרנה סולת 200</ItemName><ManufacturerName>מטרנה</ManufacturerName><ManufactureCountry>ישראל</ManufactureCountry><ManufacturerItemDescription>דייסת סולת מטרנה 200 גר</ManufacturerItemDescription><SoldByWeight/><Quantity>200.00</Quantity><UnitOfMeasure>גרם     </UnitOfMeasure><QtyInPackage>לא ידוע</QtyInPackage><UnitOfMeasurePrice>0.0725</UnitOfMeasurePrice><AllowDiscount>1</AllowDiscount><ItemStatus>1</ItemStatus><ItemPrice>14.50</ItemPrice></item><item><PriceUpdateDate>2016-03-29 13:00:34</PriceUpdateDate><ItemCode>7290008021050</ItemCode><ItemType>1</ItemType><ItemName>שמפו פינוק לשיער יבש</ItemName><ManufacturerName>פינוק</ManufacturerName><ManufactureCountry>ישראל</ManufactureCountry><ManufacturerItemDescription>שמפו פינוק לשיער יבש</ManufacturerItemDescription><SoldByWeight/><Quantity>700.00</Quantity><UnitOfMeasure>מ"ל</UnitOfMeasure><QtyInPackage>לא ידוע</QtyInPackage><UnitOfMeasurePrice>0.0184</UnitOfMeasurePrice><AllowDiscount>1</AllowDiscount><ItemStatus>1</ItemStatus><ItemPrice>12.90</ItemPrice></item><item><PriceUpdateDate>2016-03-29 13:00:34</PriceUpdateDate><ItemCode>7290008021104</ItemCode><ItemType>1</ItemType><ItemName>מרכך פינוק לשיער רגי</ItemName><ManufacturerName>פינוק</ManufacturerName><ManufactureCountry>ישראל</ManufactureCountry><ManufacturerItemDescription>מרכך פינוק לשיער רגי</ManufacturerItemDescription><SoldByWeight/><Quantity>700.00</Quantity><UnitOfMeasure>מ"ל</UnitOfMeasure><QtyInPackage>לא ידוע</QtyInPackage><UnitOfMeasurePrice>0.0184</UnitOfMeasurePrice><AllowDiscount>1</AllowDiscount><ItemStatus>1</ItemStatus><ItemPrice>12.90</ItemPrice></item><item><PriceUpdateDate>2016-03-29 13:00:35</PriceUpdateDate><ItemCode>7290008021111</ItemCode><ItemType>1</ItemType><ItemName>מרכך פינוק לשיער יבש</ItemName><ManufacturerName>פינוק</ManufacturerName><ManufactureCountry>ישראל</ManufactureCountry><ManufacturerItemDescription>מרכך פינוק לשיער יבש</ManufacturerItemDescription><SoldByWeight/><Quantity>700.00</Quantity><UnitOfMeasure>מ"ל</UnitOfMeasure><QtyInPackage>לא ידוע</QtyInPackage><UnitOfMeasurePrice>0.0184</UnitOfMeasurePrice><AllowDiscount>1</AllowDiscount><ItemStatus>1</ItemStatus><ItemPrice>12.90</ItemPrice></item><item><PriceUpdateDate>2016-03-29 13:00:35</PriceUpdateDate><ItemCode>7290008021135</ItemCode><ItemType>1</ItemType><ItemName>שמפו פינוק לשיער רגי</ItemName><ManufacturerName>פינוק</ManufacturerName><ManufactureCountry>ישראל</ManufactureCountry><ManufacturerItemDescription>שמפו פינוק לשיער רגי</ManufacturerItemDescription><SoldByWeight/><Quantity>700.00</Quantity><UnitOfMeasure>מ"ל</UnitOfMeasure><QtyInPackage>לא ידוע</QtyInPackage><UnitOfMeasurePrice>0.0184</UnitOfMeasurePrice><AllowDiscount>1</AllowDiscount><ItemStatus>1</ItemStatus><ItemPrice>12.90</ItemPrice></item><item><PriceUpdateDate>2016-05-01 21:46:54</PriceUpdateDate><ItemCode>7290008023542</ItemCode><ItemType>1</ItemType><ItemName>פנטסטיק סיף שמפו לרצ</ItemName><ManufacturerName>סיף</ManufacturerName><ManufactureCountry>ישראל</ManufactureCountry><ManufacturerItemDescription>פנטסטיק סיף שמפו לרצ</ManufacturerItemDescription><SoldByWeight/><Quantity>4000.00</Quantity><UnitOfMeasure>מ"ל</UnitOfMeasure><QtyInPackage>לא ידוע</QtyInPackage><UnitOfMeasurePrice>0.0060</UnitOfMeasurePrice><AllowDiscount>1</AllowDiscount><ItemStatus>1</ItemStatus><ItemPrice>24.10</ItemPrice></item><item><PriceUpdateDate>2015-11-12 16:53:21</PriceUpdateDate><ItemCode>7290008094061</ItemCode><ItemType>1</ItemType><ItemName>משחת שיניים פרודונטק</ItemName><ManufacturerName>פרודונטקס</ManufacturerName><ManufactureCountry>ישראל</ManufactureCountry><ManufacturerItemDescription>משחת שיניים פרודונטק</ManufacturerItemDescription><SoldByWeight/><Quantity>75.00</Quantity><UnitOfMeasure>מ"ל</UnitOfMeasure><QtyInPackage>לא ידוע</QtyInPackage><UnitOfMeasurePrice>0.3440</UnitOfMeasurePrice><AllowDiscount>1</AllowDiscount><ItemStatus>1</ItemStatus><ItemPrice>25.80</ItemPrice></item><item><PriceUpdateDate>2015-11-12 16:53:21</PriceUpdateDate><ItemCode>7290008096317</ItemCode><ItemType>1</ItemType><ItemName>משחת שיניים פרודונטק</ItemName><ManufacturerName>פרודונטקס</ManufacturerName><ManufactureCountry>ישראל</ManufactureCountry><ManufacturerItemDescription>משחת שיניים פרודונטק</ManufacturerItemDescription><SoldByWeight/><Quantity>75.00</Quantity><UnitOfMeasure>מ"ל</UnitOfMeasure><QtyInPackage>לא ידוע</QtyInPackage><UnitOfMeasurePrice>0.3440</UnitOfMeasurePrice><AllowDiscount>1</AllowDiscount><ItemStatus>1</ItemStatus><ItemPrice>25.80</ItemPrice></item><item><PriceUpdateDate>2016-02-02 06:51:18</PriceUpdateDate><ItemCode>7290008154222</ItemCode><ItemType>1</ItemType><ItemName>שניצלונים עוף טוב 70</ItemName><ManufacturerName>עוף טוב</ManufacturerName><ManufactureCountry>ישראל</ManufactureCountry><ManufacturerItemDescription>שניצלונים 700 גרם</ManufacturerItemDescription><SoldByWeight/><Quantity>700.00</Quantity><UnitOfMeasure>גרם     </UnitOfMeasure><QtyInPackage>לא ידוע</QtyInPackage><UnitOfMeasurePrice>0.0256</UnitOfMeasurePrice><AllowDiscount>1</AllowDiscount><ItemStatus>1</ItemStatus><ItemPrice>17.90</ItemPrice></item><item><PriceUpdateDate>2016-02-02 06:51:18</PriceUpdateDate><ItemCode>7290008154239</ItemCode><ItemType>1</ItemType><ItemName>טבעות עוף ציפוי מעוד</ItemName><ManufacturerName>עוף טוב</ManufacturerName><ManufactureCountry>ישראל</ManufactureCountry><ManufacturerItemDescription>טבעות עוף בציפוי מעודן 70</ManufacturerItemDescription><SoldByWeight/><Quantity>700.00</Quantity><UnitOfMeasure>גרם     </UnitOfMeasure><QtyInPackage>לא ידוע</QtyInPackage><UnitOfMeasurePrice>0.0511</UnitOfMeasurePrice><AllowDiscount>1</AllowDiscount><ItemStatus>1</ItemStatus><ItemPrice>35.80</ItemPrice></item><item><PriceUpdateDate>2016-05-30 22:04:19</PriceUpdateDate><ItemCode>7290008175494</ItemCode><ItemType>1</ItemType><ItemName>מב ממרח חמאה לורפק ע</ItemName><ManufacturerName>לורפק</ManufacturerName><ManufactureCountry>ישראל</ManufactureCountry><ManufacturerItemDescription>ממרח חמאה 250 גר LURPAKעם</ManufacturerItemDescription><SoldByWeight/><Quantity>250.00</Quantity><UnitOfMeasure>גרם     </UnitOfMeasure><QtyInPackage>לא ידוע</QtyInPackage><UnitOfMeasurePrice>0.0516</UnitOfMeasurePrice><AllowDiscount>1</AllowDiscount><ItemStatus>1</ItemStatus><ItemPrice>12.90</ItemPrice></item><item><PriceUpdateDate>2014-11-03 06:37:09</PriceUpdateDate><ItemCode>7290008175692</ItemCode><ItemType>1</ItemType><ItemName>אטריות ביצים 400 גרם</ItemName><ManufacturerName>לא ממותג</ManufacturerName><ManufactureCountry>ישראל</ManufactureCountry><ManufacturerItemDescription>אטריות ביצים 400 גרם</ManufacturerItemDescription><SoldByWeight/><Quantity>400.00</Quantity><UnitOfMeasure>גרם     </UnitOfMeasure><QtyInPackage>לא ידוע</QtyInPackage><UnitOfMeasurePrice>0.0182</UnitOfMeasurePrice><AllowDiscount>1</AllowDiscount><ItemStatus>1</ItemStatus><ItemPrice>7.30</ItemPrice></item><item><PriceUpdateDate>2014-11-03 06:37:09</PriceUpdateDate><ItemCode>7290008175807</ItemCode><ItemType>3</ItemType><ItemName>פלפלים ממולאים בגבינ</ItemName><ManufacturerName>וילי פוד</ManufacturerName><ManufactureCountry>ישראל</ManufactureCountry><ManufacturerItemDescription>פלפלים ממולאים בגבינ</ManufacturerItemDescription><SoldByWeight/><Quantity>1.00</Quantity><UnitOfMeasure>ק"ג</UnitOfMeasure><QtyInPackage>לא ידוע</QtyInPackage><UnitOfMeasurePrice>150.0000</UnitOfMeasurePrice><AllowDiscount>1</AllowDiscount><ItemStatus>1</ItemStatus><ItemPrice>150.00</ItemPrice></item><item><PriceUpdateDate>2016-02-18 10:36:17</PriceUpdateDate><ItemCode>7290008190640</ItemCode><ItemType>1</ItemType><ItemName>וופל אגו אגוזים 130</ItemName><ManufacturerName>אגו</ManufacturerName><ManufactureCountry>ישראל</ManufactureCountry><ManufacturerItemDescription>וופל אגו אגוזים 130</ManufacturerItemDescription><SoldByWeight/><Quantity>130.00</Quantity><UnitOfMeasure>גרם     </UnitOfMeasure><QtyInPackage>לא ידוע</QtyInPackage><UnitOfMeasurePrice>0.0762</UnitOfMeasurePrice><AllowDiscount>1</AllowDiscount><ItemStatus>1</ItemStatus><ItemPrice>9.90</ItemPrice></item><item><PriceUpdateDate>2016-02-18 10:36:17</PriceUpdateDate><ItemCode>7290008190664</ItemCode><ItemType>1</ItemType><ItemName>וופל אגו חלב 130 גרם</ItemName><ManufacturerName>אגו</ManufacturerName><ManufactureCountry>ישראל</ManufactureCountry><ManufacturerItemDescription>וופל אגו חלב 130 גרם</ManufacturerItemDescription><SoldByWeight/><Quantity>130.00</Quantity><UnitOfMeasure>גרם     </UnitOfMeasure><QtyInPackage>לא ידוע</QtyInPackage><UnitOfMeasurePrice>0.0762</UnitOfMeasurePrice><AllowDiscount>1</AllowDiscount><ItemStatus>1</ItemStatus><ItemPrice>9.90</ItemPrice></item><item><PriceUpdateDate>2016-05-30 22:04:20</PriceUpdateDate><ItemCode>7290008330107</ItemCode><ItemType>1</ItemType><ItemName>מרכך כביסה בדין ספרי</ItemName><ManufacturerName>בדין</ManufacturerName><ManufactureCountry>ישראל</ManufactureCountry><ManufacturerItemDescription>מרכך כביסה בדין ספרי</ManufacturerItemDescription><SoldByWeight/><Quantity>4000.00</Quantity><UnitOfMeasure>מ"ל</UnitOfMeasure><QtyInPackage>לא ידוע</QtyInPackage><UnitOfMeasurePrice>0.0050</UnitOfMeasurePrice><AllowDiscount>1</AllowDiscount><ItemStatus>1</ItemStatus><ItemPrice>19.90</ItemPrice></item><item><PriceUpdateDate>2016-05-30 22:04:20</PriceUpdateDate><ItemCode>7290008330381</ItemCode><ItemType>1</ItemType><ItemName>דפים למייבש בדין ורו</ItemName><ManufacturerName>בדין</ManufacturerName><ManufactureCountry>ישראל</ManufactureCountry><ManufacturerItemDescription>דפים למייבש בדין ורו</ManufacturerItemDescription><SoldByWeight/><Quantity>1.00</Quantity><UnitOfMeasure>יח'</UnitOfMeasure><QtyInPackage>לא ידוע</QtyInPackage><UnitOfMeasurePrice>18.9000</UnitOfMeasurePrice><AllowDiscount>1</AllowDiscount><ItemStatus>1</ItemStatus><ItemPrice>18.90</ItemPrice></item><item><PriceUpdateDate>2016-03-01 06:43:33</PriceUpdateDate><ItemCode>7290008330459</ItemCode><ItemType>1</ItemType><ItemName>קרם ידיים דאב 100 מ"</ItemName><ManufacturerName>דאב</ManufacturerName><ManufactureCountry>ישראל</ManufactureCountry><ManufacturerItemDescription>קרם ידיים דאב 100 מ"</ManufacturerItemDescription><SoldByWeight/><Quantity>100.00</Quantity><UnitOfMeasure>מ"ל</UnitOfMeasure><QtyInPackage>לא ידוע</QtyInPackage><UnitOfMeasurePrice>0.1350</UnitOfMeasurePrice><AllowDiscount>1</AllowDiscount><ItemStatus>1</ItemStatus><ItemPrice>13.50</ItemPrice></item><item><PriceUpdateDate>2015-11-12 18:17:55</PriceUpdateDate><ItemCode>7290008333115</ItemCode><ItemType>1</ItemType><ItemName>ג'לטין טהור ויליגר 2</ItemName><ManufacturerName>ויליגר</ManufacturerName><ManufactureCountry>ישראל</ManufactureCountry><ManufacturerItemDescription>גלטין טהור 28 גר</ManufacturerItemDescription><SoldByWeight/><Quantity>14.00</Quantity><UnitOfMeasure>גרם     </UnitOfMeasure><QtyInPackage>לא ידוע</QtyInPackage><UnitOfMeasurePrice>0.7286</UnitOfMeasurePrice><AllowDiscount>1</AllowDiscount><ItemStatus>1</ItemStatus><ItemPrice>10.20</ItemPrice></item><item><PriceUpdateDate>2015-11-03 08:38:45</PriceUpdateDate><ItemCode>7290008335515</ItemCode><ItemType>1</ItemType><ItemName>אגרול סיני 600 גרם ר</ItemName><ManufacturerName>שלושת האופים</ManufacturerName><ManufactureCountry>ישראל</ManufactureCountry><ManufacturerItemDescription>אגרול ברוטב חמוץ-מתוק 600</ManufacturerItemDescription><SoldByWeight/><Quantity>600.00</Quantity><UnitOfMeasure>גרם     </UnitOfMeasure><QtyInPackage>לא ידוע</QtyInPackage><UnitOfMeasurePrice>0.0182</UnitOfMeasurePrice><AllowDiscount>1</AllowDiscount><ItemStatus>1</ItemStatus><ItemPrice>10.90</ItemPrice></item><item><PriceUpdateDate>2015-11-03 08:38:45</PriceUpdateDate><ItemCode>7290008335553</ItemCode><ItemType>1</ItemType><ItemName>קובה מטוגן 600 גרם ב</ItemName><ManufacturerName>שלושת האופים</ManufacturerName><ManufactureCountry>ישראל</ManufactureCountry><ManufacturerItemDescription>קובה במילוי בשר וצנובר 60</ManufacturerItemDescription><SoldByWeight/><Quantity>600.00</Quantity><UnitOfMeasure>גרם     </UnitOfMeasure><QtyInPackage>לא ידוע</QtyInPackage><UnitOfMeasurePrice>0.0182</UnitOfMeasurePrice><AllowDiscount>1</AllowDiscount><ItemStatus>1</ItemStatus><ItemPrice>10.90</ItemPrice></item><item><PriceUpdateDate>2015-11-03 08:38:45</PriceUpdateDate><ItemCode>7290008335560</ItemCode><ItemType>1</ItemType><ItemName>סיגרים 600 גרם במילו</ItemName><ManufacturerName>שלושת האופים</ManufacturerName><ManufactureCountry>ישראל</ManufactureCountry><ManufacturerItemDescription>סיגרים במילוי בשר 600 גרם</ManufacturerItemDescription><SoldByWeight/><Quantity>600.00</Quantity><UnitOfMeasure>גרם     </UnitOfMeasure><QtyInPackage>לא ידוע</QtyInPackage><UnitOfMeasurePrice>0.0182</UnitOfMeasurePrice><AllowDiscount>1</AllowDiscount><ItemStatus>1</ItemStatus><ItemPrice>10.90</ItemPrice></item><item><PriceUpdateDate>2015-11-03 08:38:45</PriceUpdateDate><ItemCode>7290008335584</ItemCode><ItemType>1</ItemType><ItemName>סיגרים 600 גרם במילו</ItemName><ManufacturerName>שלושת האופים</ManufacturerName><ManufactureCountry>ישראל</ManufactureCountry><ManufacturerItemDescription>סיגרים במילוי תפא 600 גרם</ManufacturerItemDescription><SoldByWeight/><Quantity>600.00</Quantity><UnitOfMeasure>גרם     </UnitOfMeasure><QtyInPackage>לא ידוע</QtyInPackage><UnitOfMeasurePrice>0.0182</UnitOfMeasurePrice><AllowDiscount>1</AllowDiscount><ItemStatus>1</ItemStatus><ItemPrice>10.90</ItemPrice></item><item><PriceUpdateDate>2016-05-29 11:19:47</PriceUpdateDate><ItemCode>7290008340618</ItemCode><ItemType>1</ItemType><ItemName>סלמון מעושן מצונן 10</ItemName><ManufacturerName>דלידג</ManufacturerName><ManufactureCountry>ישראל</ManufactureCountry><ManufacturerItemDescription>סלמון מעושן מצונן 100 גרם</ManufacturerItemDescription><SoldByWeight/><Quantity>100.00</Quantity><UnitOfMeasure>גרם     </UnitOfMeasure><QtyInPackage>לא ידוע</QtyInPackage><UnitOfMeasurePrice>0.1990</UnitOfMeasurePrice><AllowDiscount>1</AllowDiscount><ItemStatus>1</ItemStatus><ItemPrice>19.90</ItemPrice></item><item><PriceUpdateDate>2016-05-30 22:04:20</PriceUpdateDate><ItemCode>7290008343466</ItemCode><ItemType>1</ItemType><ItemName>מב בצק פילו 500 גרם</ItemName><ManufacturerName>שלושת האופים</ManufacturerName><ManufactureCountry>ישראל</ManufactureCountry><ManufacturerItemDescription>בצק פילו 500גר ש.האופים</ManufacturerItemDescription><SoldByWeight/><Quantity>500.00</Quantity><UnitOfMeasure>גרם     </UnitOfMeasure><QtyInPackage>לא ידוע</QtyInPackage><UnitOfMeasurePrice>0.0318</UnitOfMeasurePrice><AllowDiscount>1</AllowDiscount><ItemStatus>1</ItemStatus><ItemPrice>15.90</ItemPrice></item><item><PriceUpdateDate>2015-11-12 18:17:55</PriceUpdateDate><ItemCode>7290008343473</ItemCode><ItemType>1</ItemType><ItemName>עלים לסיגר 500 גרם</ItemName><ManufacturerName>שלושת האופים</ManufacturerName><ManufactureCountry>ישראל</ManufactureCountry><ManufacturerItemDescription>עלים לסיגרים 500 גרם</ManufacturerItemDescription><SoldByWeight/><Quantity>500.00</Quantity><UnitOfMeasure>גרם     </UnitOfMeasure><QtyInPackage>לא ידוע</QtyInPackage><UnitOfMeasurePrice>0.0278</UnitOfMeasurePrice><AllowDiscount>1</AllowDiscount><ItemStatus>1</ItemStatus><ItemPrice>13.90</ItemPrice></item><item><PriceUpdateDate>2016-05-30 22:04:20</PriceUpdateDate><ItemCode>7290008343503</ItemCode><ItemType>1</ItemType><ItemName>מב ג'חנון אפוי 650 ג</ItemName><ManufacturerName>שלושת האופים</ManufacturerName><ManufactureCountry>ישראל</ManufactureCountry><ManufacturerItemDescription>מב ג'חנון אפוי 650 ג</ManufacturerItemDescription><SoldByWeight/><Quantity>650.00</Quantity><UnitOfMeasure>גרם     </UnitOfMeasure><QtyInPackage>לא ידוע</QtyInPackage><UnitOfMeasurePrice>0.0245</UnitOfMeasurePrice><AllowDiscount>1</AllowDiscount><ItemStatus>1</ItemStatus><ItemPrice>15.90</ItemPrice></item><item><PriceUpdateDate>2016-03-01 06:49:21</PriceUpdateDate><ItemCode>7290008344272</ItemCode><ItemType>1</ItemType><ItemName>מב המבורגר 100% 400</ItemName><ManufacturerName>טיבון ויל</ManufacturerName><ManufactureCountry>ישראל</ManufactureCountry><ManufacturerItemDescription>המבורגר 400 100% גרם</ManufacturerItemDescription><SoldByWeight/><Quantity>400.00</Quantity><UnitOfMeasure>גרם     </UnitOfMeasure><QtyInPackage>לא ידוע</QtyInPackage><UnitOfMeasurePrice>0.0472</UnitOfMeasurePrice><AllowDiscount>1</AllowDiscount><ItemStatus>1</ItemStatus><ItemPrice>18.90</ItemPrice></item><item><PriceUpdateDate>2016-05-30 22:04:20</PriceUpdateDate><ItemCode>7290008345118</ItemCode><ItemType>1</ItemType><ItemName>מקרל בשמן 240 גרם</ItemName><ManufacturerName>דלידג</ManufacturerName><ManufactureCountry>ישראל</ManufactureCountry><ManufacturerItemDescription>מקרל בשמן 240 גרם</ManufacturerItemDescription><SoldByWeight/><Quantity>240.00</Quantity><UnitOfMeasure>גרם     </UnitOfMeasure><QtyInPackage>לא ידוע</QtyInPackage><UnitOfMeasurePrice>0.1042</UnitOfMeasurePrice><AllowDiscount>1</AllowDiscount><ItemStatus>1</ItemStatus><ItemPrice>25.00</ItemPrice></item><item><PriceUpdateDate>2016-05-30 22:04:20</PriceUpdateDate><ItemCode>7290008345163</ItemCode><ItemType>3</ItemType><ItemName>מקרל שלם ואקום דלידג</ItemName><ManufacturerName>דלידג</ManufacturerName><ManufactureCountry>ישראל</ManufactureCountry><ManufacturerItemDescription>מקרל שלם ואקום דלידג</ManufacturerItemDescription><SoldByWeight/><Quantity>1.00</Quantity><UnitOfMeasure>ק"ג</UnitOfMeasure><QtyInPackage>לא ידוע</QtyInPackage><UnitOfMeasurePrice>99.0000</UnitOfMeasurePrice><AllowDiscount>1</AllowDiscount><ItemStatus>1</ItemStatus><ItemPrice>99.00</ItemPrice></item><item><PriceUpdateDate>2016-05-30 22:04:20</PriceUpdateDate><ItemCode>7290008345576</ItemCode><ItemType>1</ItemType><ItemName>איקרה ביתית לבנה 300</ItemName><ManufacturerName>דלידג</ManufacturerName><ManufactureCountry>ישראל</ManufactureCountry><ManufacturerItemDescription>סלט איקרה לבנה 300 גר</ManufacturerItemDescription><SoldByWeight/><Quantity>300.00</Quantity><UnitOfMeasure>גרם     </UnitOfMeasure><QtyInPackage>לא ידוע</QtyInPackage><UnitOfMeasurePrice>0.0663</UnitOfMeasurePrice><AllowDiscount>1</AllowDiscount><ItemStatus>1</ItemStatus><ItemPrice>19.90</ItemPrice></item><item><PriceUpdateDate>2016-05-30 22:04:21</PriceUpdateDate><ItemCode>7290008345583</ItemCode><ItemType>1</ItemType><ItemName>איקרה ביתית ורודה 30</ItemName><ManufacturerName>דלידג</ManufacturerName><ManufactureCountry>ישראל</ManufactureCountry><ManufacturerItemDescription>סלט איקרה ורודה 300 גרם</ManufacturerItemDescription><SoldByWeight/><Quantity>300.00</Quantity><UnitOfMeasure>גרם     </UnitOfMeasure><QtyInPackage>לא ידוע</QtyInPackage><UnitOfMeasurePrice>0.0663</UnitOfMeasurePrice><AllowDiscount>1</AllowDiscount><ItemStatus>1</ItemStatus><ItemPrice>19.90</ItemPrice></item><item><PriceUpdateDate>2015-11-12 18:17:44</PriceUpdateDate><ItemCode>7290008347211</ItemCode><ItemType>1</ItemType><ItemName>אצבעות דג דלידג 700</ItemName><ManufacturerName>דלידג</ManufacturerName><ManufactureCountry>ישראל</ManufactureCountry><ManufacturerItemDescription>אצבעות דג 700 גרם</ManufacturerItemDescription><SoldByWeight/><Quantity>700.00</Quantity><UnitOfMeasure>גרם     </UnitOfMeasure><QtyInPackage>לא ידוע</QtyInPackage><UnitOfMeasurePrice>0.0339</UnitOfMeasurePrice><AllowDiscount>1</AllowDiscount><ItemStatus>1</ItemStatus><ItemPrice>23.70</ItemPrice></item><item><PriceUpdateDate>2016-05-29 11:19:47</PriceUpdateDate><ItemCode>7290008347730</ItemCode><ItemType>3</ItemType><ItemName>סלמון הילטון מצונן מ</ItemName><ManufacturerName>לא ממותג</ManufacturerName><ManufactureCountry>ישראל</ManufactureCountry><ManufacturerItemDescription>סלמון הילטון 1 קג</ManufacturerItemDescription><SoldByWeight/><Quantity>1.00</Quantity><UnitOfMeasure>ק"ג</UnitOfMeasure><QtyInPackage>לא ידוע</QtyInPackage><UnitOfMeasurePrice>199.0000</UnitOfMeasurePrice><AllowDiscount>1</AllowDiscount><ItemStatus>1</ItemStatus><ItemPrice>199.00</ItemPrice></item><item><PriceUpdateDate>2014-11-03 06:37:25</PriceUpdateDate><ItemCode>7290008347877</ItemCode><ItemType>1</ItemType><ItemName>ג'לטין בקר 28גרם</ItemName><ManufacturerName>ויליגר</ManufacturerName><ManufactureCountry>איטליה</ManufactureCountry><ManufacturerItemDescription>טבליות סטיביה   1 יחידות</ManufacturerItemDescription><SoldByWeight/><Quantity>14.00</Quantity><UnitOfMeasure>גרם     </UnitOfMeasure><QtyInPackage>לא ידוע</QtyInPackage><UnitOfMeasurePrice>0.6071</UnitOfMeasurePrice><AllowDiscount>1</AllowDiscount><ItemStatus>1</ItemStatus><ItemPrice>8.50</ItemPrice></item><item><PriceUpdateDate>2015-11-12 16:50:34</PriceUpdateDate><ItemCode>7290008403238</ItemCode><ItemType>3</ItemType><ItemName>גבינת ברי איזיני סנט</ItemName><ManufacturerName>נטו סחר</ManufacturerName><ManufactureCountry>לא ידוע</ManufactureCountry><ManufacturerItemDescription>גבינת ברי איזיני סנט</ManufacturerItemDescription><SoldByWeight/><Quantity>1.00</Quantity><UnitOfMeasure>ק"ג</UnitOfMeasure><QtyInPackage>לא ידוע</QtyInPackage><UnitOfMeasurePrice>111.0000</UnitOfMeasurePrice><AllowDiscount>1</AllowDiscount><ItemStatus>1</ItemStatus><ItemPrice>111.00</ItemPrice></item><item><PriceUpdateDate>2016-05-01 21:46:55</PriceUpdateDate><ItemCode>7290008409100</ItemCode><ItemType>1</ItemType><ItemName>מב אצבעות שניצל בציפ</ItemName><ManufacturerName>מאמא עוף קפוא</ManufacturerName><ManufactureCountry>ישראל</ManufactureCountry><ManufacturerItemDescription>אצבעות שניצל ציפוי שומשום</ManufacturerItemDescription><SoldByWeight/><Quantity>700.00</Quantity><UnitOfMeasure>גרם     </UnitOfMeasure><QtyInPackage>לא ידוע</QtyInPackage><UnitOfMeasurePrice>0.0427</UnitOfMeasurePrice><AllowDiscount>1</AllowDiscount><ItemStatus>1</ItemStatus><ItemPrice>29.90</ItemPrice></item><item><PriceUpdateDate>2016-05-02 08:05:51</PriceUpdateDate><ItemCode>7290008409124</ItemCode><ItemType>1</ItemType><ItemName>מב שניצל ג'ונגל 700</ItemName><ManufacturerName>מאמא עוף קפוא</ManufacturerName><ManufactureCountry>ישראל</ManufactureCountry><ManufacturerItemDescription>שניצל גונגל מאמא עוף 700</ManufacturerItemDescription><SoldByWeight/><Quantity>700.00</Quantity><UnitOfMeasure>גרם     </UnitOfMeasure><QtyInPackage>לא ידוע</QtyInPackage><UnitOfMeasurePrice>0.0427</UnitOfMeasurePrice><AllowDiscount>1</AllowDiscount><ItemStatus>1</ItemStatus><ItemPrice>29.90</ItemPrice></item><item><PriceUpdateDate>2016-05-30 22:04:21</PriceUpdateDate><ItemCode>7290008409216</ItemCode><ItemType>1</ItemType><ItemName>שניצל דק דק פריך 700</ItemName><ManufacturerName>מאמא עוף קפוא</ManufacturerName><ManufactureCountry>ישראל</ManufactureCountry><ManufacturerItemDescription>שניצל דק דק פריך 700 גרם</ManufacturerItemDescription><SoldByWeight/><Quantity>700.00</Quantity><UnitOfMeasure>גרם     </UnitOfMeasure><QtyInPackage>לא ידוע</QtyInPackage><UnitOfMeasurePrice>0.0527</UnitOfMeasurePrice><AllowDiscount>1</AllowDiscount><ItemStatus>1</ItemStatus><ItemPrice>36.90</ItemPrice></item><item><PriceUpdateDate>2016-05-30 22:04:21</PriceUpdateDate><ItemCode>7290008409223</ItemCode><ItemType>1</ItemType><ItemName>שניצל דק מתובל 700 ג</ItemName><ManufacturerName>מאמא עוף קפוא</ManufacturerName><ManufactureCountry>ישראל</ManufactureCountry><ManufacturerItemDescription>שניצל דק דק מתובל 700 גרם</ManufacturerItemDescription><SoldByWeight/><Quantity>700.00</Quantity><UnitOfMeasure>יח'</UnitOfMeasure><QtyInPackage>לא ידוע</QtyInPackage><UnitOfMeasurePrice>0.0527</UnitOfMeasurePrice><AllowDiscount>1</AllowDiscount><ItemStatus>1</ItemStatus><ItemPrice>36.90</ItemPrice></item><item><PriceUpdateDate>2016-05-03 11:47:52</PriceUpdateDate><ItemCode>7290008409353</ItemCode><ItemType>1</ItemType><ItemName>מב מיני מיני טבעות ב</ItemName><ManufacturerName>מאמא עוף קפוא</ManufacturerName><ManufactureCountry>ישראל</ManufactureCountry><ManufacturerItemDescription>מיני טבעות ציפוי פריך 500</ManufacturerItemDescription><SoldByWeight/><Quantity>500.00</Quantity><UnitOfMeasure>גרם     </UnitOfMeasure><QtyInPackage>לא ידוע</QtyInPackage><UnitOfMeasurePrice>0.0298</UnitOfMeasurePrice><AllowDiscount>1</AllowDiscount><ItemStatus>1</ItemStatus><ItemPrice>14.90</ItemPrice></item><item><PriceUpdateDate>2015-10-20 16:40:03</PriceUpdateDate><ItemCode>7290008409377</ItemCode><ItemType>1</ItemType><ItemName>שוארמה פרגיות 400גרם</ItemName><ManufacturerName>מאמא עוף טרי</ManufacturerName><ManufactureCountry>ישראל</ManufactureCountry><ManufacturerItemDescription>שוארמה פרגיות 400  גרם</ManufacturerItemDescription><SoldByWeight/><Quantity>400.00</Quantity><UnitOfMeasure>גרם     </UnitOfMeasure><QtyInPackage>לא ידוע</QtyInPackage><UnitOfMeasurePrice>0.0982</UnitOfMeasurePrice><AllowDiscount>1</AllowDiscount><ItemStatus>1</ItemStatus><ItemPrice>39.30</ItemPrice></item><item><PriceUpdateDate>2016-05-30 22:04:21</PriceUpdateDate><ItemCode>7290008409407</ItemCode><ItemType>1</ItemType><ItemName>שניצל דק בציפוי צ'יפ</ItemName><ManufacturerName>מאמא עוף קפוא</ManufacturerName><ManufactureCountry>ישראל</ManufactureCountry><ManufacturerItemDescription>שניצל דק בציפוי ציפס 700</ManufacturerItemDescription><SoldByWeight/><Quantity>700.00</Quantity><UnitOfMeasure>גרם     </UnitOfMeasure><QtyInPackage>לא ידוע</QtyInPackage><UnitOfMeasurePrice>0.0527</UnitOfMeasurePrice><AllowDiscount>1</AllowDiscount><ItemStatus>1</ItemStatus><ItemPrice>36.90</ItemPrice></item><item><PriceUpdateDate>2015-10-20 16:40:03</PriceUpdateDate><ItemCode>7290008409421</ItemCode><ItemType>1</ItemType><ItemName>חזה עוף בתיבול גריל</ItemName><ManufacturerName>מאמא עוף טרי</ManufacturerName><ManufactureCountry>ישראל</ManufactureCountry><ManufacturerItemDescription>גריל חזה עוף 420 גרם</ManufacturerItemDescription><SoldByWeight/><Quantity>400.00</Quantity><UnitOfMeasure>גרם     </UnitOfMeasure><QtyInPackage>לא ידוע</QtyInPackage><UnitOfMeasurePrice>0.0982</UnitOfMeasurePrice><AllowDiscount>1</AllowDiscount><ItemStatus>1</ItemStatus><ItemPrice>39.30</ItemPrice></item><item><PriceUpdateDate>2015-10-20 16:40:03</PriceUpdateDate><ItemCode>7290008409452</ItemCode><ItemType>1</ItemType><ItemName>שישליק עוף אמיתי מאמ</ItemName><ManufacturerName>מאמא עוף טרי</ManufacturerName><ManufactureCountry>ישראל</ManufactureCountry><ManufacturerItemDescription>שישליק עוף אמיתי מוכן 400</ManufacturerItemDescription><SoldByWeight/><Quantity>400.00</Quantity><UnitOfMeasure>גרם     </UnitOfMeasure><QtyInPackage>לא ידוע</QtyInPackage><UnitOfMeasurePrice>0.0982</UnitOfMeasurePrice><AllowDiscount>1</AllowDiscount><ItemStatus>1</ItemStatus><ItemPrice>39.30</ItemPrice></item><item><PriceUpdateDate>2016-06-13 13:03:32</PriceUpdateDate><ItemCode>7290008409544</ItemCode><ItemType>1</ItemType><ItemName>שניצל עוף אמיתי מאמא</ItemName><ManufacturerName>מאמא עוף קפוא</ManufacturerName><ManufactureCountry>ישראל</ManufactureCountry><ManufacturerItemDescription>שניצל עוף אמיתי 700 גרם</ManufacturerItemDescription><SoldByWeight/><Quantity>700.00</Quantity><UnitOfMeasure>גרם     </UnitOfMeasure><QtyInPackage>לא ידוע</QtyInPackage><UnitOfMeasurePrice>0.0641</UnitOfMeasurePrice><AllowDiscount>1</AllowDiscount><ItemStatus>1</ItemStatus><ItemPrice>44.90</ItemPrice></item><item><PriceUpdateDate>2016-05-30 22:04:21</PriceUpdateDate><ItemCode>7290008409551</ItemCode><ItemType>1</ItemType><ItemName>שניצל עוף אמיתי מעוד</ItemName><ManufacturerName>מאמא עוף קפוא</ManufacturerName><ManufactureCountry>ישראל</ManufactureCountry><ManufacturerItemDescription>שניצל עוף בציפוי מעודן 70</ManufacturerItemDescription><SoldByWeight/><Quantity>700.00</Quantity><UnitOfMeasure>גרם     </UnitOfMeasure><QtyInPackage>לא ידוע</QtyInPackage><UnitOfMeasurePrice>0.0641</UnitOfMeasurePrice><AllowDiscount>1</AllowDiscount><ItemStatus>1</ItemStatus><ItemPrice>44.90</ItemPrice></item><item><PriceUpdateDate>2016-05-30 22:04:22</PriceUpdateDate><ItemCode>7290008409568</ItemCode><ItemType>1</ItemType><ItemName>שניצל צ'יפס אמיתי מא</ItemName><ManufacturerName>מאמא עוף קפוא</ManufacturerName><ManufactureCountry>ישראל</ManufactureCountry><ManufacturerItemDescription>שניצל ציפס אמיתי 700 גרם</ManufacturerItemDescription><SoldByWeight/><Quantity>700.00</Quantity><UnitOfMeasure>גרם     </UnitOfMeasure><QtyInPackage>לא ידוע</QtyInPackage><UnitOfMeasurePrice>0.0641</UnitOfMeasurePrice><AllowDiscount>1</AllowDiscount><ItemStatus>1</ItemStatus><ItemPrice>44.90</ItemPrice></item><item><PriceUpdateDate>2016-05-30 22:04:22</PriceUpdateDate><ItemCode>7290008409582</ItemCode><ItemType>1</ItemType><ItemName>שניצל אמיתי ביתי מאמ</ItemName><ManufacturerName>מאמא עוף קפוא</ManufacturerName><ManufactureCountry>ישראל</ManufactureCountry><ManufacturerItemDescription>שניצל אמיתי ביתי 700 גרם</ManufacturerItemDescription><SoldByWeight/><Quantity>700.00</Quantity><UnitOfMeasure>גרם     </UnitOfMeasure><QtyInPackage>לא ידוע</QtyInPackage><UnitOfMeasurePrice>0.0641</UnitOfMeasurePrice><AllowDiscount>1</AllowDiscount><ItemStatus>1</ItemStatus><ItemPrice>44.90</ItemPrice></item><item><PriceUpdateDate>2016-05-01 21:46:55</PriceUpdateDate><ItemCode>7290008409605</ItemCode><ItemType>1</ItemType><ItemName>מב כוכבי עוף 700 גרם</ItemName><ManufacturerName>מאמא עוף קפוא</ManufacturerName><ManufactureCountry>ישראל</ManufactureCountry><ManufacturerItemDescription>מב כוכבי עוף 700 גרם</ManufacturerItemDescription><SoldByWeight/><Quantity>700.00</Quantity><UnitOfMeasure>גרם     </UnitOfMeasure><QtyInPackage>לא ידוע</QtyInPackage><UnitOfMeasurePrice>0.0427</UnitOfMeasurePrice><AllowDiscount>1</AllowDiscount><ItemStatus>1</ItemStatus><ItemPrice>29.90</ItemPrice></item><item><PriceUpdateDate>2015-11-12 14:44:44</PriceUpdateDate><ItemCode>7290008409643</ItemCode><ItemType>1</ItemType><ItemName>פילה עוף בתיבול על ה</ItemName><ManufacturerName>מאמא עוף קפוא</ManufacturerName><ManufactureCountry>ישראל</ManufactureCountry><ManufacturerItemDescription>פילה עוף בתיבול על האש 60</ManufacturerItemDescription><SoldByWeight/><Quantity>600.00</Quantity><UnitOfMeasure>גרם     </UnitOfMeasure><QtyInPackage>לא ידוע</QtyInPackage><UnitOfMeasurePrice>0.0835</UnitOfMeasurePrice><AllowDiscount>1</AllowDiscount><ItemStatus>1</ItemStatus><ItemPrice>50.10</ItemPrice></item><item><PriceUpdateDate>2016-05-01 21:46:55</PriceUpdateDate><ItemCode>7290008409667</ItemCode><ItemType>1</ItemType><ItemName>מב טבעות עוף 700 גרם</ItemName><ManufacturerName>מאמא עוף קפוא</ManufacturerName><ManufactureCountry>ישראל</ManufactureCountry><ManufacturerItemDescription>מב טבעות עוף 700 גרם</ManufacturerItemDescription><SoldByWeight/><Quantity>700.00</Quantity><UnitOfMeasure>גרם     </UnitOfMeasure><QtyInPackage>לא ידוע</QtyInPackage><UnitOfMeasurePrice>0.0427</UnitOfMeasurePrice><AllowDiscount>1</AllowDiscount><ItemStatus>1</ItemStatus><ItemPrice>29.90</ItemPrice></item><item><PriceUpdateDate>2016-05-30 22:04:22</PriceUpdateDate><ItemCode>7290008409773</ItemCode><ItemType>1</ItemType><ItemName>מב קציצות עוף והודו</ItemName><ManufacturerName>מאמא עוף קפוא</ManufacturerName><ManufactureCountry>ישראל</ManufactureCountry><ManufacturerItemDescription>קציצות עוף והודו אמיתיות7</ManufacturerItemDescription><SoldByWeight/><Quantity>700.00</Quantity><UnitOfMeasure>גרם     </UnitOfMeasure><QtyInPackage>לא ידוע</QtyInPackage><UnitOfMeasurePrice>0.0356</UnitOfMeasurePrice><AllowDiscount>1</AllowDiscount><ItemStatus>1</ItemStatus><ItemPrice>24.90</ItemPrice></item><item><PriceUpdateDate>2016-05-30 22:04:22</PriceUpdateDate><ItemCode>7290008415576</ItemCode><ItemType>1</ItemType><ItemName>מב סלט חומוס 850 גרם</ItemName><ManufacturerName>צבר</ManufacturerName><ManufactureCountry>ישראל</ManufactureCountry><ManufacturerItemDescription>מב סלט חומוס 850 גרם</ManufacturerItemDescription><SoldByWeight/><Quantity>850.00</Quantity><UnitOfMeasure>גרם     </UnitOfMeasure><QtyInPackage>לא ידוע</QtyInPackage><UnitOfMeasurePrice>0.0152</UnitOfMeasurePrice><AllowDiscount>1</AllowDiscount><ItemStatus>1</ItemStatus><ItemPrice>12.90</ItemPrice></item><item><PriceUpdateDate>2014-11-03 06:38:35</PriceUpdateDate><ItemCode>7290008443265</ItemCode><ItemType>1</ItemType><ItemName>אל סבון נוזלי סופטקר</ItemName><ManufacturerName>סנו</ManufacturerName><ManufactureCountry>ישראל</ManufactureCountry><ManufacturerItemDescription>אל סבון נוזלי סופטקר</ManufacturerItemDescription><SoldByWeight/><Quantity>2000.00</Quantity><UnitOfMeasure>מ"ל</UnitOfMeasure><QtyInPackage>לא ידוע</QtyInPackage><UnitOfMeasurePrice>0.0167</UnitOfMeasurePrice><AllowDiscount>1</AllowDiscount><ItemStatus>1</ItemStatus><ItemPrice>33.40</ItemPrice></item><item><PriceUpdateDate>2016-05-01 21:46:55</PriceUpdateDate><ItemCode>7290008443616</ItemCode><ItemType>1</ItemType><ItemName>מב מרכך נקה-7 לשיער</ItemName><ManufacturerName>נקה 7</ManufacturerName><ManufactureCountry>ישראל</ManufactureCountry><ManufacturerItemDescription>מב מרכך נקה-7 לשיער</ManufacturerItemDescription><SoldByWeight/><Quantity>750.00</Quantity><UnitOfMeasure>מ"ל</UnitOfMeasure><QtyInPackage>לא ידוע</QtyInPackage><UnitOfMeasurePrice>0.0145</UnitOfMeasurePrice><AllowDiscount>0</AllowDiscount><ItemStatus>1</ItemStatus><ItemPrice>10.90</ItemPrice></item><item><PriceUpdateDate>2016-05-01 21:46:55</PriceUpdateDate><ItemCode>7290008461177</ItemCode><ItemType>1</ItemType><ItemName>גבינת חלומי צאן 200</ItemName><ManufacturerName>נטו סחר</ManufacturerName><ManufactureCountry>ישראל</ManufactureCountry><ManufacturerItemDescription>גבינת חלומי צאן 200</ManufacturerItemDescription><SoldByWeight/><Quantity>200.00</Quantity><UnitOfMeasure>גרם     </UnitOfMeasure><QtyInPackage>לא ידוע</QtyInPackage><UnitOfMeasurePrice>0.1195</UnitOfMeasurePrice><AllowDiscount>1</AllowDiscount><ItemStatus>1</ItemStatus><ItemPrice>23.90</ItemPrice></item><item><PriceUpdateDate>2016-05-30 22:04:22</PriceUpdateDate><ItemCode>7290008462204</ItemCode><ItemType>1</ItemType><ItemName>חרדל מיילי דיז'ון מק</ItemName><ManufacturerName>Maille</ManufacturerName><ManufactureCountry>ישראל</ManufactureCountry><ManufacturerItemDescription>חרדל מיילי דיז'ון מק</ManufacturerItemDescription><SoldByWeight/><Quantity>380.00</Quantity><UnitOfMeasure>גרם     </UnitOfMeasure><QtyInPackage>לא ידוע</QtyInPackage><UnitOfMeasurePrice>0.0424</UnitOfMeasurePrice><AllowDiscount>1</AllowDiscount><ItemStatus>1</ItemStatus><ItemPrice>16.10</ItemPrice></item><item><PriceUpdateDate>2016-05-30 22:04:22</PriceUpdateDate><ItemCode>7290008462310</ItemCode><ItemType>3</ItemType><ItemName>מב גבינת סנט מור במש</ItemName><ManufacturerName>אנג'ל בסגנון צרפתי</ManufacturerName><ManufactureCountry>לא ידוע</ManufactureCountry><ManufacturerItemDescription>מב גבינת סנט מור במש</ManufacturerItemDescription><SoldByWeight/><Quantity>1.00</Quantity><UnitOfMeasure>ק"ג</UnitOfMeasure><QtyInPackage>לא ידוע</QtyInPackage><UnitOfMeasurePrice>120.0000</UnitOfMeasurePrice><AllowDiscount>1</AllowDiscount><ItemStatus>1</ItemStatus><ItemPrice>120.00</ItemPrice></item><item><PriceUpdateDate>2016-03-01 06:55:01</PriceUpdateDate><ItemCode>7290008464017</ItemCode><ItemType>1</ItemType><ItemName>מב סבן אפ דיאט שישיי</ItemName><ManufacturerName>7 אפ דיאט</ManufacturerName><ManufactureCountry>ישראל</ManufactureCountry><ManufacturerItemDescription>מארז 7UP דיאט 1.5 ליטר שי</ManufacturerItemDescription><SoldByWeight/><Quantity>9000.00</Quantity><UnitOfMeasure>מ"ל</UnitOfMeasure><QtyInPackage>לא ידוע</QtyInPackage><UnitOfMeasurePrice>0.0033</UnitOfMeasurePrice><AllowDiscount>1</AllowDiscount><ItemStatus>1</ItemStatus><ItemPrice>29.80</ItemPrice></item><item><PriceUpdateDate>2016-02-08 09:02:20</PriceUpdateDate><ItemCode>7290008464024</ItemCode><ItemType>1</ItemType><ItemName>בירה גולדסטאר 500 מ'</ItemName><ManufacturerName>גולדסטאר</ManufacturerName><ManufactureCountry>ישראל</ManufactureCountry><ManufacturerItemDescription>בירה גולדסטאר לא מסונן פח</ManufacturerItemDescription><SoldByWeight/><Quantity>500.00</Quantity><UnitOfMeasure>מ"ל</UnitOfMeasure><QtyInPackage>לא ידוע</QtyInPackage><UnitOfMeasurePrice>0.0220</UnitOfMeasurePrice><AllowDiscount>1</AllowDiscount><ItemStatus>1</ItemStatus><ItemPrice>11.00</ItemPrice></item><item><PriceUpdateDate>2016-02-02 06:51:20</PriceUpdateDate><ItemCode>7290008464468</ItemCode><ItemType>1</ItemType><ItemName>בירה גולדסטאר 500 מ"</ItemName><ManufacturerName>גולדסטאר</ManufacturerName><ManufactureCountry>ישראל</ManufactureCountry><ManufacturerItemDescription>בירה גולדסטאר פחית500 מל</ManufacturerItemDescription><SoldByWeight/><Quantity>500.00</Quantity><UnitOfMeasure>מ"ל</UnitOfMeasure><QtyInPackage>לא ידוע</QtyInPackage><UnitOfMeasurePrice>0.0198</UnitOfMeasurePrice><AllowDiscount>1</AllowDiscount><ItemStatus>1</ItemStatus><ItemPrice>9.90</ItemPrice></item><item><PriceUpdateDate>2016-05-30 22:04:22</PriceUpdateDate><ItemCode>7290008464741</ItemCode><ItemType>1</ItemType><ItemName>בירה גולדסטאר שישיות</ItemName><ManufacturerName>גולדסטאר</ManufacturerName><ManufactureCountry>ישראל</ManufactureCountry><ManufacturerItemDescription>בירה גולדסטאר בקבוק330- 1</ManufacturerItemDescription><SoldByWeight/><Quantity>1980.00</Quantity><UnitOfMeasure>מ"ל</UnitOfMeasure><QtyInPackage>לא ידוע</QtyInPackage><UnitOfMeasurePrice>0.0186</UnitOfMeasurePrice><AllowDiscount>1</AllowDiscount><ItemStatus>1</ItemStatus><ItemPrice>36.90</ItemPrice></item><item><PriceUpdateDate>2016-05-30 22:04:22</PriceUpdateDate><ItemCode>7290008464796</ItemCode><ItemType>1</ItemType><ItemName>בירה היינקן שישיות ב</ItemName><ManufacturerName>הייניקן</ManufacturerName><ManufactureCountry>ישראל</ManufactureCountry><ManufacturerItemDescription>בירה הייניקן 6יח330* מ"ל</ManufacturerItemDescription><SoldByWeight/><Quantity>1980.00</Quantity><UnitOfMeasure>מ"ל</UnitOfMeasure><QtyInPackage>לא ידוע</QtyInPackage><UnitOfMeasurePrice>0.0202</UnitOfMeasurePrice><AllowDiscount>1</AllowDiscount><ItemStatus>1</ItemStatus><ItemPrice>39.90</ItemPrice></item><item><PriceUpdateDate>2015-07-28 06:35:44</PriceUpdateDate><ItemCode>7290008464987</ItemCode><ItemType>1</ItemType><ItemName>מב סודה שישייה 1.5 ל</ItemName><ManufacturerName>טמפו</ManufacturerName><ManufactureCountry>ישראל</ManufactureCountry><ManufacturerItemDescription>שישיית סודה 1.5 ליטר</ManufacturerItemDescription><SoldByWeight/><Quantity>9000.00</Quantity><UnitOfMeasure>מ"ל</UnitOfMeasure><QtyInPackage>לא ידוע</QtyInPackage><UnitOfMeasurePrice>0.0019</UnitOfMeasurePrice><AllowDiscount>1</AllowDiscount><ItemStatus>1</ItemStatus><ItemPrice>16.90</ItemPrice></item><item><PriceUpdateDate>2014-11-26 06:32:47</PriceUpdateDate><ItemCode>7290008470827</ItemCode><ItemType>1</ItemType><ItemName>רביעיית מסטיק פייב א</ItemName><ManufacturerName>FIVE</ManufacturerName><ManufactureCountry>ישראל</ManufactureCountry><ManufacturerItemDescription>רביעיית מסטיק פייב א</ManufacturerItemDescription><SoldByWeight/><Quantity>0.00</Quantity><UnitOfMeasure>יח'</UnitOfMeasure><QtyInPackage>לא ידוע</QtyInPackage><UnitOfMeasurePrice>0.0000</UnitOfMeasurePrice><AllowDiscount>1</AllowDiscount><ItemStatus>1</ItemStatus><ItemPrice>19.90</ItemPrice></item><item><PriceUpdateDate>2016-05-30 22:04:22</PriceUpdateDate><ItemCode>7290008493345</ItemCode><ItemType>1</ItemType><ItemName>מב בייגל מקלות מלח 4</ItemName><ManufacturerName>מאיר את בייגל</ManufacturerName><ManufactureCountry>ישראל</ManufactureCountry><ManufacturerItemDescription>מב בייגל מקלות מלח 4</ManufacturerItemDescription><SoldByWeight/><Quantity>400.00</Quantity><UnitOfMeasure>גרם     </UnitOfMeasure><QtyInPackage>לא ידוע</QtyInPackage><UnitOfMeasurePrice>0.0198</UnitOfMeasurePrice><AllowDiscount>0</AllowDiscount><ItemStatus>1</ItemStatus><ItemPrice>7.90</ItemPrice></item><item><PriceUpdateDate>2016-05-30 22:04:22</PriceUpdateDate><ItemCode>7290008493369</ItemCode><ItemType>1</ItemType><ItemName>מב בייגלה טבעות שומש</ItemName><ManufacturerName>מאיר את בייגל</ManufacturerName><ManufactureCountry>ישראל</ManufactureCountry><ManufacturerItemDescription>מב בייגלה טבעות שומש</ManufacturerItemDescription><SoldByWeight/><Quantity>330.00</Quantity><UnitOfMeasure>גרם     </UnitOfMeasure><QtyInPackage>לא ידוע</QtyInPackage><UnitOfMeasurePrice>0.0239</UnitOfMeasurePrice><AllowDiscount>0</AllowDiscount><ItemStatus>1</ItemStatus><ItemPrice>7.90</ItemPrice></item><item><PriceUpdateDate>2016-05-02 08:05:51</PriceUpdateDate><ItemCode>7290008493390</ItemCode><ItemType>1</ItemType><ItemName>מב גריסני מקלות 200</ItemName><ManufacturerName>לא ממותג</ManufacturerName><ManufactureCountry>ישראל</ManufactureCountry><ManufacturerItemDescription>גריסיני 200 גרם</ManufacturerItemDescription><SoldByWeight/><Quantity>200.00</Quantity><UnitOfMeasure>גרם     </UnitOfMeasure><QtyInPackage>לא ידוע</QtyInPackage><UnitOfMeasurePrice>0.0395</UnitOfMeasurePrice><AllowDiscount>1</AllowDiscount><ItemStatus>1</ItemStatus><ItemPrice>7.90</ItemPrice></item><item><PriceUpdateDate>2016-05-02 08:05:51</PriceUpdateDate><ItemCode>7290008493406</ItemCode><ItemType>1</ItemType><ItemName>מב גריסני שומשום 175</ItemName><ManufacturerName>מאיר את בייגל</ManufacturerName><ManufactureCountry>ישראל</ManufactureCountry><ManufacturerItemDescription>מב גריסני שומשום 175</ManufacturerItemDescription><SoldByWeight/><Quantity>175.00</Quantity><UnitOfMeasure>גרם     </UnitOfMeasure><QtyInPackage>לא ידוע</QtyInPackage><UnitOfMeasurePrice>0.0451</UnitOfMeasurePrice><AllowDiscount>1</AllowDiscount><ItemStatus>1</ItemStatus><ItemPrice>7.90</ItemPrice></item><item><PriceUpdateDate>2016-01-19 09:23:52</PriceUpdateDate><ItemCode>7290008493413</ItemCode><ItemType>1</ItemType><ItemName>פרורי גריסיני 200 גר</ItemName><ManufacturerName>לא ממותג</ManufacturerName><ManufactureCountry>ישראל</ManufactureCountry><ManufacturerItemDescription>פירורים גריסיני 200גרם</ManufacturerItemDescription><SoldByWeight/><Quantity>200.00</Quantity><UnitOfMeasure>גרם     </UnitOfMeasure><QtyInPackage>לא ידוע</QtyInPackage><UnitOfMeasurePrice>0.0395</UnitOfMeasurePrice><AllowDiscount>1</AllowDiscount><ItemStatus>1</ItemStatus><ItemPrice>7.90</ItemPrice></item><item><PriceUpdateDate>2016-05-30 22:04:23</PriceUpdateDate><ItemCode>7290008493420</ItemCode><ItemType>1</ItemType><ItemName>מב בייגלה שמיניות חי</ItemName><ManufacturerName>לא ממותג</ManufacturerName><ManufactureCountry>ישראל</ManufactureCountry><ManufacturerItemDescription>מב בייגלה שמיניות חי</ManufacturerItemDescription><SoldByWeight/><Quantity>300.00</Quantity><UnitOfMeasure>גרם     </UnitOfMeasure><QtyInPackage>לא ידוע</QtyInPackage><UnitOfMeasurePrice>0.0263</UnitOfMeasurePrice><AllowDiscount>1</AllowDiscount><ItemStatus>1</ItemStatus><ItemPrice>7.90</ItemPrice></item><item><PriceUpdateDate>2016-05-30 22:04:23</PriceUpdateDate><ItemCode>7290008493499</ItemCode><ItemType>1</ItemType><ItemName>מב בייגלה שטוחל'ה מל</ItemName><ManufacturerName>לא ממותג</ManufacturerName><ManufactureCountry>ישראל</ManufactureCountry><ManufacturerItemDescription>שטוחלה מלח 350גרם</ManufacturerItemDescription><SoldByWeight/><Quantity>350.00</Quantity><UnitOfMeasure>גרם     </UnitOfMeasure><QtyInPackage>לא ידוע</QtyInPackage><UnitOfMeasurePrice>0.0226</UnitOfMeasurePrice><AllowDiscount>1</AllowDiscount><ItemStatus>1</ItemStatus><ItemPrice>7.90</ItemPrice></item><item><PriceUpdateDate>2016-05-30 22:04:23</PriceUpdateDate><ItemCode>7290008493505</ItemCode><ItemType>1</ItemType><ItemName>מב בייגלה שטוחל'ה שו</ItemName><ManufacturerName>לא ממותג</ManufacturerName><ManufactureCountry>ישראל</ManufactureCountry><ManufacturerItemDescription>שטוחלה שומשום 300גרם</ManufacturerItemDescription><SoldByWeight/><Quantity>300.00</Quantity><UnitOfMeasure>גרם     </UnitOfMeasure><QtyInPackage>לא ידוע</QtyInPackage><UnitOfMeasurePrice>0.0263</UnitOfMeasurePrice><AllowDiscount>1</AllowDiscount><ItemStatus>1</ItemStatus><ItemPrice>7.90</ItemPrice></item><item><PriceUpdateDate>2016-05-30 22:04:23</PriceUpdateDate><ItemCode>7290008493765</ItemCode><ItemType>1</ItemType><ItemName>מב בייגלה שטוחל'ה צ'</ItemName><ManufacturerName>מאיר את בייגל</ManufacturerName><ManufactureCountry>ישראל</ManufactureCountry><ManufacturerItemDescription>שטוחלה מלח 350גרם</ManufacturerItemDescription><SoldByWeight/><Quantity>300.00</Quantity><UnitOfMeasure>גרם     </UnitOfMeasure><QtyInPackage>לא ידוע</QtyInPackage><UnitOfMeasurePrice>0.0263</UnitOfMeasurePrice><AllowDiscount>1</AllowDiscount><ItemStatus>1</ItemStatus><ItemPrice>7.90</ItemPrice></item><item><PriceUpdateDate>2015-11-12 16:51:45</PriceUpdateDate><ItemCode>7290008515221</ItemCode><ItemType>1</ItemType><ItemName>עלים לסיגרים 500 גרם</ItemName><ManufacturerName>יסמין</ManufacturerName><ManufactureCountry>ישראל</ManufactureCountry><ManufacturerItemDescription>עלים לסיגרים 500 גרם</ManufacturerItemDescription><SoldByWeight/><Quantity>500.00</Quantity><UnitOfMeasure>גרם     </UnitOfMeasure><QtyInPackage>לא ידוע</QtyInPackage><UnitOfMeasurePrice>0.0264</UnitOfMeasurePrice><AllowDiscount>1</AllowDiscount><ItemStatus>1</ItemStatus><ItemPrice>13.20</ItemPrice></item><item><PriceUpdateDate>2016-05-30 22:04:23</PriceUpdateDate><ItemCode>7290008636933</ItemCode><ItemType>1</ItemType><ItemName>מב אגוז מלך גרוס מיה</ItemName><ManufacturerName>מיה</ManufacturerName><ManufactureCountry>ישראל</ManufactureCountry><ManufacturerItemDescription>מב אגוז מלך גרוס מיה</ManufacturerItemDescription><SoldByWeight/><Quantity>100.00</Quantity><UnitOfMeasure>גרם     </UnitOfMeasure><QtyInPackage>לא ידוע</QtyInPackage><UnitOfMeasurePrice>0.0990</UnitOfMeasurePrice><AllowDiscount>1</AllowDiscount><ItemStatus>1</ItemStatus><ItemPrice>9.90</ItemPrice></item><item><PriceUpdateDate>2014-11-03 06:37:34</PriceUpdateDate><ItemCode>7290008636988</ItemCode><ItemType>1</ItemType><ItemName>גרעיני חמניות קלופים</ItemName><ManufacturerName>מיה</ManufacturerName><ManufactureCountry>ישראל</ManufactureCountry><ManufacturerItemDescription>גרעיני חמניות קלופים</ManufacturerItemDescription><SoldByWeight/><Quantity>0.00</Quantity><UnitOfMeasure>יח'</UnitOfMeasure><QtyInPackage>לא ידוע</QtyInPackage><UnitOfMeasurePrice>0.0000</UnitOfMeasurePrice><AllowDiscount>1</AllowDiscount><ItemStatus>1</ItemStatus><ItemPrice>3.90</ItemPrice></item><item><PriceUpdateDate>2014-11-03 06:37:34</PriceUpdateDate><ItemCode>7290008636995</ItemCode><ItemType>1</ItemType><ItemName>גרעיני דלעת קלופים 1</ItemName><ManufacturerName>מיה</ManufacturerName><ManufactureCountry>ישראל</ManufactureCountry><ManufacturerItemDescription>גרעיני דלעת קלופים 1</ManufacturerItemDescription><SoldByWeight/><Quantity>100.00</Quantity><UnitOfMeasure>גרם     </UnitOfMeasure><QtyInPackage>לא ידוע</QtyInPackage><UnitOfMeasurePrice>0.0870</UnitOfMeasurePrice><AllowDiscount>1</AllowDiscount><ItemStatus>1</ItemStatus><ItemPrice>8.70</ItemPrice></item><item><PriceUpdateDate>2016-04-03 10:07:14</PriceUpdateDate><ItemCode>7290008644235</ItemCode><ItemType>1</ItemType><ItemName>עלי בייבי ירקות שטרא</ItemName><ManufacturerName>שטראוס</ManufacturerName><ManufactureCountry>ישראל</ManufactureCountry><ManufacturerItemDescription>מבחר עלי בייבי</ManufacturerItemDescription><SoldByWeight/><Quantity>120.00</Quantity><UnitOfMeasure>יח'</UnitOfMeasure><QtyInPackage>לא ידוע</QtyInPackage><UnitOfMeasurePrice>0.0908</UnitOfMeasurePrice><AllowDiscount>1</AllowDiscount><ItemStatus>1</ItemStatus><ItemPrice>10.90</ItemPrice></item><item><PriceUpdateDate>2016-04-03 10:07:14</PriceUpdateDate><ItemCode>7290008644839</ItemCode><ItemType>1</ItemType><ItemName>חסה ערבית אייסברג יר</ItemName><ManufacturerName>שטראוס</ManufacturerName><ManufactureCountry>ישראל</ManufactureCountry><ManufacturerItemDescription>סלט חסה</ManufacturerItemDescription><SoldByWeight/><Quantity>300.00</Quantity><UnitOfMeasure>גרם     </UnitOfMeasure><QtyInPackage>לא ידוע</QtyInPackage><UnitOfMeasurePrice>0.0463</UnitOfMeasurePrice><AllowDiscount>1</AllowDiscount><ItemStatus>1</ItemStatus><ItemPrice>13.90</ItemPrice></item><item><PriceUpdateDate>2016-04-03 10:07:14</PriceUpdateDate><ItemCode>7290008644945</ItemCode><ItemType>1</ItemType><ItemName>סלט המושבה 450 גרם</ItemName><ManufacturerName>שטראוס</ManufacturerName><ManufactureCountry>ישראל</ManufactureCountry><ManufacturerItemDescription>סלט המושבה</ManufacturerItemDescription><SoldByWeight/><Quantity>450.00</Quantity><UnitOfMeasure>גרם     </UnitOfMeasure><QtyInPackage>לא ידוע</QtyInPackage><UnitOfMeasurePrice>0.0331</UnitOfMeasurePrice><AllowDiscount>1</AllowDiscount><ItemStatus>1</ItemStatus><ItemPrice>14.90</ItemPrice></item><item><PriceUpdateDate>2016-05-02 08:05:52</PriceUpdateDate><ItemCode>7290008645935</ItemCode><ItemType>1</ItemType><ItemName>סלט חומוס אחלה 750 ג</ItemName><ManufacturerName>אחלה</ManufacturerName><ManufactureCountry>ישראל</ManufactureCountry><ManufacturerItemDescription>סלט חומוס אחלה 750 ג</ManufacturerItemDescription><SoldByWeight/><Quantity>750.00</Quantity><UnitOfMeasure>גרם     </UnitOfMeasure><QtyInPackage>לא ידוע</QtyInPackage><UnitOfMeasurePrice>0.0132</UnitOfMeasurePrice><AllowDiscount>1</AllowDiscount><ItemStatus>1</ItemStatus><ItemPrice>9.90</ItemPrice></item><item><PriceUpdateDate>2016-05-30 22:04:23</PriceUpdateDate><ItemCode>7290008670012</ItemCode><ItemType>1</ItemType><ItemName>מב יין רקנאטי קברנה</ItemName><ManufacturerName>רקאנטי</ManufacturerName><ManufactureCountry>ישראל</ManufactureCountry><ManufacturerItemDescription>רקנאטי גליל עליון קברנה ס</ManufacturerItemDescription><SoldByWeight/><Quantity>750.00</Quantity><UnitOfMeasure>מ"ל</UnitOfMeasure><QtyInPackage>לא ידוע</QtyInPackage><UnitOfMeasurePrice>0.0732</UnitOfMeasurePrice><AllowDiscount>1</AllowDiscount><ItemStatus>1</ItemStatus><ItemPrice>54.90</ItemPrice></item><item><PriceUpdateDate>2016-05-30 22:04:23</PriceUpdateDate><ItemCode>7290008670159</ItemCode><ItemType>1</ItemType><ItemName>מב יין יסמין לבן 750</ItemName><ManufacturerName>יסמין -  יקבי רקנאטי</ManufacturerName><ManufactureCountry>ישראל</ManufactureCountry><ManufacturerItemDescription>יין יסמין לבן רקאנטי 750</ManufacturerItemDescription><SoldByWeight/><Quantity>750.00</Quantity><UnitOfMeasure>מ"ל</UnitOfMeasure><QtyInPackage>לא ידוע</QtyInPackage><UnitOfMeasurePrice>0.0439</UnitOfMeasurePrice><AllowDiscount>1</AllowDiscount><ItemStatus>1</ItemStatus><ItemPrice>32.90</ItemPrice></item><item><PriceUpdateDate>2015-11-12 16:51:31</PriceUpdateDate><ItemCode>7290008679411</ItemCode><ItemType>1</ItemType><ItemName>כפפות הנדי קטן</ItemName><ManufacturerName>הנדי</ManufacturerName><ManufactureCountry>ישראל</ManufactureCountry><ManufacturerItemDescription>כפפות הנדי קטן</ManufacturerItemDescription><SoldByWeight/><Quantity>0.00</Quantity><UnitOfMeasure>יח'</UnitOfMeasure><QtyInPackage>לא ידוע</QtyInPackage><UnitOfMeasurePrice>0.0000</UnitOfMeasurePrice><AllowDiscount>1</AllowDiscount><ItemStatus>1</ItemStatus><ItemPrice>8.00</ItemPrice></item><item><PriceUpdateDate>2015-11-12 16:51:31</PriceUpdateDate><ItemCode>7290008679428</ItemCode><ItemType>1</ItemType><ItemName>כפפות הנדי בינוני</ItemName><ManufacturerName>הנדי</ManufacturerName><ManufactureCountry>ישראל</ManufactureCountry><ManufacturerItemDescription>כפפות הנדי בינוני</ManufacturerItemDescription><SoldByWeight/><Quantity>0.00</Quantity><UnitOfMeasure>יח'</UnitOfMeasure><QtyInPackage>לא ידוע</QtyInPackage><UnitOfMeasurePrice>0.0000</UnitOfMeasurePrice><AllowDiscount>1</AllowDiscount><ItemStatus>1</ItemStatus><ItemPrice>8.00</ItemPrice></item><item><PriceUpdateDate>2014-11-03 06:37:20</PriceUpdateDate><ItemCode>7290008679985</ItemCode><ItemType>1</ItemType><ItemName>כפפות אצבעות מחוזקות</ItemName><ManufacturerName>הנדי</ManufacturerName><ManufactureCountry>ישראל</ManufactureCountry><ManufacturerItemDescription>כפפות אצבעות מחוזקות</ManufacturerItemDescription><SoldByWeight/><Quantity>0.00</Quantity><UnitOfMeasure>יח'</UnitOfMeasure><QtyInPackage>לא ידוע</QtyInPackage><UnitOfMeasurePrice>0.0000</UnitOfMeasurePrice><AllowDiscount>1</AllowDiscount><ItemStatus>1</ItemStatus><ItemPrice>14.40</ItemPrice></item><item><PriceUpdateDate>2016-03-16 15:40:46</PriceUpdateDate><ItemCode>7290008690164</ItemCode><ItemType>1</ItemType><ItemName>קוקה קולה לימון דיאט</ItemName><ManufacturerName>דיאט קולה לימון</ManufacturerName><ManufactureCountry>ישראל</ManufactureCountry><ManufacturerItemDescription>קוקה קולה דיאט לימון 1.5</ManufacturerItemDescription><SoldByWeight/><Quantity>1500.00</Quantity><UnitOfMeasure>מ"ל</UnitOfMeasure><QtyInPackage>לא ידוע</QtyInPackage><UnitOfMeasurePrice>0.0046</UnitOfMeasurePrice><AllowDiscount>1</AllowDiscount><ItemStatus>1</ItemStatus><ItemPrice>6.90</ItemPrice></item><item><PriceUpdateDate>2016-02-02 06:51:21</PriceUpdateDate><ItemCode>7290008690713</ItemCode><ItemType>1</ItemType><ItemName>נקטר חמוציות 1 ליטר</ItemName><ManufacturerName>אושן ספרי</ManufacturerName><ManufactureCountry>ישראל</ManufactureCountry><ManufacturerItemDescription>נקטר חמוציות</ManufacturerItemDescription><SoldByWeight/><Quantity>1000.00</Quantity><UnitOfMeasure>מ"ל</UnitOfMeasure><QtyInPackage>לא ידוע</QtyInPackage><UnitOfMeasurePrice>0.0132</UnitOfMeasurePrice><AllowDiscount>1</AllowDiscount><ItemStatus>1</ItemStatus><ItemPrice>13.20</ItemPrice></item><item><PriceUpdateDate>2015-10-11 18:10:51</PriceUpdateDate><ItemCode>7290008693134</ItemCode><ItemType>1</ItemType><ItemName>דניאלה תות 150 מ"ל</ItemName><ManufacturerName>דניאלה</ManufacturerName><ManufactureCountry>ישראל</ManufactureCountry><ManufacturerItemDescription>דניאלה מעדן גבינה תות 150</ManufacturerItemDescription><SoldByWeight/><Quantity>150.00</Quantity><UnitOfMeasure>מ"ל</UnitOfMeasure><QtyInPackage>לא ידוע</QtyInPackage><UnitOfMeasurePrice>0.0280</UnitOfMeasurePrice><AllowDiscount>1</AllowDiscount><ItemStatus>1</ItemStatus><ItemPrice>4.20</ItemPrice></item><item><PriceUpdateDate>2016-05-30 22:04:23</PriceUpdateDate><ItemCode>7290008713016</ItemCode><ItemType>1</ItemType><ItemName>מב לחם שבעה דגנים קל</ItemName><ManufacturerName>אנג'ל</ManufacturerName><ManufactureCountry>ישראל</ManufactureCountry><ManufacturerItemDescription>לחם שבעה דגנים קל 500 גרם</ManufacturerItemDescription><SoldByWeight/><Quantity>500.00</Quantity><UnitOfMeasure>גרם     </UnitOfMeasure><QtyInPackage>לא ידוע</QtyInPackage><UnitOfMeasurePrice>0.0278</UnitOfMeasurePrice><AllowDiscount>1</AllowDiscount><ItemStatus>1</ItemStatus><ItemPrice>13.90</ItemPrice></item><item><PriceUpdateDate>2015-09-30 23:37:47</PriceUpdateDate><ItemCode>7290008713184</ItemCode><ItemType>1</ItemType><ItemName>פיתות בשקית 10 יח''</ItemName><ManufacturerName>אנג'ל</ManufacturerName><ManufactureCountry>ישראל</ManufactureCountry><ManufacturerItemDescription>פיתות בשקית 10 יח''</ManufacturerItemDescription><SoldByWeight/><Quantity>1000.00</Quantity><UnitOfMeasure>גרם     </UnitOfMeasure><QtyInPackage>לא ידוע</QtyInPackage><UnitOfMeasurePrice>0.0099</UnitOfMeasurePrice><AllowDiscount>1</AllowDiscount><ItemStatus>1</ItemStatus><ItemPrice>9.90</ItemPrice></item><item><PriceUpdateDate>2016-05-30 22:04:23</PriceUpdateDate><ItemCode>7290008713696</ItemCode><ItemType>1</ItemType><ItemName>מב הלחמניה המלאה אנג</ItemName><ManufacturerName>אנג'ל</ManufacturerName><ManufactureCountry>ישראל</ManufactureCountry><ManufacturerItemDescription>הלחמניה  המלאה מקמח מלא 4</ManufacturerItemDescription><SoldByWeight/><Quantity>450.00</Quantity><UnitOfMeasure>גרם     </UnitOfMeasure><QtyInPackage>לא ידוע</QtyInPackage><UnitOfMeasurePrice>0.0220</UnitOfMeasurePrice><AllowDiscount>1</AllowDiscount><ItemStatus>1</ItemStatus><ItemPrice>9.90</ItemPrice></item><item><PriceUpdateDate>2015-10-20 16:58:24</PriceUpdateDate><ItemCode>7290008713900</ItemCode><ItemType>1</ItemType><ItemName>לחם שיפון עגול אנג''</ItemName><ManufacturerName>אנג'ל</ManufacturerName><ManufactureCountry>ישראל</ManufactureCountry><ManufacturerItemDescription>לחם שיפון עגול 750 גרם</ManufacturerItemDescription><SoldByWeight/><Quantity>750.00</Quantity><UnitOfMeasure>גרם     </UnitOfMeasure><QtyInPackage>לא ידוע</QtyInPackage><UnitOfMeasurePrice>0.0209</UnitOfMeasurePrice><AllowDiscount>0</AllowDiscount><ItemStatus>1</ItemStatus><ItemPrice>15.70</ItemPrice></item><item><PriceUpdateDate>2016-03-01 06:55:01</PriceUpdateDate><ItemCode>7290008713917</ItemCode><ItemType>1</ItemType><ItemName>לחם שיפון כהה אנג''ל</ItemName><ManufacturerName>אנג'ל</ManufacturerName><ManufactureCountry>ישראל</ManufactureCountry><ManufacturerItemDescription>לחם שיפון כהה 750 גרם</ManufacturerItemDescription><SoldByWeight/><Quantity>750.00</Quantity><UnitOfMeasure>גרם     </UnitOfMeasure><QtyInPackage>לא ידוע</QtyInPackage><UnitOfMeasurePrice>0.0172</UnitOfMeasurePrice><AllowDiscount>1</AllowDiscount><ItemStatus>1</ItemStatus><ItemPrice>12.90</ItemPrice></item><item><PriceUpdateDate>2015-09-30 23:37:48</PriceUpdateDate><ItemCode>7290008745239</ItemCode><ItemType>1</ItemType><ItemName>תפוצ'יפס קראנצ' טבעי</ItemName><ManufacturerName>תפוצ'יפס</ManufacturerName><ManufactureCountry>ישראל</ManufactureCountry><ManufacturerItemDescription>תפוציפס קראנץ בטעם טבעי 5</ManufacturerItemDescription><SoldByWeight/><Quantity>14.00</Quantity><UnitOfMeasure>גרם     </UnitOfMeasure><QtyInPackage>לא ידוע</QtyInPackage><UnitOfMeasurePrice>0.2786</UnitOfMeasurePrice><AllowDiscount>1</AllowDiscount><ItemStatus>1</ItemStatus><ItemPrice>3.90</ItemPrice></item><item><PriceUpdateDate>2016-02-16 15:55:40</PriceUpdateDate><ItemCode>7290008747424</ItemCode><ItemType>1</ItemType><ItemName>שוקולד פרה במילוי תו</ItemName><ManufacturerName>פרה</ManufacturerName><ManufactureCountry>ישראל</ManufactureCountry><ManufacturerItemDescription>שוקולד פרה במילוי תות 100</ManufacturerItemDescription><SoldByWeight/><Quantity>100.00</Quantity><UnitOfMeasure>גרם     </UnitOfMeasure><QtyInPackage>לא ידוע</QtyInPackage><UnitOfMeasurePrice>0.0690</UnitOfMeasurePrice><AllowDiscount>0</AllowDiscount><ItemStatus>1</ItemStatus><ItemPrice>6.90</ItemPrice></item><item><PriceUpdateDate>2015-10-11 11:22:39</PriceUpdateDate><ItemCode>7290008747431</ItemCode><ItemType>1</ItemType><ItemName>חטיף שוקולד פרה במיל</ItemName><ManufacturerName>פרה</ManufacturerName><ManufactureCountry>ישראל</ManufactureCountry><ManufacturerItemDescription>שוקולד פרה במלוי תות</ManufacturerItemDescription><SoldByWeight/><Quantity>50.00</Quantity><UnitOfMeasure>גרם     </UnitOfMeasure><QtyInPackage>לא ידוע</QtyInPackage><UnitOfMeasurePrice>0.1000</UnitOfMeasurePrice><AllowDiscount>1</AllowDiscount><ItemStatus>1</ItemStatus><ItemPrice>5.00</ItemPrice></item><item><PriceUpdateDate>2016-03-29 06:17:23</PriceUpdateDate><ItemCode>7290008747516</ItemCode><ItemType>1</ItemType><ItemName>מארז צ'יטוס איקס עיג</ItemName><ManufacturerName>צ'יטוס</ManufacturerName><ManufactureCountry>ישראל</ManufactureCountry><ManufacturerItemDescription>מארז צ'יטוס איקס עיג</ManufacturerItemDescription><SoldByWeight/><Quantity>150.00</Quantity><UnitOfMeasure>גרם     </UnitOfMeasure><QtyInPackage>לא ידוע</QtyInPackage><UnitOfMeasurePrice>0.0867</UnitOfMeasurePrice><AllowDiscount>1</AllowDiscount><ItemStatus>1</ItemStatus><ItemPrice>13.00</ItemPrice></item><item><PriceUpdateDate>2016-05-01 21:46:56</PriceUpdateDate><ItemCode>7290008748384</ItemCode><ItemType>1</ItemType><ItemName>שוקולד ספלנדיד מריר</ItemName><ManufacturerName>ספלנדיד</ManufacturerName><ManufactureCountry>ישראל</ManufactureCountry><ManufacturerItemDescription>שוקולד ספלנדיד מריר 100 ג</ManufacturerItemDescription><SoldByWeight/><Quantity>100.00</Quantity><UnitOfMeasure>גרם     </UnitOfMeasure><QtyInPackage>לא ידוע</QtyInPackage><UnitOfMeasurePrice>0.1190</UnitOfMeasurePrice><AllowDiscount>1</AllowDiscount><ItemStatus>1</ItemStatus><ItemPrice>11.90</ItemPrice></item><item><PriceUpdateDate>2016-01-18 09:36:31</PriceUpdateDate><ItemCode>7290008749343</ItemCode><ItemType>1</ItemType><ItemName>בפלות שחור לבן וניל</ItemName><ManufacturerName>עלית</ManufacturerName><ManufactureCountry>ישראל</ManufactureCountry><ManufacturerItemDescription>ופל שחור לבן קרם וניל 400</ManufacturerItemDescription><SoldByWeight/><Quantity>400.00</Quantity><UnitOfMeasure>גרם     </UnitOfMeasure><QtyInPackage>לא ידוע</QtyInPackage><UnitOfMeasurePrice>0.0422</UnitOfMeasurePrice><AllowDiscount>1</AllowDiscount><ItemStatus>1</ItemStatus><ItemPrice>16.90</ItemPrice></item><item><PriceUpdateDate>2015-11-12 14:58:33</PriceUpdateDate><ItemCode>7290008749954</ItemCode><ItemType>1</ItemType><ItemName>מארז וופל טוב טעם 20</ItemName><ManufacturerName>טוב טעם</ManufacturerName><ManufactureCountry>ישראל</ManufactureCountry><ManufacturerItemDescription>מארז וופל טוב טעם 20</ManufacturerItemDescription><SoldByWeight/><Quantity>600.00</Quantity><UnitOfMeasure>גרם     </UnitOfMeasure><QtyInPackage>לא ידוע</QtyInPackage><UnitOfMeasurePrice>0.0423</UnitOfMeasurePrice><AllowDiscount>1</AllowDiscount><ItemStatus>1</ItemStatus><ItemPrice>25.40</ItemPrice></item><item><PriceUpdateDate>2016-01-14 09:15:37</PriceUpdateDate><ItemCode>7290008750264</ItemCode><ItemType>1</ItemType><ItemName>מסטיק מאסט דובדבן 28</ItemName><ManufacturerName>לא ידוע</ManufacturerName><ManufactureCountry>ישראל</ManufactureCountry><ManufacturerItemDescription>מסטיק מאסט ציקלס דובדבן 2</ManufacturerItemDescription><SoldByWeight/><Quantity>0.00</Quantity><UnitOfMeasure>יח'</UnitOfMeasure><QtyInPackage>לא ידוע</QtyInPackage><UnitOfMeasurePrice>0.0000</UnitOfMeasurePrice><AllowDiscount>1</AllowDiscount><ItemStatus>1</ItemStatus><ItemPrice>4.50</ItemPrice></item><item><PriceUpdateDate>2016-02-16 15:55:40</PriceUpdateDate><ItemCode>7290008750400</ItemCode><ItemType>1</ItemType><ItemName>שוקולד פרה לבן עם עו</ItemName><ManufacturerName>פרה</ManufacturerName><ManufactureCountry>ישראל</ManufactureCountry><ManufacturerItemDescription>שוקולד פרה לבן עם עוגיות</ManufacturerItemDescription><SoldByWeight/><Quantity>100.00</Quantity><UnitOfMeasure>גרם     </UnitOfMeasure><QtyInPackage>לא ידוע</QtyInPackage><UnitOfMeasurePrice>0.0690</UnitOfMeasurePrice><AllowDiscount>0</AllowDiscount><ItemStatus>1</ItemStatus><ItemPrice>6.90</ItemPrice></item><item><PriceUpdateDate>2015-09-30 23:37:48</PriceUpdateDate><ItemCode>7290008752244</ItemCode><ItemType>1</ItemType><ItemName>חטיף תפוציפס קראנצ'</ItemName><ManufacturerName>תפוצ'יפס</ManufacturerName><ManufactureCountry>ישראל</ManufactureCountry><ManufacturerItemDescription>תפוציפס קראנץ גריל 50 גרם</ManufacturerItemDescription><SoldByWeight/><Quantity>14.00</Quantity><UnitOfMeasure>גרם     </UnitOfMeasure><QtyInPackage>לא ידוע</QtyInPackage><UnitOfMeasurePrice>0.2786</UnitOfMeasurePrice><AllowDiscount>1</AllowDiscount><ItemStatus>1</ItemStatus><ItemPrice>3.90</ItemPrice></item><item><PriceUpdateDate>2015-09-30 23:37:48</PriceUpdateDate><ItemCode>7290008753111</ItemCode><ItemType>1</ItemType><ItemName>חטיף תפוציפס קראנצ'</ItemName><ManufacturerName>תפוצ'יפס</ManufacturerName><ManufactureCountry>ישראל</ManufactureCountry><ManufacturerItemDescription>תפוציפס קראנץ מקסיקני 50</ManufacturerItemDescription><SoldByWeight/><Quantity>14.00</Quantity><UnitOfMeasure>גרם     </UnitOfMeasure><QtyInPackage>לא ידוע</QtyInPackage><UnitOfMeasurePrice>0.2786</UnitOfMeasurePrice><AllowDiscount>1</AllowDiscount><ItemStatus>1</ItemStatus><ItemPrice>3.90</ItemPrice></item><item><PriceUpdateDate>2016-01-18 09:36:31</PriceUpdateDate><ItemCode>7290008753883</ItemCode><ItemType>1</ItemType><ItemName>בפלות טראפלס שוקולד</ItemName><ManufacturerName>עלית</ManufacturerName><ManufactureCountry>ישראל</ManufactureCountry><ManufacturerItemDescription>ופל טעם טרפלס שוקולד 350</ManufacturerItemDescription><SoldByWeight/><Quantity>350.00</Quantity><UnitOfMeasure>גרם     </UnitOfMeasure><QtyInPackage>לא ידוע</QtyInPackage><UnitOfMeasurePrice>0.0483</UnitOfMeasurePrice><AllowDiscount>1</AllowDiscount><ItemStatus>1</ItemStatus><ItemPrice>16.90</ItemPrice></item><item><PriceUpdateDate>2016-02-16 15:55:40</PriceUpdateDate><ItemCode>7290008753982</ItemCode><ItemType>1</ItemType><ItemName>שוקולד פרה חלב אוורי</ItemName><ManufacturerName>פרה</ManufacturerName><ManufactureCountry>ישראל</ManufactureCountry><ManufacturerItemDescription>שוקולד חלב אוורירי 85 גר</ManufacturerItemDescription><SoldByWeight/><Quantity>100.00</Quantity><UnitOfMeasure>גרם     </UnitOfMeasure><QtyInPackage>לא ידוע</QtyInPackage><UnitOfMeasurePrice>0.0690</UnitOfMeasurePrice><AllowDiscount>0</AllowDiscount><ItemStatus>1</ItemStatus><ItemPrice>6.90</ItemPrice></item><item><PriceUpdateDate>2016-03-21 09:57:02</PriceUpdateDate><ItemCode>7290008754040</ItemCode><ItemType>1</ItemType><ItemName>ממרח שוקולד פרה מגדי</ItemName><ManufacturerName>פרה</ManufacturerName><ManufactureCountry>ישראל</ManufactureCountry><ManufacturerItemDescription>ממרח שוקולד פרה מגדי</ManufacturerItemDescription><SoldByWeight/><Quantity>850.00</Quantity><UnitOfMeasure>גרם     </UnitOfMeasure><QtyInPackage>לא ידוע</QtyInPackage><UnitOfMeasurePrice>0.0222</UnitOfMeasurePrice><AllowDiscount>1</AllowDiscount><ItemStatus>1</ItemStatus><ItemPrice>18.90</ItemPrice></item><item><PriceUpdateDate>2016-01-14 09:15:37</PriceUpdateDate><ItemCode>7290008754415</ItemCode><ItemType>1</ItemType><ItemName>מסטיק מאסט מנטה עדין</ItemName><ManufacturerName>מאסט</ManufacturerName><ManufactureCountry>ישראל</ManufactureCountry><ManufacturerItemDescription>מסטיק מאסט עדיין ספירמינט</ManufacturerItemDescription><SoldByWeight/><Quantity>28.00</Quantity><UnitOfMeasure>גרם     </UnitOfMeasure><QtyInPackage>לא ידוע</QtyInPackage><UnitOfMeasurePrice>0.1607</UnitOfMeasurePrice><AllowDiscount>1</AllowDiscount><ItemStatus>1</ItemStatus><ItemPrice>4.50</ItemPrice></item><item><PriceUpdateDate>2016-01-14 09:15:37</PriceUpdateDate><ItemCode>7290008754422</ItemCode><ItemType>1</ItemType><ItemName>מסטיק מאסט קלאסי 28</ItemName><ManufacturerName>מאסט</ManufacturerName><ManufactureCountry>ישראל</ManufactureCountry><ManufacturerItemDescription>מסטיק מאסט קלאסי פפרמינט</ManufacturerItemDescription><SoldByWeight/><Quantity>0.00</Quantity><UnitOfMeasure>יח'</UnitOfMeasure><QtyInPackage>לא ידוע</QtyInPackage><UnitOfMeasurePrice>0.0000</UnitOfMeasurePrice><AllowDiscount>1</AllowDiscount><ItemStatus>1</ItemStatus><ItemPrice>4.50</ItemPrice></item><item><PriceUpdateDate>2014-11-03 06:36:39</PriceUpdateDate><ItemCode>7290008754477</ItemCode><ItemType>1</ItemType><ItemName>קפה קולומביאני 100 ג</ItemName><ManufacturerName>לא ממותג</ManufacturerName><ManufactureCountry>ישראל</ManufactureCountry><ManufacturerItemDescription>קפה קולומביאני 100 ג</ManufacturerItemDescription><SoldByWeight/><Quantity>100.00</Quantity><UnitOfMeasure>גרם     </UnitOfMeasure><QtyInPackage>לא ידוע</QtyInPackage><UnitOfMeasurePrice>0.1230</UnitOfMeasurePrice><AllowDiscount>1</AllowDiscount><ItemStatus>1</ItemStatus><ItemPrice>12.30</ItemPrice></item><item><PriceUpdateDate>2016-05-26 09:48:53</PriceUpdateDate><ItemCode>7290008754613</ItemCode><ItemType>1</ItemType><ItemName>עוגת רולדה מצופה שוק</ItemName><ManufacturerName>עלית</ManufacturerName><ManufactureCountry>פולין</ManufactureCountry><ManufacturerItemDescription>חטיפי דגנים מרבהיער 5יח'</ManufacturerItemDescription><SoldByWeight/><Quantity>350.00</Quantity><UnitOfMeasure>גרם     </UnitOfMeasure><QtyInPackage>לא ידוע</QtyInPackage><UnitOfMeasurePrice>0.0483</UnitOfMeasurePrice><AllowDiscount>1</AllowDiscount><ItemStatus>1</ItemStatus><ItemPrice>16.90</ItemPrice></item><item><PriceUpdateDate>2016-05-01 21:46:56</PriceUpdateDate><ItemCode>7290008757980</ItemCode><ItemType>1</ItemType><ItemName>נקטר ספרינג רימונים</ItemName><ManufacturerName>ספרינג</ManufacturerName><ManufactureCountry>ישראל</ManufactureCountry><ManufacturerItemDescription>נקטר ספרינג רימונים</ManufacturerItemDescription><SoldByWeight/><Quantity>1000.00</Quantity><UnitOfMeasure>מ"ל</UnitOfMeasure><QtyInPackage>לא ידוע</QtyInPackage><UnitOfMeasurePrice>0.0067</UnitOfMeasurePrice><AllowDiscount>1</AllowDiscount><ItemStatus>1</ItemStatus><ItemPrice>6.70</ItemPrice></item><item><PriceUpdateDate>2016-05-30 22:04:24</PriceUpdateDate><ItemCode>7290008775731</ItemCode><ItemType>1</ItemType><ItemName>מב רוטב וינגרט 290 מ</ItemName><ManufacturerName>אסם</ManufacturerName><ManufactureCountry>ישראל</ManufactureCountry><ManufacturerItemDescription>רוטב וינגרט קלאסי 290 מל</ManufacturerItemDescription><SoldByWeight/><Quantity>290.00</Quantity><UnitOfMeasure>מ"ל</UnitOfMeasure><QtyInPackage>לא ידוע</QtyInPackage><UnitOfMeasurePrice>0.0376</UnitOfMeasurePrice><AllowDiscount>1</AllowDiscount><ItemStatus>1</ItemStatus><ItemPrice>10.90</ItemPrice></item><item><PriceUpdateDate>2016-05-30 22:04:24</PriceUpdateDate><ItemCode>7290008775816</ItemCode><ItemType>1</ItemType><ItemName>ערגליות שוקו 300 גרם</ItemName><ManufacturerName>אסם</ManufacturerName><ManufactureCountry>ישראל</ManufactureCountry><ManufacturerItemDescription>ערגליות שוקו 300 גר</ManufacturerItemDescription><SoldByWeight/><Quantity>300.00</Quantity><UnitOfMeasure>גרם     </UnitOfMeasure><QtyInPackage>לא ידוע</QtyInPackage><UnitOfMeasurePrice>0.0357</UnitOfMeasurePrice><AllowDiscount>0</AllowDiscount><ItemStatus>1</ItemStatus><ItemPrice>10.70</ItemPrice></item><item><PriceUpdateDate>2016-05-30 22:04:24</PriceUpdateDate><ItemCode>7290008775823</ItemCode><ItemType>1</ItemType><ItemName>ערגליות תות 300 גרם</ItemName><ManufacturerName>אסם</ManufacturerName><ManufactureCountry>ישראל</ManufactureCountry><ManufacturerItemDescription>ערגליות תות 300 גר</ManufacturerItemDescription><SoldByWeight/><Quantity>300.00</Quantity><UnitOfMeasure>גרם     </UnitOfMeasure><QtyInPackage>לא ידוע</QtyInPackage><UnitOfMeasurePrice>0.0357</UnitOfMeasurePrice><AllowDiscount>0</AllowDiscount><ItemStatus>1</ItemStatus><ItemPrice>10.70</ItemPrice></item><item><PriceUpdateDate>2016-05-30 22:04:24</PriceUpdateDate><ItemCode>7290008801454</ItemCode><ItemType>1</ItemType><ItemName>יין ישן נושן 650 מ"ל</ItemName><ManufacturerName>ישן נושן</ManufacturerName><ManufactureCountry>ישראל</ManufactureCountry><ManufacturerItemDescription>יין היובל ישן נושן 650 מל</ManufacturerItemDescription><SoldByWeight/><Quantity>650.00</Quantity><UnitOfMeasure>מ"ל</UnitOfMeasure><QtyInPackage>לא ידוע</QtyInPackage><UnitOfMeasurePrice>0.0257</UnitOfMeasurePrice><AllowDiscount>1</AllowDiscount><ItemStatus>1</ItemStatus><ItemPrice>16.70</ItemPrice></item><item><PriceUpdateDate>2014-11-03 06:37:30</PriceUpdateDate><ItemCode>7290008801461</ItemCode><ItemType>1</ItemType><ItemName>יין נצחון 750 מ"ל</ItemName><ManufacturerName>הניצחון</ManufacturerName><ManufactureCountry>ישראל</ManufactureCountry><ManufacturerItemDescription>יין נצחון 750 מ"ל</ManufacturerItemDescription><SoldByWeight/><Quantity>750.00</Quantity><UnitOfMeasure>מ"ל</UnitOfMeasure><QtyInPackage>לא ידוע</QtyInPackage><UnitOfMeasurePrice>0.0285</UnitOfMeasurePrice><AllowDiscount>1</AllowDiscount><ItemStatus>1</ItemStatus><ItemPrice>21.40</ItemPrice></item><item><PriceUpdateDate>2016-03-01 06:43:34</PriceUpdateDate><ItemCode>7290008802512</ItemCode><ItemType>1</ItemType><ItemName>יין וינו אדום יבש 75</ItemName><ManufacturerName>וינו</ManufacturerName><ManufactureCountry>ישראל</ManufactureCountry><ManufacturerItemDescription>יין וינו אדום יבש 750 מל</ManufacturerItemDescription><SoldByWeight/><Quantity>750.00</Quantity><UnitOfMeasure>מ"ל</UnitOfMeasure><QtyInPackage>לא ידוע</QtyInPackage><UnitOfMeasurePrice>0.0344</UnitOfMeasurePrice><AllowDiscount>1</AllowDiscount><ItemStatus>1</ItemStatus><ItemPrice>25.80</ItemPrice></item><item><PriceUpdateDate>2016-03-01 06:43:34</PriceUpdateDate><ItemCode>7290008804189</ItemCode><ItemType>1</ItemType><ItemName>יין קברנה סוביניון ג</ItemName><ManufacturerName>לא ממותג</ManufacturerName><ManufactureCountry>ישראל</ManufactureCountry><ManufacturerItemDescription>יין קברנה סוביניון גליל ע</ManufacturerItemDescription><SoldByWeight/><Quantity>750.00</Quantity><UnitOfMeasure>מ"ל</UnitOfMeasure><QtyInPackage>לא ידוע</QtyInPackage><UnitOfMeasurePrice>0.0799</UnitOfMeasurePrice><AllowDiscount>1</AllowDiscount><ItemStatus>1</ItemStatus><ItemPrice>59.90</ItemPrice></item><item><PriceUpdateDate>2016-01-15 09:02:28</PriceUpdateDate><ItemCode>7290008804332</ItemCode><ItemType>1</ItemType><ItemName>יין שיראז P.C 750  מ</ItemName><ManufacturerName>Private Collection</ManufacturerName><ManufactureCountry>ישראל</ManufactureCountry><ManufacturerItemDescription>יין שיראז P.C 750  מ</ManufacturerItemDescription><SoldByWeight/><Quantity>750.00</Quantity><UnitOfMeasure>מ"ל</UnitOfMeasure><QtyInPackage>לא ידוע</QtyInPackage><UnitOfMeasurePrice>0.0599</UnitOfMeasurePrice><AllowDiscount>1</AllowDiscount><ItemStatus>1</ItemStatus><ItemPrice>44.90</ItemPrice></item><item><PriceUpdateDate>2015-11-03 08:38:47</PriceUpdateDate><ItemCode>7290008805049</ItemCode><ItemType>1</ItemType><ItemName>יין סלקטד זינפנדל סמ</ItemName><ManufacturerName>סלקטד יקבי כרמל</ManufacturerName><ManufactureCountry>ישראל</ManufactureCountry><ManufacturerItemDescription>יין סלקטד זינפנדל סמ</ManufacturerItemDescription><SoldByWeight/><Quantity>750.00</Quantity><UnitOfMeasure>מ"ל</UnitOfMeasure><QtyInPackage>לא ידוע</QtyInPackage><UnitOfMeasurePrice>0.0399</UnitOfMeasurePrice><AllowDiscount>1</AllowDiscount><ItemStatus>1</ItemStatus><ItemPrice>29.90</ItemPrice></item><item><PriceUpdateDate>2016-01-15 09:02:28</PriceUpdateDate><ItemCode>7290008805520</ItemCode><ItemType>1</ItemType><ItemName>יין סלקטד קברנה מרלו</ItemName><ManufacturerName>סלקטד יקבי כרמל</ManufacturerName><ManufactureCountry>ישראל</ManufactureCountry><ManufacturerItemDescription>יין קברנה מרלו סלקטד 750</ManufacturerItemDescription><SoldByWeight/><Quantity>750.00</Quantity><UnitOfMeasure>מ"ל</UnitOfMeasure><QtyInPackage>לא ידוע</QtyInPackage><UnitOfMeasurePrice>0.0399</UnitOfMeasurePrice><AllowDiscount>1</AllowDiscount><ItemStatus>1</ItemStatus><ItemPrice>29.90</ItemPrice></item><item><PriceUpdateDate>2016-02-08 08:07:54</PriceUpdateDate><ItemCode>7290008806268</ItemCode><ItemType>1</ItemType><ItemName>מאגדת קורנטו ביס</ItemName><ManufacturerName>קורנטו</ManufacturerName><ManufactureCountry>ישראל</ManufactureCountry><ManufacturerItemDescription>קורנטו ביס 240   גרם</ManufacturerItemDescription><SoldByWeight/><Quantity>1.00</Quantity><UnitOfMeasure>יחי</UnitOfMeasure><QtyInPackage>לא ידוע</QtyInPackage><UnitOfMeasurePrice>34.9000</UnitOfMeasurePrice><AllowDiscount>1</AllowDiscount><ItemStatus>1</ItemStatus><ItemPrice>34.90</ItemPrice></item><item><PriceUpdateDate>2016-05-30 22:04:24</PriceUpdateDate><ItemCode>7290008806909</ItemCode><ItemType>1</ItemType><ItemName>גלידות קרמיסימו שוקו</ItemName><ManufacturerName>שטראוס לייט</ManufacturerName><ManufactureCountry>ישראל</ManufactureCountry><ManufacturerItemDescription>גלידה לייט שוקו וניל</ManufacturerItemDescription><SoldByWeight/><Quantity>1330.00</Quantity><UnitOfMeasure>מ"ל</UnitOfMeasure><QtyInPackage>לא ידוע</QtyInPackage><UnitOfMeasurePrice>0.0150</UnitOfMeasurePrice><AllowDiscount>1</AllowDiscount><ItemStatus>1</ItemStatus><ItemPrice>19.90</ItemPrice></item><item><PriceUpdateDate>2016-05-30 22:04:24</PriceUpdateDate><ItemCode>7290008806961</ItemCode><ItemType>1</ItemType><ItemName>גלידות קרמיסימו שבבי</ItemName><ManufacturerName>קרמיסימו</ManufacturerName><ManufactureCountry>ישראל</ManufactureCountry><ManufacturerItemDescription>קרמיסימו שוקולד ושבבי שוק</ManufacturerItemDescription><SoldByWeight/><Quantity>1330.00</Quantity><UnitOfMeasure>מ"ל</UnitOfMeasure><QtyInPackage>לא ידוע</QtyInPackage><UnitOfMeasurePrice>0.0150</UnitOfMeasurePrice><AllowDiscount>1</AllowDiscount><ItemStatus>1</ItemStatus><ItemPrice>19.90</ItemPrice></item><item><PriceUpdateDate>2016-05-30 22:04:24</PriceUpdateDate><ItemCode>7290008806985</ItemCode><ItemType>1</ItemType><ItemName>נשנושים גלידה שוקו ו</ItemName><ManufacturerName>קרמיסימו</ManufacturerName><ManufactureCountry>ישראל</ManufactureCountry><ManufacturerItemDescription>נשנושים גלידה שוקו ו</ManufacturerItemDescription><SoldByWeight/><Quantity>630.00</Quantity><UnitOfMeasure>גרם     </UnitOfMeasure><QtyInPackage>לא ידוע</QtyInPackage><UnitOfMeasurePrice>0.0681</UnitOfMeasurePrice><AllowDiscount>1</AllowDiscount><ItemStatus>1</ItemStatus><ItemPrice>42.90</ItemPrice></item><item><PriceUpdateDate>2016-05-30 22:04:24</PriceUpdateDate><ItemCode>7290008836425</ItemCode><ItemType>1</ItemType><ItemName>יין קל 1 ליטר</ItemName><ManufacturerName>יין קל</ManufacturerName><ManufactureCountry>ישראל</ManufactureCountry><ManufacturerItemDescription>יין קל 1 ליטר</ManufacturerItemDescription><SoldByWeight/><Quantity>1000.00</Quantity><UnitOfMeasure>מ"ל</UnitOfMeasure><QtyInPackage>לא ידוע</QtyInPackage><UnitOfMeasurePrice>0.0225</UnitOfMeasurePrice><AllowDiscount>1</AllowDiscount><ItemStatus>1</ItemStatus><ItemPrice>22.50</ItemPrice></item><item><PriceUpdateDate>2016-03-01 06:55:01</PriceUpdateDate><ItemCode>7290008836494</ItemCode><ItemType>1</ItemType><ItemName>מב מיץ ענבים אפרת 1</ItemName><ManufacturerName>יקבי אפרת</ManufacturerName><ManufactureCountry>ישראל</ManufactureCountry><ManufacturerItemDescription>מב מיץ ענבים אפרת 1</ManufacturerItemDescription><SoldByWeight/><Quantity>1000.00</Quantity><UnitOfMeasure>מ"ל</UnitOfMeasure><QtyInPackage>לא ידוע</QtyInPackage><UnitOfMeasurePrice>0.0149</UnitOfMeasurePrice><AllowDiscount>1</AllowDiscount><ItemStatus>1</ItemStatus><ItemPrice>14.90</ItemPrice></item><item><PriceUpdateDate>2015-11-16 11:40:32</PriceUpdateDate><ItemCode>7290008841795</ItemCode><ItemType>1</ItemType><ItemName>קוקטייל טבע 200 גרם</ItemName><ManufacturerName>זארובי</ManufacturerName><ManufactureCountry>ישראל</ManufactureCountry><ManufacturerItemDescription>קוקטייל טבע 200 גרם</ManufacturerItemDescription><SoldByWeight/><Quantity>200.00</Quantity><UnitOfMeasure>גרם     </UnitOfMeasure><QtyInPackage>לא ידוע</QtyInPackage><UnitOfMeasurePrice>0.1125</UnitOfMeasurePrice><AllowDiscount>1</AllowDiscount><ItemStatus>1</ItemStatus><ItemPrice>22.50</ItemPrice></item><item><PriceUpdateDate>2016-05-26 09:26:49</PriceUpdateDate><ItemCode>7290008846219</ItemCode><ItemType>1</ItemType><ItemName>שמן זית חלוצה 750 מ'</ItemName><ManufacturerName>לא ממותג</ManufacturerName><ManufactureCountry>ישראל</ManufactureCountry><ManufacturerItemDescription>שמן זית כתית מעולה 750 מל</ManufacturerItemDescription><SoldByWeight/><Quantity>750.00</Quantity><UnitOfMeasure>גרם     </UnitOfMeasure><QtyInPackage>לא ידוע</QtyInPackage><UnitOfMeasurePrice>0.0599</UnitOfMeasurePrice><AllowDiscount>1</AllowDiscount><ItemStatus>1</ItemStatus><ItemPrice>44.90</ItemPrice></item><item><PriceUpdateDate>2016-05-30 22:04:25</PriceUpdateDate><ItemCode>7290008849609</ItemCode><ItemType>1</ItemType><ItemName>מב רוטב אוליביה לכרע</ItemName><ManufacturerName>אוליביה</ManufacturerName><ManufactureCountry>ישראל</ManufactureCountry><ManufacturerItemDescription>מב רוטב אוליביה לכרע</ManufacturerItemDescription><SoldByWeight/><Quantity>290.00</Quantity><UnitOfMeasure>מ"ל</UnitOfMeasure><QtyInPackage>לא ידוע</QtyInPackage><UnitOfMeasurePrice>0.0431</UnitOfMeasurePrice><AllowDiscount>1</AllowDiscount><ItemStatus>1</ItemStatus><ItemPrice>12.50</ItemPrice></item><item><PriceUpdateDate>2016-05-30 22:04:25</PriceUpdateDate><ItemCode>7290008849753</ItemCode><ItemType>1</ItemType><ItemName>מב רוטב טריאקי עשיר</ItemName><ManufacturerName>אוליביה</ManufacturerName><ManufactureCountry>ישראל</ManufactureCountry><ManufacturerItemDescription>מב רוטב טריאקי עשיר</ManufacturerItemDescription><SoldByWeight/><Quantity>360.00</Quantity><UnitOfMeasure>מ"ל</UnitOfMeasure><QtyInPackage>לא ידוע</QtyInPackage><UnitOfMeasurePrice>0.0303</UnitOfMeasurePrice><AllowDiscount>1</AllowDiscount><ItemStatus>1</ItemStatus><ItemPrice>10.90</ItemPrice></item><item><PriceUpdateDate>2016-05-30 22:04:25</PriceUpdateDate><ItemCode>7290008849777</ItemCode><ItemType>1</ItemType><ItemName>מב רוטב צ''ילי מתוק</ItemName><ManufacturerName>אוליביה</ManufacturerName><ManufactureCountry>ישראל</ManufactureCountry><ManufacturerItemDescription>מב רוטב צ''ילי מתוק</ManufacturerItemDescription><SoldByWeight/><Quantity>350.00</Quantity><UnitOfMeasure>מ"ל</UnitOfMeasure><QtyInPackage>לא ידוע</QtyInPackage><UnitOfMeasurePrice>0.0311</UnitOfMeasurePrice><AllowDiscount>1</AllowDiscount><ItemStatus>1</ItemStatus><ItemPrice>10.90</ItemPrice></item><item><PriceUpdateDate>2016-05-30 22:04:25</PriceUpdateDate><ItemCode>7290008858045</ItemCode><ItemType>1</ItemType><ItemName>מב עלים לקרמשניט 400</ItemName><ManufacturerName>רון פוד</ManufacturerName><ManufactureCountry>ישראל</ManufactureCountry><ManufacturerItemDescription>מב עלים לקרמשניט 400</ManufacturerItemDescription><SoldByWeight/><Quantity>400.00</Quantity><UnitOfMeasure>גרם     </UnitOfMeasure><QtyInPackage>לא ידוע</QtyInPackage><UnitOfMeasurePrice>0.0497</UnitOfMeasurePrice><AllowDiscount>1</AllowDiscount><ItemStatus>1</ItemStatus><ItemPrice>19.90</ItemPrice></item><item><PriceUpdateDate>2016-01-11 14:31:45</PriceUpdateDate><ItemCode>7290008899048</ItemCode><ItemType>3</ItemType><ItemName>קוראסון ביס</ItemName><ManufacturerName>פילסברי</ManufacturerName><ManufactureCountry>ישראל</ManufactureCountry><ManufacturerItemDescription>קוראסון ביס</ManufacturerItemDescription><SoldByWeight/><Quantity>1.00</Quantity><UnitOfMeasure>ק"ג</UnitOfMeasure><QtyInPackage>לא ידוע</QtyInPackage><UnitOfMeasurePrice>35.0000</UnitOfMeasurePrice><AllowDiscount>1</AllowDiscount><ItemStatus>1</ItemStatus><ItemPrice>35.00</ItemPrice></item><item><PriceUpdateDate>2015-10-20 09:04:44</PriceUpdateDate><ItemCode>7290008899093</ItemCode><ItemType>1</ItemType><ItemName>לחם איטלקי לאפיה</ItemName><ManufacturerName>פילסברי</ManufacturerName><ManufactureCountry>ישראל</ManufactureCountry><ManufacturerItemDescription>לחם איטלקי לאפיה</ManufacturerItemDescription><SoldByWeight/><Quantity>1000.00</Quantity><UnitOfMeasure>ק"ג     </UnitOfMeasure><QtyInPackage>לא ידוע</QtyInPackage><UnitOfMeasurePrice>0.0077</UnitOfMeasurePrice><AllowDiscount>1</AllowDiscount><ItemStatus>1</ItemStatus><ItemPrice>7.70</ItemPrice></item><item><PriceUpdateDate>2015-11-10 09:55:16</PriceUpdateDate><ItemCode>7290008899109</ItemCode><ItemType>1</ItemType><ItemName>לחם כפרי/ לחם חמניות</ItemName><ManufacturerName>פילסברי</ManufacturerName><ManufactureCountry>ישראל</ManufactureCountry><ManufacturerItemDescription>לחם כפרי/ לחם חמניות</ManufacturerItemDescription><SoldByWeight/><Quantity>1000.00</Quantity><UnitOfMeasure>ק"ג     </UnitOfMeasure><QtyInPackage>לא ידוע</QtyInPackage><UnitOfMeasurePrice>0.0122</UnitOfMeasurePrice><AllowDiscount>1</AllowDiscount><ItemStatus>1</ItemStatus><ItemPrice>12.20</ItemPrice></item><item><PriceUpdateDate>2015-10-11 08:12:39</PriceUpdateDate><ItemCode>7290008899321</ItemCode><ItemType>1</ItemType><ItemName>חלה קלועה אפיה בסניף</ItemName><ManufacturerName>פילסברי</ManufacturerName><ManufactureCountry>ישראל</ManufactureCountry><ManufacturerItemDescription>חלה קלועה אפיה בסניף</ManufacturerItemDescription><SoldByWeight/><Quantity>1000.00</Quantity><UnitOfMeasure>ק"ג     </UnitOfMeasure><QtyInPackage>לא ידוע</QtyInPackage><UnitOfMeasurePrice>0.0101</UnitOfMeasurePrice><AllowDiscount>1</AllowDiscount><ItemStatus>1</ItemStatus><ItemPrice>10.10</ItemPrice></item><item><PriceUpdateDate>2015-10-11 08:12:39</PriceUpdateDate><ItemCode>7290008899345</ItemCode><ItemType>1</ItemType><ItemName>לחמניה שמינייה כפרי</ItemName><ManufacturerName>פילסברי</ManufacturerName><ManufactureCountry>ישראל</ManufactureCountry><ManufacturerItemDescription>לחמניה שמיניה לאפיה</ManufacturerItemDescription><SoldByWeight/><Quantity>1.00</Quantity><UnitOfMeasure>יח'</UnitOfMeasure><QtyInPackage>לא ידוע</QtyInPackage><UnitOfMeasurePrice>4.6000</UnitOfMeasurePrice><AllowDiscount>1</AllowDiscount><ItemStatus>1</ItemStatus><ItemPrice>4.60</ItemPrice></item><item><PriceUpdateDate>2015-10-11 08:12:39</PriceUpdateDate><ItemCode>7290008899369</ItemCode><ItemType>1</ItemType><ItemName>לחמנייה אצבע כפרית</ItemName><ManufacturerName>פילסברי</ManufacturerName><ManufactureCountry>ישראל</ManufactureCountry><ManufacturerItemDescription>לחמנייה אצבע כפרית</ManufacturerItemDescription><SoldByWeight/><Quantity>1.00</Quantity><UnitOfMeasure>יח'</UnitOfMeasure><QtyInPackage>לא ידוע</QtyInPackage><UnitOfMeasurePrice>2.5000</UnitOfMeasurePrice><AllowDiscount>1</AllowDiscount><ItemStatus>1</ItemStatus><ItemPrice>2.50</ItemPrice></item><item><PriceUpdateDate>2015-10-11 08:12:39</PriceUpdateDate><ItemCode>7290008899376</ItemCode><ItemType>1</ItemType><ItemName>לחמניה קשר לאפיה</ItemName><ManufacturerName>פילסברי</ManufacturerName><ManufactureCountry>ישראל</ManufactureCountry><ManufacturerItemDescription>לחמניה קשר לאפיה</ManufacturerItemDescription><SoldByWeight/><Quantity>1000.00</Quantity><UnitOfMeasure>ק"ג     </UnitOfMeasure><QtyInPackage>לא ידוע</QtyInPackage><UnitOfMeasurePrice>0.0036</UnitOfMeasurePrice><AllowDiscount>1</AllowDiscount><ItemStatus>1</ItemStatus><ItemPrice>3.60</ItemPrice></item><item><PriceUpdateDate>2015-10-11 08:12:39</PriceUpdateDate><ItemCode>7290008899420</ItemCode><ItemType>1</ItemType><ItemName>לחמניות ביס/פטיט פאן</ItemName><ManufacturerName>פילסברי</ManufacturerName><ManufactureCountry>ישראל</ManufactureCountry><ManufacturerItemDescription>לחמניות ביס/פטיט פאן</ManufacturerItemDescription><SoldByWeight/><Quantity>1000.00</Quantity><UnitOfMeasure>ק"ג     </UnitOfMeasure><QtyInPackage>לא ידוע</QtyInPackage><UnitOfMeasurePrice>0.0018</UnitOfMeasurePrice><AllowDiscount>0</AllowDiscount><ItemStatus>1</ItemStatus><ItemPrice>1.80</ItemPrice></item><item><PriceUpdateDate>2014-11-03 06:37:55</PriceUpdateDate><ItemCode>7290008899437</ItemCode><ItemType>1</ItemType><ItemName>בייגל שומשום לאפיה 1</ItemName><ManufacturerName>פילסברי</ManufacturerName><ManufactureCountry>ישראל</ManufactureCountry><ManufacturerItemDescription>בייגל שומשום לאפיה 1</ManufacturerItemDescription><SoldByWeight/><Quantity>1000.00</Quantity><UnitOfMeasure>ק"ג     </UnitOfMeasure><QtyInPackage>לא ידוע</QtyInPackage><UnitOfMeasurePrice>0.0045</UnitOfMeasurePrice><AllowDiscount>1</AllowDiscount><ItemStatus>1</ItemStatus><ItemPrice>4.50</ItemPrice></item><item><PriceUpdateDate>2015-10-11 08:12:40</PriceUpdateDate><ItemCode>7290008899505</ItemCode><ItemType>1</ItemType><ItemName>באגט</ItemName><ManufacturerName>פילסברי</ManufacturerName><ManufactureCountry>ישראל</ManufactureCountry><ManufacturerItemDescription>באגט טרי אפיה בסניף</ManufacturerItemDescription><SoldByWeight/><Quantity>1000.00</Quantity><UnitOfMeasure>ק"ג     </UnitOfMeasure><QtyInPackage>לא ידוע</QtyInPackage><UnitOfMeasurePrice>0.0057</UnitOfMeasurePrice><AllowDiscount>0</AllowDiscount><ItemStatus>1</ItemStatus><ItemPrice>5.70</ItemPrice></item><item><PriceUpdateDate>2014-11-03 06:37:55</PriceUpdateDate><ItemCode>7290008899529</ItemCode><ItemType>1</ItemType><ItemName>לחם גיבטה 200 אפוי ק</ItemName><ManufacturerName>פילסברי</ManufacturerName><ManufactureCountry>ישראל</ManufactureCountry><ManufacturerItemDescription>לחם גיבטה 200 אפוי ק</ManufacturerItemDescription><SoldByWeight/><Quantity>1000.00</Quantity><UnitOfMeasure>ק"ג     </UnitOfMeasure><QtyInPackage>לא ידוע</QtyInPackage><UnitOfMeasurePrice>0.0062</UnitOfMeasurePrice><AllowDiscount>1</AllowDiscount><ItemStatus>1</ItemStatus><ItemPrice>6.20</ItemPrice></item><item><PriceUpdateDate>2014-11-03 06:37:55</PriceUpdateDate><ItemCode>7290008899536</ItemCode><ItemType>1</ItemType><ItemName>לחמניה גפטה</ItemName><ManufacturerName>פילסברי</ManufacturerName><ManufactureCountry>ישראל</ManufactureCountry><ManufacturerItemDescription>לחמניות גבטה אפוי קפוא 50</ManufacturerItemDescription><SoldByWeight/><Quantity>1000.00</Quantity><UnitOfMeasure>ק"ג     </UnitOfMeasure><QtyInPackage>לא ידוע</QtyInPackage><UnitOfMeasurePrice>0.0040</UnitOfMeasurePrice><AllowDiscount>1</AllowDiscount><ItemStatus>1</ItemStatus><ItemPrice>4.00</ItemPrice></item><item><PriceUpdateDate>2014-11-03 06:37:55</PriceUpdateDate><ItemCode>7290008899574</ItemCode><ItemType>3</ItemType><ItemName>בורקס קוקטייל ביס 1</ItemName><ManufacturerName>פילסברי</ManufacturerName><ManufactureCountry>ישראל</ManufactureCountry><ManufacturerItemDescription>בורקס קוקטייל ביס 1</ManufacturerItemDescription><SoldByWeight/><Quantity>1.00</Quantity><UnitOfMeasure>ק"ג</UnitOfMeasure><QtyInPackage>לא ידוע</QtyInPackage><UnitOfMeasurePrice>50.0000</UnitOfMeasurePrice><AllowDiscount>1</AllowDiscount><ItemStatus>1</ItemStatus><ItemPrice>50.00</ItemPrice></item><item><PriceUpdateDate>2016-05-30 22:04:25</PriceUpdateDate><ItemCode>7290008899642</ItemCode><ItemType>3</ItemType><ItemName>מב בורקס פילס 1 ק''ג</ItemName><ManufacturerName>פילסברי</ManufacturerName><ManufactureCountry>ישראל</ManufactureCountry><ManufacturerItemDescription>בורקס פילס פטריות 1 קג לא</ManufacturerItemDescription><SoldByWeight/><Quantity>1.00</Quantity><UnitOfMeasure>ק"ג</UnitOfMeasure><QtyInPackage>לא ידוע</QtyInPackage><UnitOfMeasurePrice>24.9000</UnitOfMeasurePrice><AllowDiscount>1</AllowDiscount><ItemStatus>1</ItemStatus><ItemPrice>24.90</ItemPrice></item><item><PriceUpdateDate>2015-05-31 10:05:06</PriceUpdateDate><ItemCode>7290008899659</ItemCode><ItemType>3</ItemType><ItemName>עוגת פלטה שוקולד</ItemName><ManufacturerName>פילסברי</ManufacturerName><ManufactureCountry>ישראל</ManufactureCountry><ManufacturerItemDescription>עוגת פלטה שוקולד</ManufacturerItemDescription><SoldByWeight/><Quantity>1.00</Quantity><UnitOfMeasure>ק"ג</UnitOfMeasure><QtyInPackage>לא ידוע</QtyInPackage><UnitOfMeasurePrice>53.0000</UnitOfMeasurePrice><AllowDiscount>1</AllowDiscount><ItemStatus>1</ItemStatus><ItemPrice>53.00</ItemPrice></item><item><PriceUpdateDate>2015-05-31 10:05:06</PriceUpdateDate><ItemCode>7290008899666</ItemCode><ItemType>3</ItemType><ItemName>עוגת פלטה תפוח עץ</ItemName><ManufacturerName>פילסברי</ManufacturerName><ManufactureCountry>ישראל</ManufactureCountry><ManufacturerItemDescription>עוגת פלטה תפוח עץ</ManufacturerItemDescription><SoldByWeight/><Quantity>1.00</Quantity><UnitOfMeasure>ק"ג</UnitOfMeasure><QtyInPackage>לא ידוע</QtyInPackage><UnitOfMeasurePrice>51.0000</UnitOfMeasurePrice><AllowDiscount>1</AllowDiscount><ItemStatus>1</ItemStatus><ItemPrice>51.00</ItemPrice></item><item><PriceUpdateDate>2015-10-20 09:04:44</PriceUpdateDate><ItemCode>7290008899772</ItemCode><ItemType>3</ItemType><ItemName>עוגיות נילס קוקיס 1</ItemName><ManufacturerName>פילסברי</ManufacturerName><ManufactureCountry>ישראל</ManufactureCountry><ManufacturerItemDescription>עוגיות נילס קוקיס 1</ManufacturerItemDescription><SoldByWeight/><Quantity>1.00</Quantity><UnitOfMeasure>ק"ג</UnitOfMeasure><QtyInPackage>לא ידוע</QtyInPackage><UnitOfMeasurePrice>54.0000</UnitOfMeasurePrice><AllowDiscount>1</AllowDiscount><ItemStatus>1</ItemStatus><ItemPrice>54.00</ItemPrice></item><item><PriceUpdateDate>2015-11-10 09:55:17</PriceUpdateDate><ItemCode>7290008899826</ItemCode><ItemType>3</ItemType><ItemName>עוגת פלטה גבינה אפוי</ItemName><ManufacturerName>פילסברי</ManufacturerName><ManufactureCountry>ישראל</ManufactureCountry><ManufacturerItemDescription>עוגת פלטה גבינה אפוי</ManufacturerItemDescription><SoldByWeight/><Quantity>1.00</Quantity><UnitOfMeasure>ק"ג</UnitOfMeasure><QtyInPackage>לא ידוע</QtyInPackage><UnitOfMeasurePrice>58.1000</UnitOfMeasurePrice><AllowDiscount>1</AllowDiscount><ItemStatus>1</ItemStatus><ItemPrice>58.10</ItemPrice></item><item><PriceUpdateDate>2015-11-10 09:55:17</PriceUpdateDate><ItemCode>7290008899956</ItemCode><ItemType>1</ItemType><ItemName>לחמניה קוראסון אפיה</ItemName><ManufacturerName>פילסברי</ManufacturerName><ManufactureCountry>ישראל</ManufactureCountry><ManufacturerItemDescription>לחמניה קוראסון אפיה</ManufacturerItemDescription><SoldByWeight/><Quantity>1000.00</Quantity><UnitOfMeasure>ק"ג     </UnitOfMeasure><QtyInPackage>לא ידוע</QtyInPackage><UnitOfMeasurePrice>0.0046</UnitOfMeasurePrice><AllowDiscount>1</AllowDiscount><ItemStatus>1</ItemStatus><ItemPrice>4.60</ItemPrice></item><item><PriceUpdateDate>2016-03-16 15:40:46</PriceUpdateDate><ItemCode>7290008909440</ItemCode><ItemType>1</ItemType><ItemName>פאנטה אורנג' מנגו 1.</ItemName><ManufacturerName>פאנטה אורנג</ManufacturerName><ManufactureCountry>ישראל</ManufactureCountry><ManufacturerItemDescription>פאנטה אורנג' מנגו 1.</ManufacturerItemDescription><SoldByWeight/><Quantity>1500.00</Quantity><UnitOfMeasure>מ"ל</UnitOfMeasure><QtyInPackage>לא ידוע</QtyInPackage><UnitOfMeasurePrice>0.0046</UnitOfMeasurePrice><AllowDiscount>1</AllowDiscount><ItemStatus>1</ItemStatus><ItemPrice>6.90</ItemPrice></item><item><PriceUpdateDate>2015-10-11 18:10:51</PriceUpdateDate><ItemCode>7290008909853</ItemCode><ItemType>1</ItemType><ItemName>קוקה קולה זירו 0.5 ל</ItemName><ManufacturerName>zero קוקה קולה</ManufacturerName><ManufactureCountry>ישראל</ManufactureCountry><ManufacturerItemDescription>קוקה קולה זירו 500 מל</ManufacturerItemDescription><SoldByWeight/><Quantity>500.00</Quantity><UnitOfMeasure>מ"ל</UnitOfMeasure><QtyInPackage>לא ידוע</QtyInPackage><UnitOfMeasurePrice>0.0146</UnitOfMeasurePrice><AllowDiscount>1</AllowDiscount><ItemStatus>1</ItemStatus><ItemPrice>7.30</ItemPrice></item><item><PriceUpdateDate>2016-03-16 15:40:46</PriceUpdateDate><ItemCode>7290008909860</ItemCode><ItemType>1</ItemType><ItemName>קוקה קולה זירו 1.5 ל</ItemName><ManufacturerName>zero קוקה קולה</ManufacturerName><ManufactureCountry>ישראל</ManufactureCountry><ManufacturerItemDescription>קוקה קולה זירו 1.5 ל</ManufacturerItemDescription><SoldByWeight/><Quantity>1500.00</Quantity><UnitOfMeasure>מ"ל</UnitOfMeasure><QtyInPackage>לא ידוע</QtyInPackage><UnitOfMeasurePrice>0.0046</UnitOfMeasurePrice><AllowDiscount>1</AllowDiscount><ItemStatus>1</ItemStatus><ItemPrice>6.90</ItemPrice></item><item><PriceUpdateDate>2016-03-16 15:40:46</PriceUpdateDate><ItemCode>7290008909877</ItemCode><ItemType>1</ItemType><ItemName>קולה זירו שישיות 1.5</ItemName><ManufacturerName>zero קוקה קולה</ManufacturerName><ManufactureCountry>ישראל</ManufactureCountry><ManufacturerItemDescription>קוקה קולה זירו 1.5 1/6 ל</ManufacturerItemDescription><SoldByWeight/><Quantity>9000.00</Quantity><UnitOfMeasure>מ"ל</UnitOfMeasure><QtyInPackage>לא ידוע</QtyInPackage><UnitOfMeasurePrice>0.0041</UnitOfMeasurePrice><AllowDiscount>1</AllowDiscount><ItemStatus>1</ItemStatus><ItemPrice>36.90</ItemPrice></item><item><PriceUpdateDate>2016-03-16 15:40:46</PriceUpdateDate><ItemCode>7290008975551</ItemCode><ItemType>1</ItemType><ItemName>מטרנה מהדרין שלב 3 7</ItemName><ManufacturerName>מטרנה</ManufacturerName><ManufactureCountry>ישראל</ManufactureCountry><ManufacturerItemDescription>מטרנה מהדרין שלב 3 7</ManufacturerItemDescription><SoldByWeight/><Quantity>700.00</Quantity><UnitOfMeasure>גרם     </UnitOfMeasure><QtyInPackage>לא ידוע</QtyInPackage><UnitOfMeasurePrice>0.0741</UnitOfMeasurePrice><AllowDiscount>1</AllowDiscount><ItemStatus>1</ItemStatus><ItemPrice>51.90</ItemPrice></item><item><PriceUpdateDate>2016-03-16 15:40:46</PriceUpdateDate><ItemCode>7290008975780</ItemCode><ItemType>1</ItemType><ItemName>בונזו גזע קטן 3 ק"ג</ItemName><ManufacturerName>בונזו</ManufacturerName><ManufactureCountry>ישראל</ManufactureCountry><ManufacturerItemDescription>בונזו גזע קטן 3 קג</ManufacturerItemDescription><SoldByWeight/><Quantity>3000.00</Quantity><UnitOfMeasure>גרם     </UnitOfMeasure><QtyInPackage>לא ידוע</QtyInPackage><UnitOfMeasurePrice>0.0150</UnitOfMeasurePrice><AllowDiscount>1</AllowDiscount><ItemStatus>1</ItemStatus><ItemPrice>44.90</ItemPrice></item><item><PriceUpdateDate>2016-06-14 15:39:27</PriceUpdateDate><ItemCode>7290010023141</ItemCode><ItemType>1</ItemType><ItemName>לימון נענע 25שקיקים</ItemName><ManufacturerName>גן הקסום</ManufacturerName><ManufactureCountry>ישראל</ManufactureCountry><ManufacturerItemDescription>חליטה הגןהקסום לימונענע</ManufacturerItemDescription><SoldByWeight/><Quantity>14.00</Quantity><UnitOfMeasure>גרם     </UnitOfMeasure><QtyInPackage>לא ידוע</QtyInPackage><UnitOfMeasurePrice>1.4214</UnitOfMeasurePrice><AllowDiscount>1</AllowDiscount><ItemStatus>1</ItemStatus><ItemPrice>19.90</ItemPrice></item><item><PriceUpdateDate>2016-05-30 22:04:26</PriceUpdateDate><ItemCode>7290010045013</ItemCode><ItemType>1</ItemType><ItemName>עוגיות לחמי חמאה צרפ</ItemName><ManufacturerName>לחמי</ManufacturerName><ManufactureCountry>ישראל</ManufactureCountry><ManufacturerItemDescription>עוגיות חמאה צרפתיות 280 ג</ManufacturerItemDescription><SoldByWeight/><Quantity>250.00</Quantity><UnitOfMeasure>גרם     </UnitOfMeasure><QtyInPackage>לא ידוע</QtyInPackage><UnitOfMeasurePrice>0.0796</UnitOfMeasurePrice><AllowDiscount>1</AllowDiscount><ItemStatus>1</ItemStatus><ItemPrice>19.90</ItemPrice></item><item><PriceUpdateDate>2016-05-30 22:04:26</PriceUpdateDate><ItemCode>7290010045037</ItemCode><ItemType>1</ItemType><ItemName>עוגיות לחמי שוקולד צ</ItemName><ManufacturerName>לחמי</ManufacturerName><ManufactureCountry>ישראל</ManufactureCountry><ManufacturerItemDescription>עוגיות שוקולד ציפס 250 גר</ManufacturerItemDescription><SoldByWeight/><Quantity>250.00</Quantity><UnitOfMeasure>גרם     </UnitOfMeasure><QtyInPackage>לא ידוע</QtyInPackage><UnitOfMeasurePrice>0.0796</UnitOfMeasurePrice><AllowDiscount>1</AllowDiscount><ItemStatus>1</ItemStatus><ItemPrice>19.90</ItemPrice></item><item><PriceUpdateDate>2016-05-30 22:04:26</PriceUpdateDate><ItemCode>7290010045051</ItemCode><ItemType>1</ItemType><ItemName>עוגיות לחמי שקדים 28</ItemName><ManufacturerName>לא ידוע</ManufacturerName><ManufactureCountry>ישראל</ManufactureCountry><ManufacturerItemDescription>עוגיות מלבן שקדים 280 גר</ManufacturerItemDescription><SoldByWeight/><Quantity>280.00</Quantity><UnitOfMeasure>גרם     </UnitOfMeasure><QtyInPackage>לא ידוע</QtyInPackage><UnitOfMeasurePrice>0.0711</UnitOfMeasurePrice><AllowDiscount>1</AllowDiscount><ItemStatus>1</ItemStatus><ItemPrice>19.90</ItemPrice></item><item><PriceUpdateDate>2015-11-12 17:28:18</PriceUpdateDate><ItemCode>7290010049004</ItemCode><ItemType>1</ItemType><ItemName>תרכיז מרמולייט ענבים</ItemName><ManufacturerName>מרמולייט</ManufacturerName><ManufactureCountry>ישראל</ManufactureCountry><ManufacturerItemDescription>תרכיז מרמולייט ענבים</ManufacturerItemDescription><SoldByWeight/><Quantity>1000.00</Quantity><UnitOfMeasure>מ"ל</UnitOfMeasure><QtyInPackage>לא ידוע</QtyInPackage><UnitOfMeasurePrice>0.0132</UnitOfMeasurePrice><AllowDiscount>1</AllowDiscount><ItemStatus>1</ItemStatus><ItemPrice>13.20</ItemPrice></item><item><PriceUpdateDate>2016-02-02 06:51:21</PriceUpdateDate><ItemCode>7290010065271</ItemCode><ItemType>1</ItemType><ItemName>מחית פרינוק תפו''ע 1</ItemName><ManufacturerName>פרינוק</ManufacturerName><ManufactureCountry>ישראל</ManufactureCountry><ManufacturerItemDescription>מחית פרינוק תפו''ע 1</ManufacturerItemDescription><SoldByWeight/><Quantity>130.00</Quantity><UnitOfMeasure>גרם     </UnitOfMeasure><QtyInPackage>לא ידוע</QtyInPackage><UnitOfMeasurePrice>0.0385</UnitOfMeasurePrice><AllowDiscount>1</AllowDiscount><ItemStatus>1</ItemStatus><ItemPrice>5.00</ItemPrice></item><item><PriceUpdateDate>2016-02-02 06:51:22</PriceUpdateDate><ItemCode>7290010065295</ItemCode><ItemType>1</ItemType><ItemName>מחית פרינוק תפו''ע ו</ItemName><ManufacturerName>פרינוק</ManufacturerName><ManufactureCountry>ישראל</ManufactureCountry><ManufacturerItemDescription>מחית פרינוק תפו''ע ו</ManufacturerItemDescription><SoldByWeight/><Quantity>130.00</Quantity><UnitOfMeasure>גרם     </UnitOfMeasure><QtyInPackage>לא ידוע</QtyInPackage><UnitOfMeasurePrice>0.0385</UnitOfMeasurePrice><AllowDiscount>1</AllowDiscount><ItemStatus>1</ItemStatus><ItemPrice>5.00</ItemPrice></item><item><PriceUpdateDate>2016-02-02 06:51:22</PriceUpdateDate><ItemCode>7290010065301</ItemCode><ItemType>1</ItemType><ItemName>מחית פרינוק סלט פירו</ItemName><ManufacturerName>פרינוק</ManufacturerName><ManufactureCountry>ישראל</ManufactureCountry><ManufacturerItemDescription>מחית פרינוק סלט פירו</ManufacturerItemDescription><SoldByWeight/><Quantity>130.00</Quantity><UnitOfMeasure>גרם     </UnitOfMeasure><QtyInPackage>לא ידוע</QtyInPackage><UnitOfMeasurePrice>0.0385</UnitOfMeasurePrice><AllowDiscount>1</AllowDiscount><ItemStatus>1</ItemStatus><ItemPrice>5.00</ItemPrice></item><item><PriceUpdateDate>2016-03-01 06:43:36</PriceUpdateDate><ItemCode>7290010065349</ItemCode><ItemType>1</ItemType><ItemName>מחית פרינוק סלט פירו</ItemName><ManufacturerName>פרינוק</ManufacturerName><ManufactureCountry>ישראל</ManufactureCountry><ManufacturerItemDescription>פרינוק מחית סלט פירות 190</ManufacturerItemDescription><SoldByWeight/><Quantity>190.00</Quantity><UnitOfMeasure>גרם     </UnitOfMeasure><QtyInPackage>לא ידוע</QtyInPackage><UnitOfMeasurePrice>0.0353</UnitOfMeasurePrice><AllowDiscount>1</AllowDiscount><ItemStatus>1</ItemStatus><ItemPrice>6.70</ItemPrice></item><item><PriceUpdateDate>2016-03-01 06:43:36</PriceUpdateDate><ItemCode>7290010065745</ItemCode><ItemType>1</ItemType><ItemName>מחית פרינוק ליפתן פי</ItemName><ManufacturerName>פרינוק</ManufacturerName><ManufactureCountry>ישראל</ManufactureCountry><ManufacturerItemDescription>פרינוק גוניור לפתן פירות1</ManufacturerItemDescription><SoldByWeight/><Quantity>190.00</Quantity><UnitOfMeasure>גרם     </UnitOfMeasure><QtyInPackage>לא ידוע</QtyInPackage><UnitOfMeasurePrice>0.0353</UnitOfMeasurePrice><AllowDiscount>1</AllowDiscount><ItemStatus>1</ItemStatus><ItemPrice>6.70</ItemPrice></item><item><PriceUpdateDate>2016-05-30 22:04:26</PriceUpdateDate><ItemCode>7290010115938</ItemCode><ItemType>1</ItemType><ItemName>מב פתיבר שוקו עלית 5</ItemName><ManufacturerName>עלית</ManufacturerName><ManufactureCountry>ישראל</ManufactureCountry><ManufacturerItemDescription>מב פתיבר שוקו עלית 5</ManufacturerItemDescription><SoldByWeight/><Quantity>500.00</Quantity><UnitOfMeasure>גרם     </UnitOfMeasure><QtyInPackage>לא ידוע</QtyInPackage><UnitOfMeasurePrice>0.0158</UnitOfMeasurePrice><AllowDiscount>1</AllowDiscount><ItemStatus>1</ItemStatus><ItemPrice>7.90</ItemPrice></item><item><PriceUpdateDate>2016-05-30 22:04:26</PriceUpdateDate><ItemCode>7290010116355</ItemCode><ItemType>1</ItemType><ItemName>מיני פסק זמן מגדים 4</ItemName><ManufacturerName>לא ידוע</ManufacturerName><ManufactureCountry>ישראל</ManufactureCountry><ManufacturerItemDescription>מיני פסק זמן מגדים 4</ManufacturerItemDescription><SoldByWeight/><Quantity>400.00</Quantity><UnitOfMeasure>גרם     </UnitOfMeasure><QtyInPackage>לא ידוע</QtyInPackage><UnitOfMeasurePrice>0.0572</UnitOfMeasurePrice><AllowDiscount>1</AllowDiscount><ItemStatus>1</ItemStatus><ItemPrice>22.90</ItemPrice></item><item><PriceUpdateDate>2016-05-30 22:04:26</PriceUpdateDate><ItemCode>7290010116379</ItemCode><ItemType>1</ItemType><ItemName>מיני כיף כף מגדים 40</ItemName><ManufacturerName>כיף כף</ManufacturerName><ManufactureCountry>ישראל</ManufactureCountry><ManufacturerItemDescription>מיני כיף כף מגדים 40</ManufacturerItemDescription><SoldByWeight/><Quantity>400.00</Quantity><UnitOfMeasure>גרם     </UnitOfMeasure><QtyInPackage>לא ידוע</QtyInPackage><UnitOfMeasurePrice>0.0572</UnitOfMeasurePrice><AllowDiscount>1</AllowDiscount><ItemStatus>1</ItemStatus><ItemPrice>22.90</ItemPrice></item><item><PriceUpdateDate>2016-05-30 22:04:26</PriceUpdateDate><ItemCode>7290010116980</ItemCode><ItemType>1</ItemType><ItemName>שוקולית 850 גרם בשקי</ItemName><ManufacturerName>שוקולית</ManufacturerName><ManufactureCountry>ישראל</ManufactureCountry><ManufacturerItemDescription>שוקולית 850 גרם בשקי</ManufacturerItemDescription><SoldByWeight/><Quantity>850.00</Quantity><UnitOfMeasure>גרם     </UnitOfMeasure><QtyInPackage>לא ידוע</QtyInPackage><UnitOfMeasurePrice>0.0234</UnitOfMeasurePrice><AllowDiscount>1</AllowDiscount><ItemStatus>1</ItemStatus><ItemPrice>19.90</ItemPrice></item><item><PriceUpdateDate>2015-10-11 18:10:51</PriceUpdateDate><ItemCode>7290010117864</ItemCode><ItemType>1</ItemType><ItemName>חטיף דוריטוס חריף אש</ItemName><ManufacturerName>דוריטוס</ManufacturerName><ManufactureCountry>ישראל</ManufactureCountry><ManufacturerItemDescription>דוריטוס בטעם חריף אש70 גר</ManufacturerItemDescription><SoldByWeight/><Quantity>14.00</Quantity><UnitOfMeasure>גרם     </UnitOfMeasure><QtyInPackage>לא ידוע</QtyInPackage><UnitOfMeasurePrice>0.3214</UnitOfMeasurePrice><AllowDiscount>1</AllowDiscount><ItemStatus>1</ItemStatus><ItemPrice>4.50</ItemPrice></item><item><PriceUpdateDate>2016-05-23 06:42:44</PriceUpdateDate><ItemCode>7290010117970</ItemCode><ItemType>1</ItemType><ItemName>בוטנים אמריקאים עלית</ItemName><ManufacturerName>סבבה</ManufacturerName><ManufactureCountry>ישראל</ManufactureCountry><ManufacturerItemDescription>סבבה בוטנים אמריקאים</ManufacturerItemDescription><SoldByWeight/><Quantity>50.00</Quantity><UnitOfMeasure>גרם     </UnitOfMeasure><QtyInPackage>לא ידוע</QtyInPackage><UnitOfMeasurePrice>0.0500</UnitOfMeasurePrice><AllowDiscount>1</AllowDiscount><ItemStatus>1</ItemStatus><ItemPrice>2.50</ItemPrice></item><item><PriceUpdateDate>2016-03-29 06:17:24</PriceUpdateDate><ItemCode>7290010118113</ItemCode><ItemType>1</ItemType><ItemName>מארז שוש אפוי 10*20</ItemName><ManufacturerName>שוש</ManufacturerName><ManufactureCountry>ישראל</ManufactureCountry><ManufacturerItemDescription>מארז שוש אפוי 10*20</ManufacturerItemDescription><SoldByWeight/><Quantity>200.00</Quantity><UnitOfMeasure>גרם     </UnitOfMeasure><QtyInPackage>לא ידוע</QtyInPackage><UnitOfMeasurePrice>0.0675</UnitOfMeasurePrice><AllowDiscount>1</AllowDiscount><ItemStatus>1</ItemStatus><ItemPrice>13.50</ItemPrice></item><item><PriceUpdateDate>2016-03-29 06:17:24</PriceUpdateDate><ItemCode>7290010153800</ItemCode><ItemType>1</ItemType><ItemName>ציפוי שניצל תיבול עד</ItemName><ManufacturerName>מיה</ManufacturerName><ManufactureCountry>ישראל</ManufactureCountry><ManufacturerItemDescription>ציפוי שניצל תיבול עד</ManufacturerItemDescription><SoldByWeight/><Quantity>500.00</Quantity><UnitOfMeasure>גרם     </UnitOfMeasure><QtyInPackage>לא ידוע</QtyInPackage><UnitOfMeasurePrice>0.0236</UnitOfMeasurePrice><AllowDiscount>1</AllowDiscount><ItemStatus>1</ItemStatus><ItemPrice>11.80</ItemPrice></item><item><PriceUpdateDate>2015-10-21 13:53:41</PriceUpdateDate><ItemCode>7290010153848</ItemCode><ItemType>1</ItemType><ItemName>פפריקה מרוקאית בשמן</ItemName><ManufacturerName>מיה</ManufacturerName><ManufactureCountry>ישראל</ManufactureCountry><ManufacturerItemDescription>פפריקה מרוקאית בשמן</ManufacturerItemDescription><SoldByWeight/><Quantity>80.00</Quantity><UnitOfMeasure>גרם     </UnitOfMeasure><QtyInPackage>לא ידוע</QtyInPackage><UnitOfMeasurePrice>0.0963</UnitOfMeasurePrice><AllowDiscount>1</AllowDiscount><ItemStatus>1</ItemStatus><ItemPrice>7.70</ItemPrice></item><item><PriceUpdateDate>2015-10-11 18:10:51</PriceUpdateDate><ItemCode>7290010154012</ItemCode><ItemType>1</ItemType><ItemName>לימון כבוש ביטון 250</ItemName><ManufacturerName>תבליני ביטון יוחאי</ManufacturerName><ManufactureCountry>ישראל</ManufactureCountry><ManufacturerItemDescription>לימון בלאדי 250 גר</ManufacturerItemDescription><SoldByWeight/><Quantity>250.00</Quantity><UnitOfMeasure>גרם     </UnitOfMeasure><QtyInPackage>לא ידוע</QtyInPackage><UnitOfMeasurePrice>0.0648</UnitOfMeasurePrice><AllowDiscount>1</AllowDiscount><ItemStatus>1</ItemStatus><ItemPrice>16.20</ItemPrice></item><item><PriceUpdateDate>2015-10-11 18:10:51</PriceUpdateDate><ItemCode>7290010154029</ItemCode><ItemType>1</ItemType><ItemName>אריסה מתוקה ביטון 25</ItemName><ManufacturerName>תבליני ביטון יוחאי</ManufacturerName><ManufactureCountry>ישראל</ManufactureCountry><ManufacturerItemDescription>אריסה מתוקה ביטון 25</ManufacturerItemDescription><SoldByWeight/><Quantity>250.00</Quantity><UnitOfMeasure>גרם     </UnitOfMeasure><QtyInPackage>לא ידוע</QtyInPackage><UnitOfMeasurePrice>0.0648</UnitOfMeasurePrice><AllowDiscount>1</AllowDiscount><ItemStatus>1</ItemStatus><ItemPrice>16.20</ItemPrice></item><item><PriceUpdateDate>2015-11-12 18:17:55</PriceUpdateDate><ItemCode>7290010154241</ItemCode><ItemType>1</ItemType><ItemName>חזרת ביטון 250 גרם</ItemName><ManufacturerName>תבליני ביטון יוחאי</ManufacturerName><ManufactureCountry>ישראל</ManufactureCountry><ManufacturerItemDescription>חזרת 250 גרם</ManufacturerItemDescription><SoldByWeight/><Quantity>250.00</Quantity><UnitOfMeasure>גרם     </UnitOfMeasure><QtyInPackage>לא ידוע</QtyInPackage><UnitOfMeasurePrice>0.0668</UnitOfMeasurePrice><AllowDiscount>1</AllowDiscount><ItemStatus>1</ItemStatus><ItemPrice>16.70</ItemPrice></item><item><PriceUpdateDate>2015-10-11 18:10:52</PriceUpdateDate><ItemCode>7290010154265</ItemCode><ItemType>1</ItemType><ItemName>פלפל צומה ביטון 250</ItemName><ManufacturerName>תבליני ביטון יוחאי</ManufacturerName><ManufactureCountry>ישראל</ManufactureCountry><ManufacturerItemDescription>פלפל צומה 250 גרם ביטון</ManufacturerItemDescription><SoldByWeight/><Quantity>250.00</Quantity><UnitOfMeasure>גרם     </UnitOfMeasure><QtyInPackage>לא ידוע</QtyInPackage><UnitOfMeasurePrice>0.0648</UnitOfMeasurePrice><AllowDiscount>1</AllowDiscount><ItemStatus>1</ItemStatus><ItemPrice>16.20</ItemPrice></item><item><PriceUpdateDate>2015-11-12 18:17:55</PriceUpdateDate><ItemCode>7290010154418</ItemCode><ItemType>1</ItemType><ItemName>סחוג אדום 130 גרם</ItemName><ManufacturerName>תבליני ביטון יוחאי</ManufacturerName><ManufactureCountry>ישראל</ManufactureCountry><ManufacturerItemDescription>סחוג אדום 130 גרם</ManufacturerItemDescription><SoldByWeight/><Quantity>130.00</Quantity><UnitOfMeasure>גרם     </UnitOfMeasure><QtyInPackage>לא ידוע</QtyInPackage><UnitOfMeasurePrice>0.0800</UnitOfMeasurePrice><AllowDiscount>1</AllowDiscount><ItemStatus>1</ItemStatus><ItemPrice>10.40</ItemPrice></item><item><PriceUpdateDate>2015-11-03 08:38:47</PriceUpdateDate><ItemCode>7290010173037</ItemCode><ItemType>1</ItemType><ItemName>יין גליל רוזה 750 מ'</ItemName><ManufacturerName>הרי גליל</ManufacturerName><ManufactureCountry>ישראל</ManufactureCountry><ManufacturerItemDescription>יין גליל רוזה 750 מ'</ManufacturerItemDescription><SoldByWeight/><Quantity>750.00</Quantity><UnitOfMeasure>מ"ל</UnitOfMeasure><QtyInPackage>לא ידוע</QtyInPackage><UnitOfMeasurePrice>0.0619</UnitOfMeasurePrice><AllowDiscount>1</AllowDiscount><ItemStatus>1</ItemStatus><ItemPrice>46.40</ItemPrice></item><item><PriceUpdateDate>2016-06-02 12:22:04</PriceUpdateDate><ItemCode>7290010173068</ItemCode><ItemType>1</ItemType><ItemName>מב יין גליל קברנה סו</ItemName><ManufacturerName>הרי גליל</ManufacturerName><ManufactureCountry>ישראל</ManufactureCountry><ManufacturerItemDescription>יין גליל קברנה סוביניון75</ManufacturerItemDescription><SoldByWeight/><Quantity>750.00</Quantity><UnitOfMeasure>מ"ל</UnitOfMeasure><QtyInPackage>לא ידוע</QtyInPackage><UnitOfMeasurePrice>0.0439</UnitOfMeasurePrice><AllowDiscount>1</AllowDiscount><ItemStatus>1</ItemStatus><ItemPrice>32.90</ItemPrice></item><item><PriceUpdateDate>2014-11-03 06:38:16</PriceUpdateDate><ItemCode>7290010228201</ItemCode><ItemType>1</ItemType><ItemName>מרנג 100 גרם</ItemName><ManufacturerName>לא ממותג</ManufacturerName><ManufactureCountry>ישראל</ManufactureCountry><ManufacturerItemDescription>מרנג 100 גרם</ManufacturerItemDescription><SoldByWeight/><Quantity>100.00</Quantity><UnitOfMeasure>גרם     </UnitOfMeasure><QtyInPackage>לא ידוע</QtyInPackage><UnitOfMeasurePrice>0.1690</UnitOfMeasurePrice><AllowDiscount>1</AllowDiscount><ItemStatus>1</ItemStatus><ItemPrice>16.90</ItemPrice></item><item><PriceUpdateDate>2016-05-02 08:05:52</PriceUpdateDate><ItemCode>7290010237623</ItemCode><ItemType>1</ItemType><ItemName>בירה נשר מאלט 1.5 לי</ItemName><ManufacturerName>נשר מאלט</ManufacturerName><ManufactureCountry>ישראל</ManufactureCountry><ManufacturerItemDescription>בירה נשר מאלט 1.5 ל</ManufacturerItemDescription><SoldByWeight/><Quantity>1500.00</Quantity><UnitOfMeasure>מ"ל</UnitOfMeasure><QtyInPackage>לא ידוע</QtyInPackage><UnitOfMeasurePrice>0.0039</UnitOfMeasurePrice><AllowDiscount>1</AllowDiscount><ItemStatus>1</ItemStatus><ItemPrice>5.90</ItemPrice></item><item><PriceUpdateDate>2014-11-03 06:37:47</PriceUpdateDate><ItemCode>7290010237685</ItemCode><ItemType>1</ItemType><ItemName>בירה הייניקן 330מ"ל</ItemName><ManufacturerName>הייניקן</ManufacturerName><ManufactureCountry>ישראל</ManufactureCountry><ManufacturerItemDescription>בירה הייניקן בקבוק  330 מ</ManufacturerItemDescription><SoldByWeight/><Quantity>330.00</Quantity><UnitOfMeasure>מ"ל</UnitOfMeasure><QtyInPackage>לא ידוע</QtyInPackage><UnitOfMeasurePrice>0.0379</UnitOfMeasurePrice><AllowDiscount>1</AllowDiscount><ItemStatus>1</ItemStatus><ItemPrice>12.50</ItemPrice></item><item><PriceUpdateDate>2015-02-24 06:39:43</PriceUpdateDate><ItemCode>7290010256303</ItemCode><ItemType>1</ItemType><ItemName>זוג שקיות רב שימושיו</ItemName><ManufacturerName>"המותג"</ManufacturerName><ManufactureCountry>ישראל</ManufactureCountry><ManufacturerItemDescription>זוג שקיות רב שימושיו</ManufacturerItemDescription><SoldByWeight/><Quantity>200.00</Quantity><UnitOfMeasure>יח'</UnitOfMeasure><QtyInPackage>לא ידוע</QtyInPackage><UnitOfMeasurePrice>0.0410</UnitOfMeasurePrice><AllowDiscount>1</AllowDiscount><ItemStatus>1</ItemStatus><ItemPrice>8.20</ItemPrice></item><item><PriceUpdateDate>2015-02-24 06:39:44</PriceUpdateDate><ItemCode>7290010256419</ItemCode><ItemType>1</ItemType><ItemName>שלישיית כריות קרצוף</ItemName><ManufacturerName>"המותג"</ManufacturerName><ManufactureCountry>ישראל</ManufactureCountry><ManufacturerItemDescription>שלישיית כריות קרצוף</ManufacturerItemDescription><SoldByWeight/><Quantity>3.00</Quantity><UnitOfMeasure>יח'</UnitOfMeasure><QtyInPackage>לא ידוע</QtyInPackage><UnitOfMeasurePrice>2.4333</UnitOfMeasurePrice><AllowDiscount>1</AllowDiscount><ItemStatus>1</ItemStatus><ItemPrice>7.30</ItemPrice></item><item><PriceUpdateDate>2016-06-01 09:41:32</PriceUpdateDate><ItemCode>7290010259045</ItemCode><ItemType>1</ItemType><ItemName>מב ממרח עשיר בחמאה ד</ItemName><ManufacturerName>לורפק</ManufacturerName><ManufactureCountry>ישראל</ManufactureCountry><ManufacturerItemDescription>ממרח לוראפק לייטר 250גרם</ManufacturerItemDescription><SoldByWeight/><Quantity>250.00</Quantity><UnitOfMeasure>גרם     </UnitOfMeasure><QtyInPackage>לא ידוע</QtyInPackage><UnitOfMeasurePrice>0.0676</UnitOfMeasurePrice><AllowDiscount>1</AllowDiscount><ItemStatus>1</ItemStatus><ItemPrice>16.90</ItemPrice></item><item><PriceUpdateDate>2015-10-11 08:15:18</PriceUpdateDate><ItemCode>7290010259823</ItemCode><ItemType>1</ItemType><ItemName>מנת השף עם נודלס בטע</ItemName><ManufacturerName>מנת השף</ManufacturerName><ManufactureCountry>ישראל</ManufactureCountry><ManufacturerItemDescription>נודלס בטעם עוף 70 גרם</ManufacturerItemDescription><SoldByWeight/><Quantity>70.00</Quantity><UnitOfMeasure>גרם     </UnitOfMeasure><QtyInPackage>לא ידוע</QtyInPackage><UnitOfMeasurePrice>0.0943</UnitOfMeasurePrice><AllowDiscount>1</AllowDiscount><ItemStatus>1</ItemStatus><ItemPrice>6.60</ItemPrice></item><item><PriceUpdateDate>2015-10-11 08:15:18</PriceUpdateDate><ItemCode>7290010259830</ItemCode><ItemType>1</ItemType><ItemName>מנת השף עם נודלס בסג</ItemName><ManufacturerName>מנת השף</ManufacturerName><ManufactureCountry>ישראל</ManufactureCountry><ManufacturerItemDescription>נודלס בסגנון סיני פיקנטי</ManufacturerItemDescription><SoldByWeight/><Quantity>70.00</Quantity><UnitOfMeasure>גרם     </UnitOfMeasure><QtyInPackage>לא ידוע</QtyInPackage><UnitOfMeasurePrice>0.0943</UnitOfMeasurePrice><AllowDiscount>1</AllowDiscount><ItemStatus>1</ItemStatus><ItemPrice>6.60</ItemPrice></item><item><PriceUpdateDate>2015-10-11 08:15:18</PriceUpdateDate><ItemCode>7290010259847</ItemCode><ItemType>1</ItemType><ItemName>מנת השף-מרק עם נודלס</ItemName><ManufacturerName>מנת השף</ManufacturerName><ManufactureCountry>ישראל</ManufactureCountry><ManufacturerItemDescription>מנת השף-מרק עם נודלס</ManufacturerItemDescription><SoldByWeight/><Quantity>70.00</Quantity><UnitOfMeasure>גרם     </UnitOfMeasure><QtyInPackage>לא ידוע</QtyInPackage><UnitOfMeasurePrice>0.0943</UnitOfMeasurePrice><AllowDiscount>1</AllowDiscount><ItemStatus>1</ItemStatus><ItemPrice>6.60</ItemPrice></item><item><PriceUpdateDate>2015-10-11 08:15:19</PriceUpdateDate><ItemCode>7290010259854</ItemCode><ItemType>1</ItemType><ItemName>מנת השף-מרק עם נודלס</ItemName><ManufacturerName>מנת השף</ManufacturerName><ManufactureCountry>ישראל</ManufactureCountry><ManufacturerItemDescription>נודלס מנת השף בטעם פטריות</ManufacturerItemDescription><SoldByWeight/><Quantity>70.00</Quantity><UnitOfMeasure>גרם     </UnitOfMeasure><QtyInPackage>לא ידוע</QtyInPackage><UnitOfMeasurePrice>0.0943</UnitOfMeasurePrice><AllowDiscount>1</AllowDiscount><ItemStatus>1</ItemStatus><ItemPrice>6.60</ItemPrice></item><item><PriceUpdateDate>2015-10-11 08:15:19</PriceUpdateDate><ItemCode>7290010259861</ItemCode><ItemType>1</ItemType><ItemName>מנת השף-מרק עם נודלס</ItemName><ManufacturerName>מנת השף</ManufacturerName><ManufactureCountry>ישראל</ManufactureCountry><ManufacturerItemDescription>נודלס מנת השף בטעם ירקות</ManufacturerItemDescription><SoldByWeight/><Quantity>70.00</Quantity><UnitOfMeasure>גרם     </UnitOfMeasure><QtyInPackage>לא ידוע</QtyInPackage><UnitOfMeasurePrice>0.0943</UnitOfMeasurePrice><AllowDiscount>1</AllowDiscount><ItemStatus>1</ItemStatus><ItemPrice>6.60</ItemPrice></item><item><PriceUpdateDate>2015-11-03 08:38:48</PriceUpdateDate><ItemCode>7290010259991</ItemCode><ItemType>1</ItemType><ItemName>צנימים 250 גרם</ItemName><ManufacturerName>לא ממותג</ManufacturerName><ManufactureCountry>ישראל</ManufactureCountry><ManufacturerItemDescription>צנימים 250 גרם</ManufacturerItemDescription><SoldByWeight/><Quantity>250.00</Quantity><UnitOfMeasure>גרם     </UnitOfMeasure><QtyInPackage>לא ידוע</QtyInPackage><UnitOfMeasurePrice>0.0436</UnitOfMeasurePrice><AllowDiscount>1</AllowDiscount><ItemStatus>1</ItemStatus><ItemPrice>10.90</ItemPrice></item><item><PriceUpdateDate>2016-05-01 21:46:56</PriceUpdateDate><ItemCode>7290010287215</ItemCode><ItemType>1</ItemType><ItemName>יין קידוש אדום מתוק</ItemName><ManufacturerName>"המותג"</ManufacturerName><ManufactureCountry>ישראל</ManufactureCountry><ManufacturerItemDescription>יין קידוש אדום מתוק</ManufacturerItemDescription><SoldByWeight/><Quantity>750.00</Quantity><UnitOfMeasure>מ"ל</UnitOfMeasure><QtyInPackage>לא ידוע</QtyInPackage><UnitOfMeasurePrice>0.0163</UnitOfMeasurePrice><AllowDiscount>1</AllowDiscount><ItemStatus>1</ItemStatus><ItemPrice>12.20</ItemPrice></item><item><PriceUpdateDate>2015-07-27 21:01:34</PriceUpdateDate><ItemCode>7290010287550</ItemCode><ItemType>1</ItemType><ItemName>כרמים יין מרלו אדום</ItemName><ManufacturerName>לא ממותג</ManufacturerName><ManufactureCountry>ישראל</ManufactureCountry><ManufacturerItemDescription>כרמים יין מרלו אדום</ManufacturerItemDescription><SoldByWeight/><Quantity>750.00</Quantity><UnitOfMeasure>מ"ל</UnitOfMeasure><QtyInPackage>לא ידוע</QtyInPackage><UnitOfMeasurePrice>0.0265</UnitOfMeasurePrice><AllowDiscount>1</AllowDiscount><ItemStatus>1</ItemStatus><ItemPrice>19.90</ItemPrice></item><item><PriceUpdateDate>2016-05-30 22:04:27</PriceUpdateDate><ItemCode>7290010314140</ItemCode><ItemType>1</ItemType><ItemName>חזה בגריל מן הצומח 6</ItemName><ManufacturerName>טבעול</ManufacturerName><ManufactureCountry>ישראל</ManufactureCountry><ManufacturerItemDescription>חזה בגריל צמחי</ManufacturerItemDescription><SoldByWeight/><Quantity>630.00</Quantity><UnitOfMeasure>גרם     </UnitOfMeasure><QtyInPackage>לא ידוע</QtyInPackage><UnitOfMeasurePrice>0.0624</UnitOfMeasurePrice><AllowDiscount>1</AllowDiscount><ItemStatus>1</ItemStatus><ItemPrice>39.30</ItemPrice></item><item><PriceUpdateDate>2014-11-03 06:37:13</PriceUpdateDate><ItemCode>7290010328093</ItemCode><ItemType>1</ItemType><ItemName>ממרח חלבה 500 גרם</ItemName><ManufacturerName>אחוה</ManufacturerName><ManufactureCountry>ישראל</ManufactureCountry><ManufacturerItemDescription>ממרח חלבה 500 גרם</ManufacturerItemDescription><SoldByWeight/><Quantity>500.00</Quantity><UnitOfMeasure>גרם     </UnitOfMeasure><QtyInPackage>לא ידוע</QtyInPackage><UnitOfMeasurePrice>0.0378</UnitOfMeasurePrice><AllowDiscount>1</AllowDiscount><ItemStatus>1</ItemStatus><ItemPrice>18.90</ItemPrice></item><item><PriceUpdateDate>2015-11-12 14:59:31</PriceUpdateDate><ItemCode>7290010328178</ItemCode><ItemType>1</ItemType><ItemName>חלבה מסולסלת 250 גרם</ItemName><ManufacturerName>אחוה</ManufacturerName><ManufactureCountry>ישראל</ManufactureCountry><ManufacturerItemDescription>חלבה מסולסלת 250 גרם</ManufacturerItemDescription><SoldByWeight/><Quantity>250.00</Quantity><UnitOfMeasure>גרם     </UnitOfMeasure><QtyInPackage>לא ידוע</QtyInPackage><UnitOfMeasurePrice>0.0692</UnitOfMeasurePrice><AllowDiscount>1</AllowDiscount><ItemStatus>1</ItemStatus><ItemPrice>17.30</ItemPrice></item><item><PriceUpdateDate>2015-10-29 13:52:12</PriceUpdateDate><ItemCode>7290010328222</ItemCode><ItemType>3</ItemType><ItemName>חלבה אחווה ללא סוכר</ItemName><ManufacturerName>אחווה</ManufacturerName><ManufactureCountry>לא ידוע</ManufactureCountry><ManufacturerItemDescription>חלבה אחווה ללא סוכר</ManufacturerItemDescription><SoldByWeight/><Quantity>1.00</Quantity><UnitOfMeasure>ק"ג</UnitOfMeasure><QtyInPackage>לא ידוע</QtyInPackage><UnitOfMeasurePrice>49.9000</UnitOfMeasurePrice><AllowDiscount>1</AllowDiscount><ItemStatus>1</ItemStatus><ItemPrice>49.90</ItemPrice></item><item><PriceUpdateDate>2016-05-10 10:58:49</PriceUpdateDate><ItemCode>7290010328246</ItemCode><ItemType>1</ItemType><ItemName>מב טחינה אחוה שומשום</ItemName><ManufacturerName>אחווה</ManufacturerName><ManufactureCountry>ישראל</ManufactureCountry><ManufacturerItemDescription>מב טחינה אחוה שומשום</ManufacturerItemDescription><SoldByWeight/><Quantity>500.00</Quantity><UnitOfMeasure>גרם     </UnitOfMeasure><QtyInPackage>לא ידוע</QtyInPackage><UnitOfMeasurePrice>0.0238</UnitOfMeasurePrice><AllowDiscount>1</AllowDiscount><ItemStatus>1</ItemStatus><ItemPrice>11.90</ItemPrice></item><item><PriceUpdateDate>2016-05-10 10:58:49</PriceUpdateDate><ItemCode>7290010328253</ItemCode><ItemType>1</ItemType><ItemName>מב טחינה גולמית אחוה</ItemName><ManufacturerName>אחווה</ManufacturerName><ManufactureCountry>ישראל</ManufactureCountry><ManufacturerItemDescription>טחינה גולמית אחווה 500 גר</ManufacturerItemDescription><SoldByWeight/><Quantity>500.00</Quantity><UnitOfMeasure>גרם     </UnitOfMeasure><QtyInPackage>לא ידוע</QtyInPackage><UnitOfMeasurePrice>0.0238</UnitOfMeasurePrice><AllowDiscount>1</AllowDiscount><ItemStatus>1</ItemStatus><ItemPrice>11.90</ItemPrice></item><item><PriceUpdateDate>2016-02-18 10:36:17</PriceUpdateDate><ItemCode>7290010329595</ItemCode><ItemType>1</ItemType><ItemName>וופל אגו דאבל שוקולד</ItemName><ManufacturerName>אגו</ManufacturerName><ManufactureCountry>ישראל</ManufactureCountry><ManufacturerItemDescription>וופל אגו דאבל שוקולד</ManufacturerItemDescription><SoldByWeight/><Quantity>130.00</Quantity><UnitOfMeasure>גרם     </UnitOfMeasure><QtyInPackage>לא ידוע</QtyInPackage><UnitOfMeasurePrice>0.0762</UnitOfMeasurePrice><AllowDiscount>1</AllowDiscount><ItemStatus>1</ItemStatus><ItemPrice>9.90</ItemPrice></item><item><PriceUpdateDate>2016-03-16 15:40:46</PriceUpdateDate><ItemCode>7290010332649</ItemCode><ItemType>1</ItemType><ItemName>מגן תחתון אולדייז חו</ItemName><ManufacturerName>פרוקטר אנד גמבל</ManufacturerName><ManufactureCountry>גרמניה</ManufactureCountry><ManufacturerItemDescription>מגן תחתון אולדייז חו</ManufacturerItemDescription><SoldByWeight/><Quantity>36.00</Quantity><UnitOfMeasure>בודד</UnitOfMeasure><QtyInPackage>לא ידוע</QtyInPackage><UnitOfMeasurePrice>0.5528</UnitOfMeasurePrice><AllowDiscount>1</AllowDiscount><ItemStatus>1</ItemStatus><ItemPrice>19.90</ItemPrice></item><item><PriceUpdateDate>2016-05-30 22:04:27</PriceUpdateDate><ItemCode>7290010417162</ItemCode><ItemType>1</ItemType><ItemName>יין גמלא ריזילינג לב</ItemName><ManufacturerName>גמלא-רמת הגולן</ManufacturerName><ManufactureCountry>ישראל</ManufactureCountry><ManufacturerItemDescription>יין גמלא ריזילינג לב</ManufacturerItemDescription><SoldByWeight/><Quantity>750.00</Quantity><UnitOfMeasure>מ"ל</UnitOfMeasure><QtyInPackage>לא ידוע</QtyInPackage><UnitOfMeasurePrice>0.0647</UnitOfMeasurePrice><AllowDiscount>1</AllowDiscount><ItemStatus>1</ItemStatus><ItemPrice>48.50</ItemPrice></item><item><PriceUpdateDate>2016-05-10 11:01:43</PriceUpdateDate><ItemCode>7290010429295</ItemCode><ItemType>1</ItemType><ItemName>מעדן משמש 100% פרי 2</ItemName><ManufacturerName>יד מרדכי</ManufacturerName><ManufactureCountry>ישראל</ManufactureCountry><ManufacturerItemDescription>מעדן משמש 100% פרי 2</ManufacturerItemDescription><SoldByWeight/><Quantity>250.00</Quantity><UnitOfMeasure>גרם     </UnitOfMeasure><QtyInPackage>לא ידוע</QtyInPackage><UnitOfMeasurePrice>0.0596</UnitOfMeasurePrice><AllowDiscount>1</AllowDiscount><ItemStatus>1</ItemStatus><ItemPrice>14.90</ItemPrice></item><item><PriceUpdateDate>2016-05-10 11:01:44</PriceUpdateDate><ItemCode>7290010429301</ItemCode><ItemType>1</ItemType><ItemName>מעדן תות 100% פרי 25</ItemName><ManufacturerName>יד מרדכי</ManufacturerName><ManufactureCountry>ישראל</ManufactureCountry><ManufacturerItemDescription>מעדן תות 100% פרי 250 גרם</ManufacturerItemDescription><SoldByWeight/><Quantity>250.00</Quantity><UnitOfMeasure>גרם     </UnitOfMeasure><QtyInPackage>לא ידוע</QtyInPackage><UnitOfMeasurePrice>0.0596</UnitOfMeasurePrice><AllowDiscount>1</AllowDiscount><ItemStatus>1</ItemStatus><ItemPrice>14.90</ItemPrice></item><item><PriceUpdateDate>2016-05-30 22:04:27</PriceUpdateDate><ItemCode>7290010429554</ItemCode><ItemType>1</ItemType><ItemName>שמן זית יד מרדכי כתי</ItemName><ManufacturerName>יד מרדכי</ManufacturerName><ManufactureCountry>ישראל</ManufactureCountry><ManufacturerItemDescription>שמן זית כתית מעולה2- קלאס</ManufacturerItemDescription><SoldByWeight/><Quantity>750.00</Quantity><UnitOfMeasure>מ"ל</UnitOfMeasure><QtyInPackage>לא ידוע</QtyInPackage><UnitOfMeasurePrice>0.0465</UnitOfMeasurePrice><AllowDiscount>1</AllowDiscount><ItemStatus>1</ItemStatus><ItemPrice>34.90</ItemPrice></item><item><PriceUpdateDate>2015-03-30 09:10:51</PriceUpdateDate><ItemCode>7290010449989</ItemCode><ItemType>1</ItemType><ItemName>קופסת סמרט 0.25 ליטר</ItemName><ManufacturerName>תמה</ManufacturerName><ManufactureCountry>ישראל</ManufactureCountry><ManufacturerItemDescription>קופסת סמרט 0.25 ליטר</ManufacturerItemDescription><SoldByWeight/><Quantity>0.00</Quantity><UnitOfMeasure>יח'</UnitOfMeasure><QtyInPackage>לא ידוע</QtyInPackage><UnitOfMeasurePrice>0.0000</UnitOfMeasurePrice><AllowDiscount>1</AllowDiscount><ItemStatus>1</ItemStatus><ItemPrice>3.90</ItemPrice></item><item><PriceUpdateDate>2016-03-16 15:40:46</PriceUpdateDate><ItemCode>7290010471669</ItemCode><ItemType>1</ItemType><ItemName>דנונה בר תות קורנפלק</ItemName><ManufacturerName>דנונה</ManufacturerName><ManufactureCountry>ישראל</ManufactureCountry><ManufacturerItemDescription>דנונהבר תות קורנפלקס מצופ</ManufacturerItemDescription><SoldByWeight/><Quantity>175.00</Quantity><UnitOfMeasure>מ"ל</UnitOfMeasure><QtyInPackage>לא ידוע</QtyInPackage><UnitOfMeasurePrice>0.0257</UnitOfMeasurePrice><AllowDiscount>1</AllowDiscount><ItemStatus>1</ItemStatus><ItemPrice>4.50</ItemPrice></item><item><PriceUpdateDate>2015-10-20 16:43:50</PriceUpdateDate><ItemCode>7290010472307</ItemCode><ItemType>1</ItemType><ItemName>גמדים לשתיה תות בננה</ItemName><ManufacturerName>גמדים</ManufacturerName><ManufactureCountry>ישראל</ManufactureCountry><ManufacturerItemDescription>גמדים לשתיה תות בננה</ManufacturerItemDescription><SoldByWeight/><Quantity>800.00</Quantity><UnitOfMeasure>מ"ל</UnitOfMeasure><QtyInPackage>לא ידוע</QtyInPackage><UnitOfMeasurePrice>0.0263</UnitOfMeasurePrice><AllowDiscount>1</AllowDiscount><ItemStatus>1</ItemStatus><ItemPrice>21.00</ItemPrice></item><item><PriceUpdateDate>2016-02-18 10:27:51</PriceUpdateDate><ItemCode>7290010472390</ItemCode><ItemType>1</ItemType><ItemName>מארז שמינייה דני שוק</ItemName><ManufacturerName>דני</ManufacturerName><ManufactureCountry>ישראל</ManufactureCountry><ManufacturerItemDescription>מארז שמינייה דני שוק</ManufacturerItemDescription><SoldByWeight/><Quantity>1000.00</Quantity><UnitOfMeasure>גרם     </UnitOfMeasure><QtyInPackage>לא ידוע</QtyInPackage><UnitOfMeasurePrice>0.0169</UnitOfMeasurePrice><AllowDiscount>1</AllowDiscount><ItemStatus>1</ItemStatus><ItemPrice>16.90</ItemPrice></item><item><PriceUpdateDate>2016-03-01 06:43:36</PriceUpdateDate><ItemCode>7290010472765</ItemCode><ItemType>1</ItemType><ItemName>מארז גמדים תות 4*100</ItemName><ManufacturerName>גמדים</ManufacturerName><ManufactureCountry>ישראל</ManufactureCountry><ManufacturerItemDescription>מארז גמדים תות 4*100</ManufacturerItemDescription><SoldByWeight/><Quantity>400.00</Quantity><UnitOfMeasure>מ"ל</UnitOfMeasure><QtyInPackage>לא ידוע</QtyInPackage><UnitOfMeasurePrice>0.0285</UnitOfMeasurePrice><AllowDiscount>0</AllowDiscount><ItemStatus>1</ItemStatus><ItemPrice>11.40</ItemPrice></item><item><PriceUpdateDate>2016-03-01 06:43:37</PriceUpdateDate><ItemCode>7290010546336</ItemCode><ItemType>1</ItemType><ItemName>גרנולה מנדל  סילאן ל</ItemName><ManufacturerName>לא ממותג</ManufacturerName><ManufactureCountry>לא ידוע</ManufactureCountry><ManufacturerItemDescription>גרנולה מנדל  סילאן ל</ManufacturerItemDescription><SoldByWeight/><Quantity>400.00</Quantity><UnitOfMeasure>גרם     </UnitOfMeasure><QtyInPackage>לא ידוע</QtyInPackage><UnitOfMeasurePrice>0.0497</UnitOfMeasurePrice><AllowDiscount>1</AllowDiscount><ItemStatus>1</ItemStatus><ItemPrice>19.90</ItemPrice></item><item><PriceUpdateDate>2016-05-30 22:04:28</PriceUpdateDate><ItemCode>7290010569052</ItemCode><ItemType>1</ItemType><ItemName>גלידה משפחתית שוקו ו</ItemName><ManufacturerName>שטראוס גלידה</ManufacturerName><ManufactureCountry>ישראל</ManufactureCountry><ManufacturerItemDescription>גלידה משפחתית שוקו ו</ManufacturerItemDescription><SoldByWeight/><Quantity>2000.00</Quantity><UnitOfMeasure>מ"ל</UnitOfMeasure><QtyInPackage>לא ידוע</QtyInPackage><UnitOfMeasurePrice>0.0150</UnitOfMeasurePrice><AllowDiscount>1</AllowDiscount><ItemStatus>1</ItemStatus><ItemPrice>30.00</ItemPrice></item><item><PriceUpdateDate>2016-05-30 22:04:28</PriceUpdateDate><ItemCode>7290010569069</ItemCode><ItemType>1</ItemType><ItemName>גלידה משפחתית פרווה</ItemName><ManufacturerName>שטראוס גלידה</ManufacturerName><ManufactureCountry>ישראל</ManufactureCountry><ManufacturerItemDescription>גלידה משפחתית פרווה</ManufacturerItemDescription><SoldByWeight/><Quantity>2000.00</Quantity><UnitOfMeasure>מ"ל</UnitOfMeasure><QtyInPackage>לא ידוע</QtyInPackage><UnitOfMeasurePrice>0.0150</UnitOfMeasurePrice><AllowDiscount>1</AllowDiscount><ItemStatus>1</ItemStatus><ItemPrice>30.00</ItemPrice></item><item><PriceUpdateDate>2016-01-25 10:38:15</PriceUpdateDate><ItemCode>7290010613670</ItemCode><ItemType>1</ItemType><ItemName>מרכך כביסה לבן  4 לי</ItemName><ManufacturerName>"המותג"</ManufacturerName><ManufactureCountry>ישראל</ManufactureCountry><ManufacturerItemDescription>מרכך כביסה לבן  4 לי</ManufacturerItemDescription><SoldByWeight/><Quantity>4000.00</Quantity><UnitOfMeasure>מ"ל</UnitOfMeasure><QtyInPackage>לא ידוע</QtyInPackage><UnitOfMeasurePrice>0.0035</UnitOfMeasurePrice><AllowDiscount>1</AllowDiscount><ItemStatus>1</ItemStatus><ItemPrice>13.90</ItemPrice></item><item><PriceUpdateDate>2016-01-25 10:38:15</PriceUpdateDate><ItemCode>7290010613687</ItemCode><ItemType>1</ItemType><ItemName>מרכך כביסה ורוד 4 לי</ItemName><ManufacturerName>"המותג"</ManufacturerName><ManufactureCountry>ישראל</ManufactureCountry><ManufacturerItemDescription>מרכך כביסה ורוד 4 לי</ManufacturerItemDescription><SoldByWeight/><Quantity>4000.00</Quantity><UnitOfMeasure>מ"ל</UnitOfMeasure><QtyInPackage>לא ידוע</QtyInPackage><UnitOfMeasurePrice>0.0035</UnitOfMeasurePrice><AllowDiscount>1</AllowDiscount><ItemStatus>1</ItemStatus><ItemPrice>13.90</ItemPrice></item><item><PriceUpdateDate>2016-05-01 21:46:57</PriceUpdateDate><ItemCode>7290010613908</ItemCode><ItemType>1</ItemType><ItemName>אקונומיקה לימון 4 לי</ItemName><ManufacturerName>"המותג"</ManufacturerName><ManufactureCountry>ישראל</ManufactureCountry><ManufacturerItemDescription>אקונומיקה לימון 4 לי</ManufacturerItemDescription><SoldByWeight/><Quantity>4000.00</Quantity><UnitOfMeasure>מ"ל</UnitOfMeasure><QtyInPackage>לא ידוע</QtyInPackage><UnitOfMeasurePrice>0.0025</UnitOfMeasurePrice><AllowDiscount>1</AllowDiscount><ItemStatus>1</ItemStatus><ItemPrice>9.90</ItemPrice></item><item><PriceUpdateDate>2015-05-03 10:19:12</PriceUpdateDate><ItemCode>7290010632114</ItemCode><ItemType>1</ItemType><ItemName>מוצץ סיליקון זוג</ItemName><ManufacturerName>לא ידוע</ManufacturerName><ManufactureCountry>ישראל</ManufactureCountry><ManufacturerItemDescription>מוצץ סיליקון זוג</ManufacturerItemDescription><SoldByWeight/><Quantity>0.00</Quantity><UnitOfMeasure>יח'</UnitOfMeasure><QtyInPackage>לא ידוע</QtyInPackage><UnitOfMeasurePrice>0.0000</UnitOfMeasurePrice><AllowDiscount>1</AllowDiscount><ItemStatus>1</ItemStatus><ItemPrice>13.90</ItemPrice></item><item><PriceUpdateDate>2015-10-06 13:12:05</PriceUpdateDate><ItemCode>7290010632121</ItemCode><ItemType>1</ItemType><ItemName>כוס אימון ידיות רכות</ItemName><ManufacturerName>טוליפס</ManufacturerName><ManufactureCountry>סין</ManufactureCountry><ManufacturerItemDescription>ביסקויט מרבה    ולד חלב</ManufacturerItemDescription><SoldByWeight/><Quantity>0.00</Quantity><UnitOfMeasure>יח'</UnitOfMeasure><QtyInPackage>לא ידוע</QtyInPackage><UnitOfMeasurePrice>0.0000</UnitOfMeasurePrice><AllowDiscount>1</AllowDiscount><ItemStatus>1</ItemStatus><ItemPrice>15.30</ItemPrice></item><item><PriceUpdateDate>2014-11-03 06:37:48</PriceUpdateDate><ItemCode>7290010632633</ItemCode><ItemType>1</ItemType><ItemName>מוצץ גומי 3יח</ItemName><ManufacturerName>לא ידוע</ManufacturerName><ManufactureCountry>הודו</ManufactureCountry><ManufacturerItemDescription>עוגיות בוקר     צ'יפס225</ManufacturerItemDescription><SoldByWeight/><Quantity>3.00</Quantity><UnitOfMeasure>יח'</UnitOfMeasure><QtyInPackage>לא ידוע</QtyInPackage><UnitOfMeasurePrice>4.4667</UnitOfMeasurePrice><AllowDiscount>1</AllowDiscount><ItemStatus>1</ItemStatus><ItemPrice>13.40</ItemPrice></item><item><PriceUpdateDate>2015-11-11 08:27:17</PriceUpdateDate><ItemCode>7290010632787</ItemCode><ItemType>1</ItemType><ItemName>צימרונים לאוזניים  מ</ItemName><ManufacturerName>לא ידוע</ManufacturerName><ManufactureCountry>ישראל</ManufactureCountry><ManufacturerItemDescription>צימרונים לאוזניים  מ</ManufacturerItemDescription><SoldByWeight/><Quantity>300.00</Quantity><UnitOfMeasure>יח'</UnitOfMeasure><QtyInPackage>לא ידוע</QtyInPackage><UnitOfMeasurePrice>0.0143</UnitOfMeasurePrice><AllowDiscount>1</AllowDiscount><ItemStatus>1</ItemStatus><ItemPrice>4.30</ItemPrice></item><item><PriceUpdateDate>2014-11-03 06:37:48</PriceUpdateDate><ItemCode>7290010632831</ItemCode><ItemType>1</ItemType><ItemName>ממרקות ברזל גמבו זוג</ItemName><ManufacturerName>לא ידוע</ManufacturerName><ManufactureCountry>ישראל</ManufactureCountry><ManufacturerItemDescription>ממרקות ברזל גמבו זוג</ManufacturerItemDescription><SoldByWeight/><Quantity>0.00</Quantity><UnitOfMeasure>יח'</UnitOfMeasure><QtyInPackage>לא ידוע</QtyInPackage><UnitOfMeasurePrice>0.0000</UnitOfMeasurePrice><AllowDiscount>1</AllowDiscount><ItemStatus>1</ItemStatus><ItemPrice>10.70</ItemPrice></item><item><PriceUpdateDate>2014-11-03 06:38:06</PriceUpdateDate><ItemCode>7290010650026</ItemCode><ItemType>1</ItemType><ItemName>זנגוויל 80 גרם</ItemName><ManufacturerName>B.B.B</ManufacturerName><ManufactureCountry>ישראל</ManufactureCountry><ManufacturerItemDescription>זנגוויל 80 גרם</ManufacturerItemDescription><SoldByWeight/><Quantity>1.00</Quantity><UnitOfMeasure>יח'</UnitOfMeasure><QtyInPackage>לא ידוע</QtyInPackage><UnitOfMeasurePrice>10.0000</UnitOfMeasurePrice><AllowDiscount>1</AllowDiscount><ItemStatus>1</ItemStatus><ItemPrice>10.00</ItemPrice></item><item><PriceUpdateDate>2014-11-03 06:38:06</PriceUpdateDate><ItemCode>7290010650088</ItemCode><ItemType>1</ItemType><ItemName>פטריות שמפיניון יבשו</ItemName><ManufacturerName>B.B.B</ManufacturerName><ManufactureCountry>ישראל</ManufactureCountry><ManufacturerItemDescription>פטריות שמפיניון יבשו</ManufacturerItemDescription><SoldByWeight/><Quantity>0.00</Quantity><UnitOfMeasure>גרם     </UnitOfMeasure><QtyInPackage>לא ידוע</QtyInPackage><UnitOfMeasurePrice>0.0000</UnitOfMeasurePrice><AllowDiscount>1</AllowDiscount><ItemStatus>1</ItemStatus><ItemPrice>12.20</ItemPrice></item><item><PriceUpdateDate>2016-05-22 09:26:04</PriceUpdateDate><ItemCode>7290010672851</ItemCode><ItemType>1</ItemType><ItemName>מאפינס חמישיות שוקו</ItemName><ManufacturerName>פילסברי</ManufacturerName><ManufactureCountry>ישראל</ManufactureCountry><ManufacturerItemDescription>מאפינס חמישיות שוקו</ManufacturerItemDescription><SoldByWeight/><Quantity>1000.00</Quantity><UnitOfMeasure>ק"ג     </UnitOfMeasure><QtyInPackage>לא ידוע</QtyInPackage><UnitOfMeasurePrice>0.0104</UnitOfMeasurePrice><AllowDiscount>1</AllowDiscount><ItemStatus>1</ItemStatus><ItemPrice>10.40</ItemPrice></item><item><PriceUpdateDate>2015-10-20 09:04:44</PriceUpdateDate><ItemCode>7290010672868</ItemCode><ItemType>1</ItemType><ItemName>מאפינס חמישיות שוקו</ItemName><ManufacturerName>פילסברי</ManufacturerName><ManufactureCountry>ישראל</ManufactureCountry><ManufacturerItemDescription>מאפינס חמישיות שוקו</ManufacturerItemDescription><SoldByWeight/><Quantity>1000.00</Quantity><UnitOfMeasure>ק"ג     </UnitOfMeasure><QtyInPackage>לא ידוע</QtyInPackage><UnitOfMeasurePrice>0.0104</UnitOfMeasurePrice><AllowDiscount>1</AllowDiscount><ItemStatus>1</ItemStatus><ItemPrice>10.40</ItemPrice></item><item><PriceUpdateDate>2015-11-12 18:16:44</PriceUpdateDate><ItemCode>7290010699056</ItemCode><ItemType>1</ItemType><ItemName>נרות ליצן 4 יחידות</ItemName><ManufacturerName>שמחה זה אנחנו</ManufacturerName><ManufactureCountry>ישראל</ManufactureCountry><ManufacturerItemDescription>נרות ליצן 4 יחידות</ManufacturerItemDescription><SoldByWeight/><Quantity>0.00</Quantity><UnitOfMeasure>יח'</UnitOfMeasure><QtyInPackage>לא ידוע</QtyInPackage><UnitOfMeasurePrice>0.0000</UnitOfMeasurePrice><AllowDiscount>1</AllowDiscount><ItemStatus>1</ItemStatus><ItemPrice>8.00</ItemPrice></item><item><PriceUpdateDate>2015-11-12 17:42:14</PriceUpdateDate><ItemCode>7290010740512</ItemCode><ItemType>1</ItemType><ItemName>שניצל דק צמחי ביתי ט</ItemName><ManufacturerName>טבעול</ManufacturerName><ManufactureCountry>ישראל</ManufactureCountry><ManufacturerItemDescription>שניצל דק צמחי ביתי 700 גר</ManufacturerItemDescription><SoldByWeight/><Quantity>700.00</Quantity><UnitOfMeasure>גרם     </UnitOfMeasure><QtyInPackage>לא ידוע</QtyInPackage><UnitOfMeasurePrice>0.0561</UnitOfMeasurePrice><AllowDiscount>1</AllowDiscount><ItemStatus>1</ItemStatus><ItemPrice>39.30</ItemPrice></item><item><PriceUpdateDate>2016-03-01 06:43:37</PriceUpdateDate><ItemCode>7290010748877</ItemCode><ItemType>1</ItemType><ItemName>קרם גוף אפקטיב עדין</ItemName><ManufacturerName>ד"ר פישר</ManufacturerName><ManufactureCountry>ישראל</ManufactureCountry><ManufacturerItemDescription>קרם גוף אפקטיב עדין</ManufacturerItemDescription><SoldByWeight/><Quantity>700.00</Quantity><UnitOfMeasure>מ"ל</UnitOfMeasure><QtyInPackage>לא ידוע</QtyInPackage><UnitOfMeasurePrice>0.0570</UnitOfMeasurePrice><AllowDiscount>1</AllowDiscount><ItemStatus>1</ItemStatus><ItemPrice>39.90</ItemPrice></item><item><PriceUpdateDate>2016-05-30 22:04:28</PriceUpdateDate><ItemCode>7290010766147</ItemCode><ItemType>1</ItemType><ItemName>מב רוטב לעוף אוליביה</ItemName><ManufacturerName>אוליביה</ManufacturerName><ManufactureCountry>ישראל</ManufactureCountry><ManufacturerItemDescription>מב רוטב לעוף אוליביה</ManufacturerItemDescription><SoldByWeight/><Quantity>300.00</Quantity><UnitOfMeasure>גרם     </UnitOfMeasure><QtyInPackage>לא ידוע</QtyInPackage><UnitOfMeasurePrice>0.0417</UnitOfMeasurePrice><AllowDiscount>1</AllowDiscount><ItemStatus>1</ItemStatus><ItemPrice>12.50</ItemPrice></item><item><PriceUpdateDate>2016-02-02 06:51:24</PriceUpdateDate><ItemCode>7290010766192</ItemCode><ItemType>1</ItemType><ItemName>רוטב פסטה פומדרו 420</ItemName><ManufacturerName>אוליביה</ManufacturerName><ManufactureCountry>ישראל</ManufactureCountry><ManufacturerItemDescription>רוטב פסטה פומדרו 420</ManufacturerItemDescription><SoldByWeight/><Quantity>420.00</Quantity><UnitOfMeasure>מ"ל</UnitOfMeasure><QtyInPackage>לא ידוע</QtyInPackage><UnitOfMeasurePrice>0.0381</UnitOfMeasurePrice><AllowDiscount>1</AllowDiscount><ItemStatus>1</ItemStatus><ItemPrice>16.00</ItemPrice></item><item><PriceUpdateDate>2016-05-30 22:04:28</PriceUpdateDate><ItemCode>7290010766307</ItemCode><ItemType>1</ItemType><ItemName>מב אוליביה רוטב פסטה</ItemName><ManufacturerName>אוליביה</ManufacturerName><ManufactureCountry>ישראל</ManufactureCountry><ManufacturerItemDescription>מב אוליביה רוטב פסטה</ManufacturerItemDescription><SoldByWeight/><Quantity>420.00</Quantity><UnitOfMeasure>גרם     </UnitOfMeasure><QtyInPackage>לא ידוע</QtyInPackage><UnitOfMeasurePrice>0.0307</UnitOfMeasurePrice><AllowDiscount>1</AllowDiscount><ItemStatus>1</ItemStatus><ItemPrice>12.90</ItemPrice></item><item><PriceUpdateDate>2016-05-30 22:04:28</PriceUpdateDate><ItemCode>7290010766697</ItemCode><ItemType>1</ItemType><ItemName>מב רוטב אוליביה שקשו</ItemName><ManufacturerName>אוליביה</ManufacturerName><ManufactureCountry>ישראל</ManufactureCountry><ManufacturerItemDescription>מב רוטב אוליביה שקשו</ManufacturerItemDescription><SoldByWeight/><Quantity>415.00</Quantity><UnitOfMeasure>מ"ל</UnitOfMeasure><QtyInPackage>לא ידוע</QtyInPackage><UnitOfMeasurePrice>0.0311</UnitOfMeasurePrice><AllowDiscount>1</AllowDiscount><ItemStatus>1</ItemStatus><ItemPrice>12.90</ItemPrice></item><item><PriceUpdateDate>2016-06-14 15:39:27</PriceUpdateDate><ItemCode>7290010791576</ItemCode><ItemType>1</ItemType><ItemName>קט מעדן דגי אוקינוס</ItemName><ManufacturerName>לה קט</ManufacturerName><ManufactureCountry>תאילנד</ManufactureCountry><ManufacturerItemDescription>לה-קט דליקטס דגי אוקינוס</ManufacturerItemDescription><SoldByWeight/><Quantity>85.00</Quantity><UnitOfMeasure>גרם     </UnitOfMeasure><QtyInPackage>לא ידוע</QtyInPackage><UnitOfMeasurePrice>0.0694</UnitOfMeasurePrice><AllowDiscount>1</AllowDiscount><ItemStatus>1</ItemStatus><ItemPrice>5.90</ItemPrice></item><item><PriceUpdateDate>2016-06-14 15:39:27</PriceUpdateDate><ItemCode>7290010791583</ItemCode><ItemType>1</ItemType><ItemName>לה קט טונה דגי אוקינ</ItemName><ManufacturerName>לה קט</ManufacturerName><ManufactureCountry>תאילנד</ManufactureCountry><ManufacturerItemDescription>לה-קט דליקטס דגי אוקינוס</ManufacturerItemDescription><SoldByWeight/><Quantity>85.00</Quantity><UnitOfMeasure>גרם     </UnitOfMeasure><QtyInPackage>לא ידוע</QtyInPackage><UnitOfMeasurePrice>0.0694</UnitOfMeasurePrice><AllowDiscount>1</AllowDiscount><ItemStatus>1</ItemStatus><ItemPrice>5.90</ItemPrice></item><item><PriceUpdateDate>2016-05-02 08:05:52</PriceUpdateDate><ItemCode>7290010814244</ItemCode><ItemType>1</ItemType><ItemName>מב שוקולד מריר שלישי</ItemName><ManufacturerName>כרמית</ManufacturerName><ManufactureCountry>ישראל</ManufactureCountry><ManufacturerItemDescription>מב שוקולד מריר שלישי</ManufacturerItemDescription><SoldByWeight/><Quantity>300.00</Quantity><UnitOfMeasure>גרם     </UnitOfMeasure><QtyInPackage>לא ידוע</QtyInPackage><UnitOfMeasurePrice>0.0363</UnitOfMeasurePrice><AllowDiscount>1</AllowDiscount><ItemStatus>1</ItemStatus><ItemPrice>10.90</ItemPrice></item><item><PriceUpdateDate>2016-05-02 08:05:52</PriceUpdateDate><ItemCode>7290010814268</ItemCode><ItemType>1</ItemType><ItemName>מב שוקולד לבן שלישיה</ItemName><ManufacturerName>כרמית</ManufacturerName><ManufactureCountry>ישראל</ManufactureCountry><ManufacturerItemDescription>מב שוקולד לבן שלישיה</ManufacturerItemDescription><SoldByWeight/><Quantity>300.00</Quantity><UnitOfMeasure>גרם     </UnitOfMeasure><QtyInPackage>לא ידוע</QtyInPackage><UnitOfMeasurePrice>0.0363</UnitOfMeasurePrice><AllowDiscount>1</AllowDiscount><ItemStatus>1</ItemStatus><ItemPrice>10.90</ItemPrice></item><item><PriceUpdateDate>2016-05-02 08:05:52</PriceUpdateDate><ItemCode>7290010838431</ItemCode><ItemType>1</ItemType><ItemName>מב טואלט דאק זוג ג'ל</ItemName><ManufacturerName>טואלט דאק</ManufacturerName><ManufactureCountry>ישראל</ManufactureCountry><ManufacturerItemDescription>טואלט דאק זוג   750*מ"ל</ManufacturerItemDescription><SoldByWeight/><Quantity>1500.00</Quantity><UnitOfMeasure>מ"ל</UnitOfMeasure><QtyInPackage>לא ידוע</QtyInPackage><UnitOfMeasurePrice>0.0119</UnitOfMeasurePrice><AllowDiscount>1</AllowDiscount><ItemStatus>1</ItemStatus><ItemPrice>17.90</ItemPrice></item><item><PriceUpdateDate>2016-05-02 08:05:52</PriceUpdateDate><ItemCode>7290010838806</ItemCode><ItemType>1</ItemType><ItemName>מב אל סבון נוזלי פמל</ItemName><ManufacturerName>פמילי</ManufacturerName><ManufactureCountry>ישראל</ManufactureCountry><ManufacturerItemDescription>מב אל סבון נוזלי פמל</ManufacturerItemDescription><SoldByWeight/><Quantity>1500.00</Quantity><UnitOfMeasure>מ"ל</UnitOfMeasure><QtyInPackage>לא ידוע</QtyInPackage><UnitOfMeasurePrice>0.0099</UnitOfMeasurePrice><AllowDiscount>1</AllowDiscount><ItemStatus>1</ItemStatus><ItemPrice>14.90</ItemPrice></item><item><PriceUpdateDate>2016-06-01 09:41:32</PriceUpdateDate><ItemCode>7290010839506</ItemCode><ItemType>1</ItemType><ItemName>מב ממרח עשיר בחמאה ד</ItemName><ManufacturerName>וילי פוד</ManufacturerName><ManufactureCountry>ישראל</ManufactureCountry><ManufacturerItemDescription>מב ממרח עשיר בחמאה ד</ManufacturerItemDescription><SoldByWeight/><Quantity>250.00</Quantity><UnitOfMeasure>גרם     </UnitOfMeasure><QtyInPackage>לא ידוע</QtyInPackage><UnitOfMeasurePrice>0.0676</UnitOfMeasurePrice><AllowDiscount>1</AllowDiscount><ItemStatus>1</ItemStatus><ItemPrice>16.90</ItemPrice></item><item><PriceUpdateDate>2016-05-30 22:04:29</PriceUpdateDate><ItemCode>7290010849505</ItemCode><ItemType>1</ItemType><ItemName>מב למברוסקו די לואיג</ItemName><ManufacturerName>למברוסקו</ManufacturerName><ManufactureCountry>איטליה</ManufactureCountry><ManufacturerItemDescription>עוגיות בוקר מרבהם/חלב225</ManufacturerItemDescription><SoldByWeight/><Quantity>750.00</Quantity><UnitOfMeasure>מ"ל</UnitOfMeasure><QtyInPackage>לא ידוע</QtyInPackage><UnitOfMeasurePrice>0.0345</UnitOfMeasurePrice><AllowDiscount>1</AllowDiscount><ItemStatus>1</ItemStatus><ItemPrice>25.90</ItemPrice></item><item><PriceUpdateDate>2015-11-12 14:56:18</PriceUpdateDate><ItemCode>7290010883363</ItemCode><ItemType>1</ItemType><ItemName>כפפות סנו סושי אלוור</ItemName><ManufacturerName>סנו סושי</ManufacturerName><ManufactureCountry>ישראל</ManufactureCountry><ManufacturerItemDescription>כפפות סנו סושי אלוור</ManufacturerItemDescription><SoldByWeight/><Quantity>0.00</Quantity><UnitOfMeasure>יח'</UnitOfMeasure><QtyInPackage>לא ידוע</QtyInPackage><UnitOfMeasurePrice>0.0000</UnitOfMeasurePrice><AllowDiscount>1</AllowDiscount><ItemStatus>1</ItemStatus><ItemPrice>14.90</ItemPrice></item><item><PriceUpdateDate>2015-11-16 09:47:12</PriceUpdateDate><ItemCode>7290010931330</ItemCode><ItemType>1</ItemType><ItemName>סלט מטבוחה 500 גרם</ItemName><ManufacturerName>אחלה</ManufacturerName><ManufactureCountry>ישראל</ManufactureCountry><ManufacturerItemDescription>סלט מטבוחה 500 גרם</ManufacturerItemDescription><SoldByWeight/><Quantity>500.00</Quantity><UnitOfMeasure>גרם     </UnitOfMeasure><QtyInPackage>לא ידוע</QtyInPackage><UnitOfMeasurePrice>0.0354</UnitOfMeasurePrice><AllowDiscount>1</AllowDiscount><ItemStatus>1</ItemStatus><ItemPrice>17.70</ItemPrice></item><item><PriceUpdateDate>2015-11-12 14:41:21</PriceUpdateDate><ItemCode>7290010945146</ItemCode><ItemType>1</ItemType><ItemName>קוטג' 3% טרה 250 גרם</ItemName><ManufacturerName>טרה</ManufacturerName><ManufactureCountry>ישראל</ManufactureCountry><ManufacturerItemDescription>קוטג מועשר 250 3% גרם</ManufacturerItemDescription><SoldByWeight/><Quantity>250.00</Quantity><UnitOfMeasure>גרם     </UnitOfMeasure><QtyInPackage>לא ידוע</QtyInPackage><UnitOfMeasurePrice>0.0228</UnitOfMeasurePrice><AllowDiscount>1</AllowDiscount><ItemStatus>1</ItemStatus><ItemPrice>5.70</ItemPrice></item><item><PriceUpdateDate>2016-05-30 22:04:29</PriceUpdateDate><ItemCode>7290010945306</ItemCode><ItemType>1</ItemType><ItemName>מב חלב טרה 3% בקרטון</ItemName><ManufacturerName>טרה</ManufacturerName><ManufactureCountry>ישראל</ManufactureCountry><ManufacturerItemDescription>מב חלב טרה 3% בקרטון</ManufacturerItemDescription><SoldByWeight/><Quantity>2000.00</Quantity><UnitOfMeasure>מ"ל</UnitOfMeasure><QtyInPackage>לא ידוע</QtyInPackage><UnitOfMeasurePrice>0.0055</UnitOfMeasurePrice><AllowDiscount>1</AllowDiscount><ItemStatus>1</ItemStatus><ItemPrice>10.90</ItemPrice></item><item><PriceUpdateDate>2015-10-11 18:10:52</PriceUpdateDate><ItemCode>7290010945450</ItemCode><ItemType>1</ItemType><ItemName>גבינה לבנה 3% טרה מה</ItemName><ManufacturerName>טרה</ManufacturerName><ManufactureCountry>ישראל</ManufactureCountry><ManufacturerItemDescription>גבינה לבנה 250 3% גרם מהד</ManufacturerItemDescription><SoldByWeight/><Quantity>250.00</Quantity><UnitOfMeasure>גרם     </UnitOfMeasure><QtyInPackage>לא ידוע</QtyInPackage><UnitOfMeasurePrice>0.0196</UnitOfMeasurePrice><AllowDiscount>1</AllowDiscount><ItemStatus>1</ItemStatus><ItemPrice>4.90</ItemPrice></item><item><PriceUpdateDate>2016-05-30 22:04:29</PriceUpdateDate><ItemCode>7290010945481</ItemCode><ItemType>1</ItemType><ItemName>גבינה לבנה 5% מהדרין</ItemName><ManufacturerName>טרה</ManufacturerName><ManufactureCountry>ישראל</ManufactureCountry><ManufacturerItemDescription>גבינה לבנה 5% מהדרין</ManufacturerItemDescription><SoldByWeight/><Quantity>500.00</Quantity><UnitOfMeasure>גרם     </UnitOfMeasure><QtyInPackage>לא ידוע</QtyInPackage><UnitOfMeasurePrice>0.0184</UnitOfMeasurePrice><AllowDiscount>1</AllowDiscount><ItemStatus>1</ItemStatus><ItemPrice>9.20</ItemPrice></item><item><PriceUpdateDate>2016-03-01 06:43:38</PriceUpdateDate><ItemCode>7290011015862</ItemCode><ItemType>1</ItemType><ItemName>סירופ פריגת דיאט לימ</ItemName><ManufacturerName>פריגת</ManufacturerName><ManufactureCountry>ישראל</ManufactureCountry><ManufacturerItemDescription>סירופ פריגת דיאט לימ</ManufacturerItemDescription><SoldByWeight/><Quantity>750.00</Quantity><UnitOfMeasure>מ"ל</UnitOfMeasure><QtyInPackage>לא ידוע</QtyInPackage><UnitOfMeasurePrice>0.0257</UnitOfMeasurePrice><AllowDiscount>1</AllowDiscount><ItemStatus>1</ItemStatus><ItemPrice>19.30</ItemPrice></item><item><PriceUpdateDate>2016-05-30 22:04:29</PriceUpdateDate><ItemCode>7290011018252</ItemCode><ItemType>1</ItemType><ItemName>FUZA TEA מנגו אננס 1</ItemName><ManufacturerName>לא ממותג</ManufacturerName><ManufactureCountry>ישראל</ManufactureCountry><ManufacturerItemDescription>תה קר FUZE TEA מנגו אננס</ManufacturerItemDescription><SoldByWeight/><Quantity>1500.00</Quantity><UnitOfMeasure>מ"ל</UnitOfMeasure><QtyInPackage>לא ידוע</QtyInPackage><UnitOfMeasurePrice>0.0046</UnitOfMeasurePrice><AllowDiscount>1</AllowDiscount><ItemStatus>1</ItemStatus><ItemPrice>6.90</ItemPrice></item><item><PriceUpdateDate>2016-05-30 22:04:29</PriceUpdateDate><ItemCode>7290011018283</ItemCode><ItemType>1</ItemType><ItemName>FUZA TEA משקה אפרסק</ItemName><ManufacturerName>לא ממותג</ManufacturerName><ManufactureCountry>ישראל</ManufactureCountry><ManufacturerItemDescription>תה קר FUZE TEA אפרסק 1.5</ManufacturerItemDescription><SoldByWeight/><Quantity>1500.00</Quantity><UnitOfMeasure>מ"ל</UnitOfMeasure><QtyInPackage>לא ידוע</QtyInPackage><UnitOfMeasurePrice>0.0046</UnitOfMeasurePrice><AllowDiscount>1</AllowDiscount><ItemStatus>1</ItemStatus><ItemPrice>6.90</ItemPrice></item><item><PriceUpdateDate>2016-05-30 22:04:30</PriceUpdateDate><ItemCode>7290011018306</ItemCode><ItemType>1</ItemType><ItemName>FUZA TEA דיאט אפרסק</ItemName><ManufacturerName>לא ממותג</ManufacturerName><ManufactureCountry>ישראל</ManufactureCountry><ManufacturerItemDescription>תה קר דיאט FUZE TEA אפרסק</ManufacturerItemDescription><SoldByWeight/><Quantity>1500.00</Quantity><UnitOfMeasure>מ"ל</UnitOfMeasure><QtyInPackage>לא ידוע</QtyInPackage><UnitOfMeasurePrice>0.0046</UnitOfMeasurePrice><AllowDiscount>1</AllowDiscount><ItemStatus>1</ItemStatus><ItemPrice>6.90</ItemPrice></item><item><PriceUpdateDate>2016-01-14 09:15:37</PriceUpdateDate><ItemCode>7290011018474</ItemCode><ItemType>1</ItemType><ItemName>משקה סומרסביי סיידר</ItemName><ManufacturerName>קוקה קולה</ManufacturerName><ManufactureCountry>לא ידוע</ManufactureCountry><ManufacturerItemDescription>משקה סומרסביי סיידר</ManufacturerItemDescription><SoldByWeight/><Quantity>330.00</Quantity><UnitOfMeasure>מ"ל</UnitOfMeasure><QtyInPackage>לא ידוע</QtyInPackage><UnitOfMeasurePrice>0.0330</UnitOfMeasurePrice><AllowDiscount>1</AllowDiscount><ItemStatus>1</ItemStatus><ItemPrice>10.90</ItemPrice></item><item><PriceUpdateDate>2016-05-30 22:04:30</PriceUpdateDate><ItemCode>7290011018580</ItemCode><ItemType>1</ItemType><ItemName>FUZE TEA ענבים 1.5 ל</ItemName><ManufacturerName>לא ממותג</ManufacturerName><ManufactureCountry>ישראל</ManufactureCountry><ManufacturerItemDescription>תה קר FUZE TEA ענבים 1.5</ManufacturerItemDescription><SoldByWeight/><Quantity>1500.00</Quantity><UnitOfMeasure>גרם     </UnitOfMeasure><QtyInPackage>לא ידוע</QtyInPackage><UnitOfMeasurePrice>0.0046</UnitOfMeasurePrice><AllowDiscount>1</AllowDiscount><ItemStatus>1</ItemStatus><ItemPrice>6.90</ItemPrice></item><item><PriceUpdateDate>2016-05-02 08:05:52</PriceUpdateDate><ItemCode>7290011018832</ItemCode><ItemType>1</ItemType><ItemName>מב מארז פחיות קוקה ק</ItemName><ManufacturerName>קוקה קולה</ManufacturerName><ManufactureCountry>ישראל</ManufactureCountry><ManufacturerItemDescription>מב מארז פחיות קוקה ק</ManufacturerItemDescription><SoldByWeight/><Quantity>1980.00</Quantity><UnitOfMeasure>מ"ל</UnitOfMeasure><QtyInPackage>לא ידוע</QtyInPackage><UnitOfMeasurePrice>0.0101</UnitOfMeasurePrice><AllowDiscount>1</AllowDiscount><ItemStatus>1</ItemStatus><ItemPrice>19.90</ItemPrice></item><item><PriceUpdateDate>2016-05-02 08:05:53</PriceUpdateDate><ItemCode>7290011018917</ItemCode><ItemType>1</ItemType><ItemName>מב מארז פחיות קוקה ק</ItemName><ManufacturerName>קוקה קולה</ManufacturerName><ManufactureCountry>ישראל</ManufactureCountry><ManufacturerItemDescription>מב מארז פחיות קוקה ק</ManufacturerItemDescription><SoldByWeight/><Quantity>1980.00</Quantity><UnitOfMeasure>מ"ל</UnitOfMeasure><QtyInPackage>לא ידוע</QtyInPackage><UnitOfMeasurePrice>0.0101</UnitOfMeasurePrice><AllowDiscount>1</AllowDiscount><ItemStatus>1</ItemStatus><ItemPrice>19.90</ItemPrice></item><item><PriceUpdateDate>2015-05-03 20:51:35</PriceUpdateDate><ItemCode>7290011026523</ItemCode><ItemType>1</ItemType><ItemName>קמיל בלו סנסטיב אלדמ</ItemName><ManufacturerName>קמיל בלו</ManufacturerName><ManufactureCountry>ישראל</ManufactureCountry><ManufacturerItemDescription>קמיל בלו סנסטיב אלדמ</ManufacturerItemDescription><SoldByWeight/><Quantity>500.00</Quantity><UnitOfMeasure>מ"ל</UnitOfMeasure><QtyInPackage>לא ידוע</QtyInPackage><UnitOfMeasurePrice>0.0450</UnitOfMeasurePrice><AllowDiscount>1</AllowDiscount><ItemStatus>1</ItemStatus><ItemPrice>22.50</ItemPrice></item><item><PriceUpdateDate>2015-05-03 20:51:35</PriceUpdateDate><ItemCode>7290011026530</ItemCode><ItemType>1</ItemType><ItemName>קמיל בלו אל סבון לפנ</ItemName><ManufacturerName>קמיל בלו</ManufacturerName><ManufactureCountry>ישראל</ManufactureCountry><ManufacturerItemDescription>קמיל בלו אל סבון לפנ</ManufacturerItemDescription><SoldByWeight/><Quantity>500.00</Quantity><UnitOfMeasure>מ"ל</UnitOfMeasure><QtyInPackage>לא ידוע</QtyInPackage><UnitOfMeasurePrice>0.0450</UnitOfMeasurePrice><AllowDiscount>1</AllowDiscount><ItemStatus>1</ItemStatus><ItemPrice>22.50</ItemPrice></item><item><PriceUpdateDate>2016-05-30 22:04:30</PriceUpdateDate><ItemCode>7290011051327</ItemCode><ItemType>1</ItemType><ItemName>קריסטל אשכוליות מוגז</ItemName><ManufacturerName>קריסטל משק"ל</ManufacturerName><ManufactureCountry>ישראל</ManufactureCountry><ManufacturerItemDescription>קריסטל אשכוליות מוגז</ManufacturerItemDescription><SoldByWeight/><Quantity>2000.00</Quantity><UnitOfMeasure>מ"ל</UnitOfMeasure><QtyInPackage>לא ידוע</QtyInPackage><UnitOfMeasurePrice>0.0019</UnitOfMeasurePrice><AllowDiscount>0</AllowDiscount><ItemStatus>1</ItemStatus><ItemPrice>3.70</ItemPrice></item><item><PriceUpdateDate>2015-11-06 11:10:21</PriceUpdateDate><ItemCode>7290011051365</ItemCode><ItemType>1</ItemType><ItemName>שוופס סודה לימון רבי</ItemName><ManufacturerName>שוופס</ManufacturerName><ManufactureCountry>ישראל</ManufactureCountry><ManufacturerItemDescription>סודה שוופס לימון 1.5 ל</ManufacturerItemDescription><SoldByWeight/><Quantity>6000.00</Quantity><UnitOfMeasure>מ"ל</UnitOfMeasure><QtyInPackage>לא ידוע</QtyInPackage><UnitOfMeasurePrice>0.0018</UnitOfMeasurePrice><AllowDiscount>1</AllowDiscount><ItemStatus>1</ItemStatus><ItemPrice>11.00</ItemPrice></item><item><PriceUpdateDate>2016-05-30 22:04:30</PriceUpdateDate><ItemCode>7290011051372</ItemCode><ItemType>1</ItemType><ItemName>שוופס תפוח מוגז עדין</ItemName><ManufacturerName>שוופס</ManufacturerName><ManufactureCountry>ישראל</ManufactureCountry><ManufacturerItemDescription>שוופס מוגז עדין תפוח ליים</ManufacturerItemDescription><SoldByWeight/><Quantity>1500.00</Quantity><UnitOfMeasure>מ"ל</UnitOfMeasure><QtyInPackage>לא ידוע</QtyInPackage><UnitOfMeasurePrice>0.0053</UnitOfMeasurePrice><AllowDiscount>1</AllowDiscount><ItemStatus>1</ItemStatus><ItemPrice>7.90</ItemPrice></item><item><PriceUpdateDate>2016-05-30 22:04:30</PriceUpdateDate><ItemCode>7290011051389</ItemCode><ItemType>1</ItemType><ItemName>שוופס מוגז עדין פירו</ItemName><ManufacturerName>שוופס</ManufacturerName><ManufactureCountry>ישראל</ManufactureCountry><ManufacturerItemDescription>שוופס מוגז עדין פירות יער</ManufacturerItemDescription><SoldByWeight/><Quantity>1500.00</Quantity><UnitOfMeasure>מ"ל</UnitOfMeasure><QtyInPackage>לא ידוע</QtyInPackage><UnitOfMeasurePrice>0.0053</UnitOfMeasurePrice><AllowDiscount>1</AllowDiscount><ItemStatus>1</ItemStatus><ItemPrice>7.90</ItemPrice></item><item><PriceUpdateDate>2016-03-01 06:55:02</PriceUpdateDate><ItemCode>7290011051488</ItemCode><ItemType>1</ItemType><ItemName>ספרינג טי אפרסק 1.5</ItemName><ManufacturerName>ספרינג טי</ManufacturerName><ManufactureCountry>ישראל</ManufactureCountry><ManufacturerItemDescription>תה קר SPRING TEA אפרסק 1.</ManufacturerItemDescription><SoldByWeight/><Quantity>1500.00</Quantity><UnitOfMeasure>מ"ל</UnitOfMeasure><QtyInPackage>לא ידוע</QtyInPackage><UnitOfMeasurePrice>0.0046</UnitOfMeasurePrice><AllowDiscount>1</AllowDiscount><ItemStatus>1</ItemStatus><ItemPrice>6.90</ItemPrice></item><item><PriceUpdateDate>2016-03-01 06:55:02</PriceUpdateDate><ItemCode>7290011051495</ItemCode><ItemType>1</ItemType><ItemName>ספרינג טי תה ירוק לי</ItemName><ManufacturerName>ספרינג טי</ManufacturerName><ManufactureCountry>ישראל</ManufactureCountry><ManufacturerItemDescription>תה ירוק SPRING לימון לואי</ManufacturerItemDescription><SoldByWeight/><Quantity>1500.00</Quantity><UnitOfMeasure>מ"ל</UnitOfMeasure><QtyInPackage>לא ידוע</QtyInPackage><UnitOfMeasurePrice>0.0046</UnitOfMeasurePrice><AllowDiscount>1</AllowDiscount><ItemStatus>1</ItemStatus><ItemPrice>6.90</ItemPrice></item><item><PriceUpdateDate>2016-03-01 06:55:02</PriceUpdateDate><ItemCode>7290011051518</ItemCode><ItemType>1</ItemType><ItemName>ספרינג טי דיאט אפרסק</ItemName><ManufacturerName>ספרינג טי</ManufacturerName><ManufactureCountry>ישראל</ManufactureCountry><ManufacturerItemDescription>ספרינג טי דיאט אפרסק</ManufacturerItemDescription><SoldByWeight/><Quantity>1500.00</Quantity><UnitOfMeasure>מ"ל</UnitOfMeasure><QtyInPackage>לא ידוע</QtyInPackage><UnitOfMeasurePrice>0.0046</UnitOfMeasurePrice><AllowDiscount>1</AllowDiscount><ItemStatus>1</ItemStatus><ItemPrice>6.90</ItemPrice></item><item><PriceUpdateDate>2016-05-30 22:04:30</PriceUpdateDate><ItemCode>7290011051655</ItemCode><ItemType>1</ItemType><ItemName>שוופס מוגז עדין ריזל</ItemName><ManufacturerName>שוופס</ManufacturerName><ManufactureCountry>ישראל</ManufactureCountry><ManufacturerItemDescription>שוופס מוגז ענבים ריזלינג</ManufacturerItemDescription><SoldByWeight/><Quantity>1500.00</Quantity><UnitOfMeasure>מ"ל</UnitOfMeasure><QtyInPackage>לא ידוע</QtyInPackage><UnitOfMeasurePrice>0.0053</UnitOfMeasurePrice><AllowDiscount>1</AllowDiscount><ItemStatus>1</ItemStatus><ItemPrice>7.90</ItemPrice></item><item><PriceUpdateDate>2016-03-01 06:55:02</PriceUpdateDate><ItemCode>7290011051938</ItemCode><ItemType>1</ItemType><ItemName>תפוזינה תפוח רענן 1.</ItemName><ManufacturerName>תפוזינה</ManufacturerName><ManufactureCountry>ישראל</ManufactureCountry><ManufacturerItemDescription>תפוזינה תפוח רענן 1.</ManufacturerItemDescription><SoldByWeight/><Quantity>1500.00</Quantity><UnitOfMeasure>מ"ל</UnitOfMeasure><QtyInPackage>לא ידוע</QtyInPackage><UnitOfMeasurePrice>0.0050</UnitOfMeasurePrice><AllowDiscount>1</AllowDiscount><ItemStatus>1</ItemStatus><ItemPrice>7.50</ItemPrice></item><item><PriceUpdateDate>2016-03-29 13:00:35</PriceUpdateDate><ItemCode>7290011074173</ItemCode><ItemType>1</ItemType><ItemName>קליה מגבונים מארז חס</ItemName><ManufacturerName>קליה</ManufacturerName><ManufactureCountry>ישראל</ManufactureCountry><ManufacturerItemDescription>קליה מגבונים מארז חס</ManufacturerItemDescription><SoldByWeight/><Quantity>0.00</Quantity><UnitOfMeasure>יח'</UnitOfMeasure><QtyInPackage>לא ידוע</QtyInPackage><UnitOfMeasurePrice>0.0000</UnitOfMeasurePrice><AllowDiscount>1</AllowDiscount><ItemStatus>1</ItemStatus><ItemPrice>24.90</ItemPrice></item><item><PriceUpdateDate>2016-03-29 13:00:35</PriceUpdateDate><ItemCode>7290011074296</ItemCode><ItemType>1</ItemType><ItemName>מסיר כתמים קליה אבקה</ItemName><ManufacturerName>קליה</ManufacturerName><ManufactureCountry>ספרד</ManufactureCountry><ManufacturerItemDescription>מסיר כתמים קליה אבקה</ManufacturerItemDescription><SoldByWeight/><Quantity>1400.00</Quantity><UnitOfMeasure>גרם     </UnitOfMeasure><QtyInPackage>לא ידוע</QtyInPackage><UnitOfMeasurePrice>0.0278</UnitOfMeasurePrice><AllowDiscount>1</AllowDiscount><ItemStatus>1</ItemStatus><ItemPrice>38.90</ItemPrice></item><item><PriceUpdateDate>2014-11-03 06:37:56</PriceUpdateDate><ItemCode>7290011081188</ItemCode><ItemType>1</ItemType><ItemName>קסטה גלידה חצי טעם ש</ItemName><ManufacturerName>שטראוס גלידה</ManufacturerName><ManufactureCountry>ישראל</ManufactureCountry><ManufacturerItemDescription>קסטה שוקו וניל בציפוי שוק</ManufacturerItemDescription><SoldByWeight/><Quantity>0.00</Quantity><UnitOfMeasure>יח'</UnitOfMeasure><QtyInPackage>לא ידוע</QtyInPackage><UnitOfMeasurePrice>0.0000</UnitOfMeasurePrice><AllowDiscount>1</AllowDiscount><ItemStatus>1</ItemStatus><ItemPrice>7.20</ItemPrice></item><item><PriceUpdateDate>2016-05-30 22:04:30</PriceUpdateDate><ItemCode>7290011081492</ItemCode><ItemType>1</ItemType><ItemName>גלידות קרמיסימו שלוש</ItemName><ManufacturerName>קרמיסימו</ManufacturerName><ManufactureCountry>ישראל</ManufactureCountry><ManufacturerItemDescription>קרמיסימו שלושה שוקולדים</ManufacturerItemDescription><SoldByWeight/><Quantity>1330.00</Quantity><UnitOfMeasure>מ"ל</UnitOfMeasure><QtyInPackage>לא ידוע</QtyInPackage><UnitOfMeasurePrice>0.0150</UnitOfMeasurePrice><AllowDiscount>1</AllowDiscount><ItemStatus>1</ItemStatus><ItemPrice>19.90</ItemPrice></item><item><PriceUpdateDate>2016-05-30 22:04:30</PriceUpdateDate><ItemCode>7290011081690</ItemCode><ItemType>1</ItemType><ItemName>גלידות קרמיסימו וניל</ItemName><ManufacturerName>קרמיסימו</ManufacturerName><ManufactureCountry>ישראל</ManufactureCountry><ManufacturerItemDescription>גלידות קרמיסימו וניל</ManufacturerItemDescription><SoldByWeight/><Quantity>1330.00</Quantity><UnitOfMeasure>מ"ל</UnitOfMeasure><QtyInPackage>לא ידוע</QtyInPackage><UnitOfMeasurePrice>0.0150</UnitOfMeasurePrice><AllowDiscount>1</AllowDiscount><ItemStatus>1</ItemStatus><ItemPrice>19.90</ItemPrice></item><item><PriceUpdateDate>2016-02-02 06:51:24</PriceUpdateDate><ItemCode>7290011115159</ItemCode><ItemType>1</ItemType><ItemName>מב סבון מוצק נקה-7 ר</ItemName><ManufacturerName>נקה 7</ManufacturerName><ManufactureCountry>ישראל</ManufactureCountry><ManufacturerItemDescription>מב סבון מוצק נקה-7 ר</ManufacturerItemDescription><SoldByWeight/><Quantity>400.00</Quantity><UnitOfMeasure>גרם     </UnitOfMeasure><QtyInPackage>לא ידוע</QtyInPackage><UnitOfMeasurePrice>0.0298</UnitOfMeasurePrice><AllowDiscount>1</AllowDiscount><ItemStatus>1</ItemStatus><ItemPrice>11.90</ItemPrice></item><item><PriceUpdateDate>2016-02-02 06:51:24</PriceUpdateDate><ItemCode>7290011115241</ItemCode><ItemType>1</ItemType><ItemName>מב סבון מוצק נקה-7 כ</ItemName><ManufacturerName>נקה 7</ManufacturerName><ManufactureCountry>ישראל</ManufactureCountry><ManufacturerItemDescription>מב סבון מוצק נקה-7 כ</ManufacturerItemDescription><SoldByWeight/><Quantity>100.00</Quantity><UnitOfMeasure>גרם     </UnitOfMeasure><QtyInPackage>לא ידוע</QtyInPackage><UnitOfMeasurePrice>0.1190</UnitOfMeasurePrice><AllowDiscount>1</AllowDiscount><ItemStatus>1</ItemStatus><ItemPrice>11.90</ItemPrice></item><item><PriceUpdateDate>2016-02-02 06:51:24</PriceUpdateDate><ItemCode>7290011115258</ItemCode><ItemType>1</ItemType><ItemName>מב סבון מוצק נקה-7 י</ItemName><ManufacturerName>נקה 7</ManufacturerName><ManufactureCountry>ישראל</ManufactureCountry><ManufacturerItemDescription>מב סבון מוצק נקה-7 י</ManufacturerItemDescription><SoldByWeight/><Quantity>400.00</Quantity><UnitOfMeasure>גרם     </UnitOfMeasure><QtyInPackage>לא ידוע</QtyInPackage><UnitOfMeasurePrice>0.0298</UnitOfMeasurePrice><AllowDiscount>1</AllowDiscount><ItemStatus>1</ItemStatus><ItemPrice>11.90</ItemPrice></item><item><PriceUpdateDate>2016-02-02 06:51:25</PriceUpdateDate><ItemCode>7290011115265</ItemCode><ItemType>1</ItemType><ItemName>מב סבון מוצק נקה-7 ל</ItemName><ManufacturerName>נקה 7</ManufacturerName><ManufactureCountry>ישראל</ManufactureCountry><ManufacturerItemDescription>מב סבון מוצק נקה-7 ל</ManufacturerItemDescription><SoldByWeight/><Quantity>400.00</Quantity><UnitOfMeasure>גרם     </UnitOfMeasure><QtyInPackage>לא ידוע</QtyInPackage><UnitOfMeasurePrice>0.0298</UnitOfMeasurePrice><AllowDiscount>1</AllowDiscount><ItemStatus>1</ItemStatus><ItemPrice>11.90</ItemPrice></item><item><PriceUpdateDate>2016-02-02 06:51:25</PriceUpdateDate><ItemCode>7290011115289</ItemCode><ItemType>1</ItemType><ItemName>מב סבון מוצק נקה-7 ר</ItemName><ManufacturerName>נקה 7</ManufacturerName><ManufactureCountry>ישראל</ManufactureCountry><ManufacturerItemDescription>מב סבון מוצק נקה-7 ר</ManufacturerItemDescription><SoldByWeight/><Quantity>400.00</Quantity><UnitOfMeasure>גרם     </UnitOfMeasure><QtyInPackage>לא ידוע</QtyInPackage><UnitOfMeasurePrice>0.0298</UnitOfMeasurePrice><AllowDiscount>1</AllowDiscount><ItemStatus>1</ItemStatus><ItemPrice>11.90</ItemPrice></item><item><PriceUpdateDate>2016-06-14 15:39:27</PriceUpdateDate><ItemCode>7290011126452</ItemCode><ItemType>1</ItemType><ItemName>חליטת קמומיל ונענע ה</ItemName><ManufacturerName>גן הקסום</ManufacturerName><ManufactureCountry>ישראל</ManufactureCountry><ManufacturerItemDescription>חליטת קמומיל ונענע</ManufacturerItemDescription><SoldByWeight/><Quantity>38.00</Quantity><UnitOfMeasure>גרם     </UnitOfMeasure><QtyInPackage>לא ידוע</QtyInPackage><UnitOfMeasurePrice>0.5237</UnitOfMeasurePrice><AllowDiscount>1</AllowDiscount><ItemStatus>1</ItemStatus><ItemPrice>19.90</ItemPrice></item><item><PriceUpdateDate>2016-05-30 22:04:31</PriceUpdateDate><ItemCode>7290011126483</ItemCode><ItemType>1</ItemType><ItemName>מב תה לורד גריי</ItemName><ManufacturerName>ויסוצקי</ManufacturerName><ManufactureCountry>ישראל</ManufactureCountry><ManufacturerItemDescription>מב תה לורד גריי</ManufacturerItemDescription><SoldByWeight/><Quantity>38.00</Quantity><UnitOfMeasure>גרם     </UnitOfMeasure><QtyInPackage>לא ידוע</QtyInPackage><UnitOfMeasurePrice>0.3658</UnitOfMeasurePrice><AllowDiscount>1</AllowDiscount><ItemStatus>1</ItemStatus><ItemPrice>13.90</ItemPrice></item><item><PriceUpdateDate>2016-05-30 22:04:31</PriceUpdateDate><ItemCode>7290011126490</ItemCode><ItemType>1</ItemType><ItemName>מב תה רויאל גריי 25</ItemName><ManufacturerName>ויסוצקי</ManufacturerName><ManufactureCountry>ישראל</ManufactureCountry><ManufacturerItemDescription>מב תה רויאל גריי 25</ManufacturerItemDescription><SoldByWeight/><Quantity>38.00</Quantity><UnitOfMeasure>גרם     </UnitOfMeasure><QtyInPackage>לא ידוע</QtyInPackage><UnitOfMeasurePrice>0.3658</UnitOfMeasurePrice><AllowDiscount>1</AllowDiscount><ItemStatus>1</ItemStatus><ItemPrice>13.90</ItemPrice></item><item><PriceUpdateDate>2016-05-01 21:46:58</PriceUpdateDate><ItemCode>7290011126940</ItemCode><ItemType>1</ItemType><ItemName>תה ירוק מרווה 25 יח'</ItemName><ManufacturerName>ויסוצקי</ManufacturerName><ManufactureCountry>ישראל</ManufactureCountry><ManufacturerItemDescription>תה ירוק מרווה 25 יח'</ManufacturerItemDescription><SoldByWeight/><Quantity>38.00</Quantity><UnitOfMeasure>גרם     </UnitOfMeasure><QtyInPackage>לא ידוע</QtyInPackage><UnitOfMeasurePrice>0.6553</UnitOfMeasurePrice><AllowDiscount>1</AllowDiscount><ItemStatus>1</ItemStatus><ItemPrice>24.90</ItemPrice></item><item><PriceUpdateDate>2016-05-30 22:04:31</PriceUpdateDate><ItemCode>7290011131371</ItemCode><ItemType>1</ItemType><ItemName>מב מיזלי קראנצ'י אגו</ItemName><ManufacturerName>גרין</ManufacturerName><ManufactureCountry>ישראל</ManufactureCountry><ManufacturerItemDescription>מיזלי שקדים     ם 1 ק"ג</ManufacturerItemDescription><SoldByWeight/><Quantity>1000.00</Quantity><UnitOfMeasure>גרם     </UnitOfMeasure><QtyInPackage>לא ידוע</QtyInPackage><UnitOfMeasurePrice>0.0199</UnitOfMeasurePrice><AllowDiscount>1</AllowDiscount><ItemStatus>1</ItemStatus><ItemPrice>19.90</ItemPrice></item><item><PriceUpdateDate>2016-05-30 22:04:31</PriceUpdateDate><ItemCode>7290011131388</ItemCode><ItemType>1</ItemType><ItemName>מב מיזלי קראנצ'י תפו</ItemName><ManufacturerName>גרין</ManufacturerName><ManufactureCountry>ישראל</ManufactureCountry><ManufacturerItemDescription>מיזלי תפוח קינמון 1 ק"ג</ManufacturerItemDescription><SoldByWeight/><Quantity>1000.00</Quantity><UnitOfMeasure>גרם     </UnitOfMeasure><QtyInPackage>לא ידוע</QtyInPackage><UnitOfMeasurePrice>0.0199</UnitOfMeasurePrice><AllowDiscount>1</AllowDiscount><ItemStatus>1</ItemStatus><ItemPrice>19.90</ItemPrice></item><item><PriceUpdateDate>2016-05-30 22:04:31</PriceUpdateDate><ItemCode>7290011131395</ItemCode><ItemType>1</ItemType><ItemName>מב מיזלי קראנצ'י 30%</ItemName><ManufacturerName>גרין</ManufacturerName><ManufactureCountry>ישראל</ManufactureCountry><ManufacturerItemDescription>מיזלי קראנץ     ירות 1 ק</ManufacturerItemDescription><SoldByWeight/><Quantity>1000.00</Quantity><UnitOfMeasure>גרם     </UnitOfMeasure><QtyInPackage>לא ידוע</QtyInPackage><UnitOfMeasurePrice>0.0199</UnitOfMeasurePrice><AllowDiscount>1</AllowDiscount><ItemStatus>1</ItemStatus><ItemPrice>19.90</ItemPrice></item><item><PriceUpdateDate>2014-12-28 13:21:08</PriceUpdateDate><ItemCode>7290011132552</ItemCode><ItemType>1</ItemType><ItemName>בירה פאולנר רביעיה 3</ItemName><ManufacturerName>פאולנר</ManufacturerName><ManufactureCountry>גרמניה</ManufactureCountry><ManufacturerItemDescription>מר מאסל למטבח   5מ"ל</ManufacturerItemDescription><SoldByWeight/><Quantity>330.00</Quantity><UnitOfMeasure>מ"ל</UnitOfMeasure><QtyInPackage>לא ידוע</QtyInPackage><UnitOfMeasurePrice>0.1761</UnitOfMeasurePrice><AllowDiscount>1</AllowDiscount><ItemStatus>1</ItemStatus><ItemPrice>58.10</ItemPrice></item><item><PriceUpdateDate>2015-07-10 09:02:00</PriceUpdateDate><ItemCode>7290011133252</ItemCode><ItemType>1</ItemType><ItemName>רביעיית סודה למון לי</ItemName><ManufacturerName>לא ממותג</ManufacturerName><ManufactureCountry>לא ידוע</ManufactureCountry><ManufacturerItemDescription>רביעיית סודה למון לי</ManufacturerItemDescription><SoldByWeight/><Quantity>6000.00</Quantity><UnitOfMeasure>מ"ל</UnitOfMeasure><QtyInPackage>לא ידוע</QtyInPackage><UnitOfMeasurePrice>0.0022</UnitOfMeasurePrice><AllowDiscount>1</AllowDiscount><ItemStatus>1</ItemStatus><ItemPrice>12.90</ItemPrice></item><item><PriceUpdateDate>2016-03-01 06:55:02</PriceUpdateDate><ItemCode>7290011133368</ItemCode><ItemType>1</ItemType><ItemName>מב מארז שישיית מכבי</ItemName><ManufacturerName>מכבי שנדי</ManufacturerName><ManufactureCountry>ישראל</ManufactureCountry><ManufacturerItemDescription>שישיית מכבי שנדי תפוח</ManufacturerItemDescription><SoldByWeight/><Quantity>1980.00</Quantity><UnitOfMeasure>מ"ל</UnitOfMeasure><QtyInPackage>לא ידוע</QtyInPackage><UnitOfMeasurePrice>0.0151</UnitOfMeasurePrice><AllowDiscount>1</AllowDiscount><ItemStatus>1</ItemStatus><ItemPrice>29.90</ItemPrice></item><item><PriceUpdateDate>2016-03-01 06:55:02</PriceUpdateDate><ItemCode>7290011133375</ItemCode><ItemType>1</ItemType><ItemName>מב מארז שישיית מכבי</ItemName><ManufacturerName>מכבי שנדי</ManufacturerName><ManufactureCountry>ישראל</ManufactureCountry><ManufacturerItemDescription>שישיית מכבי שנדי אפרסק</ManufacturerItemDescription><SoldByWeight/><Quantity>1980.00</Quantity><UnitOfMeasure>מ"ל</UnitOfMeasure><QtyInPackage>לא ידוע</QtyInPackage><UnitOfMeasurePrice>0.0151</UnitOfMeasurePrice><AllowDiscount>1</AllowDiscount><ItemStatus>1</ItemStatus><ItemPrice>29.90</ItemPrice></item><item><PriceUpdateDate>2016-05-30 22:04:32</PriceUpdateDate><ItemCode>7290011133436</ItemCode><ItemType>1</ItemType><ItemName>מב פפסי מקס 1.5 ל צי</ItemName><ManufacturerName>פפסי מקס</ManufacturerName><ManufactureCountry>לא ידוע</ManufactureCountry><ManufacturerItemDescription>מב פפסי מקס 1.5 ל צי</ManufacturerItemDescription><SoldByWeight/><Quantity>6000.00</Quantity><UnitOfMeasure>מ"ל</UnitOfMeasure><QtyInPackage>לא ידוע</QtyInPackage><UnitOfMeasurePrice>0.0033</UnitOfMeasurePrice><AllowDiscount>1</AllowDiscount><ItemStatus>1</ItemStatus><ItemPrice>19.90</ItemPrice></item><item><PriceUpdateDate>2014-11-03 06:37:47</PriceUpdateDate><ItemCode>7290011133498</ItemCode><ItemType>1</ItemType><ItemName>שנדי בודד תפוח 330 מ</ItemName><ManufacturerName>מכבי שנדי</ManufacturerName><ManufactureCountry>ישראל</ManufactureCountry><ManufacturerItemDescription>שנדי בודד תפוח 330 מ</ManufacturerItemDescription><SoldByWeight/><Quantity>330.00</Quantity><UnitOfMeasure>מ"ל</UnitOfMeasure><QtyInPackage>לא ידוע</QtyInPackage><UnitOfMeasurePrice>0.0291</UnitOfMeasurePrice><AllowDiscount>1</AllowDiscount><ItemStatus>1</ItemStatus><ItemPrice>9.60</ItemPrice></item><item><PriceUpdateDate>2015-12-13 11:25:34</PriceUpdateDate><ItemCode>7290011154301</ItemCode><ItemType>1</ItemType><ItemName>ממרח תמרים 450 גרם</ItemName><ManufacturerName>תמרלית</ManufacturerName><ManufactureCountry>ישראל</ManufactureCountry><ManufacturerItemDescription>ממרח תמרים 450 גר</ManufacturerItemDescription><SoldByWeight/><Quantity>450.00</Quantity><UnitOfMeasure>גרם     </UnitOfMeasure><QtyInPackage>לא ידוע</QtyInPackage><UnitOfMeasurePrice>0.0198</UnitOfMeasurePrice><AllowDiscount>1</AllowDiscount><ItemStatus>1</ItemStatus><ItemPrice>8.90</ItemPrice></item><item><PriceUpdateDate>2014-11-03 06:38:19</PriceUpdateDate><ItemCode>7290011174477</ItemCode><ItemType>1</ItemType><ItemName>ריצ' ערכה לעוגת יום</ItemName><ManufacturerName>קפולסקי</ManufacturerName><ManufactureCountry>ישראל</ManufactureCountry><ManufacturerItemDescription>ריצ' ערכה לעוגת יום</ManufacturerItemDescription><SoldByWeight/><Quantity>955.00</Quantity><UnitOfMeasure>גרם     </UnitOfMeasure><QtyInPackage>לא ידוע</QtyInPackage><UnitOfMeasurePrice>0.0250</UnitOfMeasurePrice><AllowDiscount>1</AllowDiscount><ItemStatus>1</ItemStatus><ItemPrice>23.90</ItemPrice></item><item><PriceUpdateDate>2014-12-28 10:33:13</PriceUpdateDate><ItemCode>7290011174781</ItemCode><ItemType>1</ItemType><ItemName>רוטב שמפיניון מוקרם</ItemName><ManufacturerName>ויטה</ManufacturerName><ManufactureCountry>ישראל</ManufactureCountry><ManufacturerItemDescription>רוטב שמפיניון מוקרם</ManufacturerItemDescription><SoldByWeight/><Quantity>14.00</Quantity><UnitOfMeasure>גרם     </UnitOfMeasure><QtyInPackage>לא ידוע</QtyInPackage><UnitOfMeasurePrice>0.3143</UnitOfMeasurePrice><AllowDiscount>1</AllowDiscount><ItemStatus>1</ItemStatus><ItemPrice>4.40</ItemPrice></item><item><PriceUpdateDate>2014-12-28 10:33:13</PriceUpdateDate><ItemCode>7290011174804</ItemCode><ItemType>1</ItemType><ItemName>רוטב פטריות 34 גרם</ItemName><ManufacturerName>ויטה</ManufacturerName><ManufactureCountry>ישראל</ManufactureCountry><ManufacturerItemDescription>רוטב פטריות 34 גרם</ManufacturerItemDescription><SoldByWeight/><Quantity>14.00</Quantity><UnitOfMeasure>גרם     </UnitOfMeasure><QtyInPackage>לא ידוע</QtyInPackage><UnitOfMeasurePrice>0.3143</UnitOfMeasurePrice><AllowDiscount>1</AllowDiscount><ItemStatus>1</ItemStatus><ItemPrice>4.40</ItemPrice></item><item><PriceUpdateDate>2015-10-11 18:10:53</PriceUpdateDate><ItemCode>7290011194215</ItemCode><ItemType>1</ItemType><ItemName>דניאלה בננה 150 מ"ל</ItemName><ManufacturerName>דניאלה</ManufacturerName><ManufactureCountry>ישראל</ManufactureCountry><ManufacturerItemDescription>דניאלה בננה 150 מ"ל</ManufacturerItemDescription><SoldByWeight/><Quantity>150.00</Quantity><UnitOfMeasure>מ"ל</UnitOfMeasure><QtyInPackage>לא ידוע</QtyInPackage><UnitOfMeasurePrice>0.0280</UnitOfMeasurePrice><AllowDiscount>1</AllowDiscount><ItemStatus>1</ItemStatus><ItemPrice>4.20</ItemPrice></item><item><PriceUpdateDate>2015-11-16 09:47:12</PriceUpdateDate><ItemCode>7290011194246</ItemCode><ItemType>1</ItemType><ItemName>קוטג' 5% 250 גרם שטר</ItemName><ManufacturerName>קוטג שטראוס</ManufacturerName><ManufactureCountry>ישראל</ManufactureCountry><ManufacturerItemDescription>קוטג+5% סידן 250 גרם</ManufacturerItemDescription><SoldByWeight/><Quantity>250.00</Quantity><UnitOfMeasure>גרם     </UnitOfMeasure><QtyInPackage>לא ידוע</QtyInPackage><UnitOfMeasurePrice>0.0236</UnitOfMeasurePrice><AllowDiscount>1</AllowDiscount><ItemStatus>1</ItemStatus><ItemPrice>5.90</ItemPrice></item><item><PriceUpdateDate>2015-12-28 09:39:52</PriceUpdateDate><ItemCode>7290011194291</ItemCode><ItemType>1</ItemType><ItemName>דנונה קפוצינו 0% 150</ItemName><ManufacturerName>דנונה</ManufacturerName><ManufactureCountry>ישראל</ManufactureCountry><ManufacturerItemDescription>דנונה קפוצינו 0% 150</ManufacturerItemDescription><SoldByWeight/><Quantity>150.00</Quantity><UnitOfMeasure>גרם     </UnitOfMeasure><QtyInPackage>לא ידוע</QtyInPackage><UnitOfMeasurePrice>0.0333</UnitOfMeasurePrice><AllowDiscount>1</AllowDiscount><ItemStatus>1</ItemStatus><ItemPrice>5.00</ItemPrice></item><item><PriceUpdateDate>2015-11-16 09:47:12</PriceUpdateDate><ItemCode>7290011194741</ItemCode><ItemType>1</ItemType><ItemName>אקטיביה משקה 250 מ''</ItemName><ManufacturerName>אקטיביה</ManufacturerName><ManufactureCountry>ישראל</ManufactureCountry><ManufacturerItemDescription>משקה אקטיביה 250 מל</ManufacturerItemDescription><SoldByWeight/><Quantity>250.00</Quantity><UnitOfMeasure>מ"ל</UnitOfMeasure><QtyInPackage>לא ידוע</QtyInPackage><UnitOfMeasurePrice>0.0216</UnitOfMeasurePrice><AllowDiscount>1</AllowDiscount><ItemStatus>1</ItemStatus><ItemPrice>5.40</ItemPrice></item><item><PriceUpdateDate>2015-10-20 09:04:44</PriceUpdateDate><ItemCode>7290011215217</ItemCode><ItemType>1</ItemType><ItemName>לחמניית בריאות</ItemName><ManufacturerName>פילסברי</ManufacturerName><ManufactureCountry>ישראל</ManufactureCountry><ManufacturerItemDescription>לחמניית דגנים</ManufacturerItemDescription><SoldByWeight/><Quantity>1000.00</Quantity><UnitOfMeasure>ק"ג     </UnitOfMeasure><QtyInPackage>לא ידוע</QtyInPackage><UnitOfMeasurePrice>0.0046</UnitOfMeasurePrice><AllowDiscount>1</AllowDiscount><ItemStatus>1</ItemStatus><ItemPrice>4.60</ItemPrice></item><item><PriceUpdateDate>2015-11-10 09:55:17</PriceUpdateDate><ItemCode>7290011215392</ItemCode><ItemType>1</ItemType><ItemName>רוגלך במארז פילסברי</ItemName><ManufacturerName>פילסברי</ManufacturerName><ManufactureCountry>ישראל</ManufactureCountry><ManufacturerItemDescription>רוגלך במארז פילסברי</ManufacturerItemDescription><SoldByWeight/><Quantity>1000.00</Quantity><UnitOfMeasure>ק"ג     </UnitOfMeasure><QtyInPackage>לא ידוע</QtyInPackage><UnitOfMeasurePrice>0.0248</UnitOfMeasurePrice><AllowDiscount>1</AllowDiscount><ItemStatus>1</ItemStatus><ItemPrice>24.80</ItemPrice></item><item><PriceUpdateDate>2014-11-03 06:37:55</PriceUpdateDate><ItemCode>7290011215798</ItemCode><ItemType>1</ItemType><ItemName>שנק שוקולד במארז 450</ItemName><ManufacturerName>פילסברי</ManufacturerName><ManufactureCountry>ישראל</ManufactureCountry><ManufacturerItemDescription>שנק שוקולד במארז 450</ManufacturerItemDescription><SoldByWeight/><Quantity>1000.00</Quantity><UnitOfMeasure>ק"ג     </UnitOfMeasure><QtyInPackage>לא ידוע</QtyInPackage><UnitOfMeasurePrice>0.0243</UnitOfMeasurePrice><AllowDiscount>1</AllowDiscount><ItemStatus>1</ItemStatus><ItemPrice>24.30</ItemPrice></item><item><PriceUpdateDate>2016-05-30 22:04:32</PriceUpdateDate><ItemCode>7290011223038</ItemCode><ItemType>1</ItemType><ItemName>מב עלים לקרמשניט 300</ItemName><ManufacturerName>לא ידוע</ManufacturerName><ManufactureCountry>ישראל</ManufactureCountry><ManufacturerItemDescription>מב עלים לקרמשניט 300</ManufacturerItemDescription><SoldByWeight/><Quantity>300.00</Quantity><UnitOfMeasure>גרם     </UnitOfMeasure><QtyInPackage>לא ידוע</QtyInPackage><UnitOfMeasurePrice>0.0463</UnitOfMeasurePrice><AllowDiscount>1</AllowDiscount><ItemStatus>1</ItemStatus><ItemPrice>13.90</ItemPrice></item><item><PriceUpdateDate>2016-05-30 22:04:32</PriceUpdateDate><ItemCode>7290011223045</ItemCode><ItemType>1</ItemType><ItemName>בישקוטים בונומי 200</ItemName><ManufacturerName>Bonomi</ManufacturerName><ManufactureCountry>איטליה</ManufactureCountry><ManufacturerItemDescription>בישקוטים בונומי 200 גרם</ManufacturerItemDescription><SoldByWeight/><Quantity>200.00</Quantity><UnitOfMeasure>גרם     </UnitOfMeasure><QtyInPackage>לא ידוע</QtyInPackage><UnitOfMeasurePrice>0.0425</UnitOfMeasurePrice><AllowDiscount>1</AllowDiscount><ItemStatus>1</ItemStatus><ItemPrice>8.50</ItemPrice></item><item><PriceUpdateDate>2016-05-02 08:05:53</PriceUpdateDate><ItemCode>7290011223069</ItemCode><ItemType>1</ItemType><ItemName>מב רצועות שעווה מגע</ItemName><ManufacturerName>מגע המשי</ManufacturerName><ManufactureCountry>ספרד</ManufactureCountry><ManufacturerItemDescription>מגע המשי רצועות שעווה קמו</ManufacturerItemDescription><SoldByWeight/><Quantity>16.00</Quantity><UnitOfMeasure>בודד</UnitOfMeasure><QtyInPackage>לא ידוע</QtyInPackage><UnitOfMeasurePrice>1.5562</UnitOfMeasurePrice><AllowDiscount>1</AllowDiscount><ItemStatus>1</ItemStatus><ItemPrice>24.90</ItemPrice></item><item><PriceUpdateDate>2016-05-02 08:05:53</PriceUpdateDate><ItemCode>7290011223076</ItemCode><ItemType>1</ItemType><ItemName>מב רצועות שעווה מגע</ItemName><ManufacturerName>מגע המשי</ManufacturerName><ManufactureCountry>ספרד</ManufactureCountry><ManufacturerItemDescription>מגע המשי רצועות שעווה קמו</ManufacturerItemDescription><SoldByWeight/><Quantity>12.00</Quantity><UnitOfMeasure>בודד</UnitOfMeasure><QtyInPackage>לא ידוע</QtyInPackage><UnitOfMeasurePrice>2.0750</UnitOfMeasurePrice><AllowDiscount>1</AllowDiscount><ItemStatus>1</ItemStatus><ItemPrice>24.90</ItemPrice></item><item><PriceUpdateDate>2016-06-06 11:47:14</PriceUpdateDate><ItemCode>7290011223205</ItemCode><ItemType>1</ItemType><ItemName>ריבת חלב 454 גרם</ItemName><ManufacturerName>דולצה דה ליצה</ManufacturerName><ManufactureCountry>ישראל</ManufactureCountry><ManufacturerItemDescription>ריבת חלב 454 גרם</ManufacturerItemDescription><SoldByWeight/><Quantity>454.00</Quantity><UnitOfMeasure>גרם     </UnitOfMeasure><QtyInPackage>לא ידוע</QtyInPackage><UnitOfMeasurePrice>0.0394</UnitOfMeasurePrice><AllowDiscount>1</AllowDiscount><ItemStatus>1</ItemStatus><ItemPrice>17.90</ItemPrice></item><item><PriceUpdateDate>2016-05-30 22:04:32</PriceUpdateDate><ItemCode>7290011223229</ItemCode><ItemType>1</ItemType><ItemName>טואלט דאק ג'ל לאסלה</ItemName><ManufacturerName>טואלט דאק</ManufacturerName><ManufactureCountry>ישראל</ManufactureCountry><ManufacturerItemDescription>טואלט דאק ג'ל לאסלה</ManufacturerItemDescription><SoldByWeight/><Quantity>55.00</Quantity><UnitOfMeasure>מ"ל</UnitOfMeasure><QtyInPackage>לא ידוע</QtyInPackage><UnitOfMeasurePrice>0.2164</UnitOfMeasurePrice><AllowDiscount>1</AllowDiscount><ItemStatus>1</ItemStatus><ItemPrice>11.90</ItemPrice></item><item><PriceUpdateDate>2016-03-29 06:36:46</PriceUpdateDate><ItemCode>7290011240318</ItemCode><ItemType>1</ItemType><ItemName>מב יין שאטו דה למר ק</ItemName><ManufacturerName>לא ממותג</ManufacturerName><ManufactureCountry>ישראל</ManufactureCountry><ManufacturerItemDescription>מב יין שאטו דה למר ק</ManufacturerItemDescription><SoldByWeight/><Quantity>750.00</Quantity><UnitOfMeasure>מ"ל</UnitOfMeasure><QtyInPackage>לא ידוע</QtyInPackage><UnitOfMeasurePrice>0.0252</UnitOfMeasurePrice><AllowDiscount>1</AllowDiscount><ItemStatus>1</ItemStatus><ItemPrice>18.90</ItemPrice></item><item><PriceUpdateDate>2016-03-29 06:17:25</PriceUpdateDate><ItemCode>7290011240417</ItemCode><ItemType>1</ItemType><ItemName>יין דולב מרלו 750 מ'</ItemName><ManufacturerName>לא ממותג</ManufacturerName><ManufactureCountry>ישראל</ManufactureCountry><ManufacturerItemDescription>יין דולב מרלו 750 מ'</ManufacturerItemDescription><SoldByWeight/><Quantity>750.00</Quantity><UnitOfMeasure>מ"ל</UnitOfMeasure><QtyInPackage>לא ידוע</QtyInPackage><UnitOfMeasurePrice>0.0344</UnitOfMeasurePrice><AllowDiscount>1</AllowDiscount><ItemStatus>1</ItemStatus><ItemPrice>25.80</ItemPrice></item><item><PriceUpdateDate>2016-03-29 06:36:46</PriceUpdateDate><ItemCode>7290011240608</ItemCode><ItemType>1</ItemType><ItemName>מב יין שאטו אמרלד רי</ItemName><ManufacturerName>לא ממותג</ManufacturerName><ManufactureCountry>ישראל</ManufactureCountry><ManufacturerItemDescription>מב יין שאטו אמרלד רי</ManufacturerItemDescription><SoldByWeight/><Quantity>750.00</Quantity><UnitOfMeasure>מ"ל</UnitOfMeasure><QtyInPackage>לא ידוע</QtyInPackage><UnitOfMeasurePrice>0.0252</UnitOfMeasurePrice><AllowDiscount>1</AllowDiscount><ItemStatus>1</ItemStatus><ItemPrice>18.90</ItemPrice></item><item><PriceUpdateDate>2015-11-12 14:51:09</PriceUpdateDate><ItemCode>7290011249090</ItemCode><ItemType>1</ItemType><ItemName>וופל בלגי בטעם שוקול</ItemName><ManufacturerName>"המותג"</ManufacturerName><ManufactureCountry>לא ידוע</ManufactureCountry><ManufacturerItemDescription>וופל בלגי בטעם שוקול</ManufacturerItemDescription><SoldByWeight/><Quantity>200.00</Quantity><UnitOfMeasure>גרם     </UnitOfMeasure><QtyInPackage>לא ידוע</QtyInPackage><UnitOfMeasurePrice>0.0230</UnitOfMeasurePrice><AllowDiscount>1</AllowDiscount><ItemStatus>1</ItemStatus><ItemPrice>4.60</ItemPrice></item><item><PriceUpdateDate>2014-11-03 06:37:34</PriceUpdateDate><ItemCode>7290011254070</ItemCode><ItemType>1</ItemType><ItemName>פלפל שחור 50 גרם שקי</ItemName><ManufacturerName>מיה</ManufacturerName><ManufactureCountry>ישראל</ManufactureCountry><ManufacturerItemDescription>פלפל שחור 50 גרם שקי</ManufacturerItemDescription><SoldByWeight/><Quantity>50.00</Quantity><UnitOfMeasure>גרם     </UnitOfMeasure><QtyInPackage>לא ידוע</QtyInPackage><UnitOfMeasurePrice>0.1780</UnitOfMeasurePrice><AllowDiscount>1</AllowDiscount><ItemStatus>1</ItemStatus><ItemPrice>8.90</ItemPrice></item><item><PriceUpdateDate>2015-10-21 13:53:41</PriceUpdateDate><ItemCode>7290011254094</ItemCode><ItemType>1</ItemType><ItemName>כמון שקית 80 גרם</ItemName><ManufacturerName>מיה</ManufacturerName><ManufactureCountry>ישראל</ManufactureCountry><ManufacturerItemDescription>כמון שקית 80 גרם</ManufacturerItemDescription><SoldByWeight/><Quantity>80.00</Quantity><UnitOfMeasure>גרם     </UnitOfMeasure><QtyInPackage>לא ידוע</QtyInPackage><UnitOfMeasurePrice>0.0688</UnitOfMeasurePrice><AllowDiscount>1</AllowDiscount><ItemStatus>1</ItemStatus><ItemPrice>5.50</ItemPrice></item><item><PriceUpdateDate>2015-10-21 13:53:42</PriceUpdateDate><ItemCode>7290011254148</ItemCode><ItemType>1</ItemType><ItemName>אבקת שום שקית מיה 80</ItemName><ManufacturerName>מיה</ManufacturerName><ManufactureCountry>ישראל</ManufactureCountry><ManufacturerItemDescription>אבקת שום שקית מיה 80</ManufacturerItemDescription><SoldByWeight/><Quantity>80.00</Quantity><UnitOfMeasure>גרם     </UnitOfMeasure><QtyInPackage>לא ידוע</QtyInPackage><UnitOfMeasurePrice>0.0688</UnitOfMeasurePrice><AllowDiscount>1</AllowDiscount><ItemStatus>1</ItemStatus><ItemPrice>5.50</ItemPrice></item><item><PriceUpdateDate>2014-11-03 06:37:34</PriceUpdateDate><ItemCode>7290011254162</ItemCode><ItemType>1</ItemType><ItemName>פלפל לבן מיה 80 גרם</ItemName><ManufacturerName>מיה</ManufacturerName><ManufactureCountry>ישראל</ManufactureCountry><ManufacturerItemDescription>פלפל לבן מיה 80 גרם</ManufacturerItemDescription><SoldByWeight/><Quantity>80.00</Quantity><UnitOfMeasure>גרם     </UnitOfMeasure><QtyInPackage>לא ידוע</QtyInPackage><UnitOfMeasurePrice>0.1113</UnitOfMeasurePrice><AllowDiscount>1</AllowDiscount><ItemStatus>1</ItemStatus><ItemPrice>8.90</ItemPrice></item><item><PriceUpdateDate>2015-10-21 13:53:42</PriceUpdateDate><ItemCode>7290011254179</ItemCode><ItemType>1</ItemType><ItemName>גריל עוף 80 גרם שקית</ItemName><ManufacturerName>מיה</ManufacturerName><ManufactureCountry>ישראל</ManufactureCountry><ManufacturerItemDescription>גריל עוף 80 גרם שקית</ManufacturerItemDescription><SoldByWeight/><Quantity>80.00</Quantity><UnitOfMeasure>גרם     </UnitOfMeasure><QtyInPackage>לא ידוע</QtyInPackage><UnitOfMeasurePrice>0.0688</UnitOfMeasurePrice><AllowDiscount>1</AllowDiscount><ItemStatus>1</ItemStatus><ItemPrice>5.50</ItemPrice></item><item><PriceUpdateDate>2015-10-21 13:53:42</PriceUpdateDate><ItemCode>7290011254209</ItemCode><ItemType>1</ItemType><ItemName>גבישי שום מיה 80 גרם</ItemName><ManufacturerName>מיה</ManufacturerName><ManufactureCountry>ישראל</ManufactureCountry><ManufacturerItemDescription>גבישי שום מיה 80 גרם</ManufacturerItemDescription><SoldByWeight/><Quantity>80.00</Quantity><UnitOfMeasure>גרם     </UnitOfMeasure><QtyInPackage>לא ידוע</QtyInPackage><UnitOfMeasurePrice>0.0688</UnitOfMeasurePrice><AllowDiscount>1</AllowDiscount><ItemStatus>1</ItemStatus><ItemPrice>5.50</ItemPrice></item><item><PriceUpdateDate>2015-11-12 17:24:22</PriceUpdateDate><ItemCode>7290011254452</ItemCode><ItemType>1</ItemType><ItemName>סוכריות ללא סוכר מנט</ItemName><ManufacturerName>מיה</ManufacturerName><ManufactureCountry>ישראל</ManufactureCountry><ManufacturerItemDescription>סוכריות ללא סוכר מנט</ManufacturerItemDescription><SoldByWeight/><Quantity>80.00</Quantity><UnitOfMeasure>גרם     </UnitOfMeasure><QtyInPackage>לא ידוע</QtyInPackage><UnitOfMeasurePrice>0.1137</UnitOfMeasurePrice><AllowDiscount>1</AllowDiscount><ItemStatus>1</ItemStatus><ItemPrice>9.10</ItemPrice></item><item><PriceUpdateDate>2015-11-12 17:24:22</PriceUpdateDate><ItemCode>7290011254476</ItemCode><ItemType>1</ItemType><ItemName>סוכריות ללא סוכר תפו</ItemName><ManufacturerName>מיה</ManufacturerName><ManufactureCountry>ישראל</ManufactureCountry><ManufacturerItemDescription>סוכריות ללא סוכר תפו</ManufacturerItemDescription><SoldByWeight/><Quantity>80.00</Quantity><UnitOfMeasure>גרם     </UnitOfMeasure><QtyInPackage>לא ידוע</QtyInPackage><UnitOfMeasurePrice>0.1137</UnitOfMeasurePrice><AllowDiscount>1</AllowDiscount><ItemStatus>1</ItemStatus><ItemPrice>9.10</ItemPrice></item><item><PriceUpdateDate>2015-11-12 17:24:22</PriceUpdateDate><ItemCode>7290011254490</ItemCode><ItemType>1</ItemType><ItemName>סוכריות ללא סוכר פיר</ItemName><ManufacturerName>מיה</ManufacturerName><ManufactureCountry>ישראל</ManufactureCountry><ManufacturerItemDescription>סוכריות ללא סוכר פיר</ManufacturerItemDescription><SoldByWeight/><Quantity>80.00</Quantity><UnitOfMeasure>גרם     </UnitOfMeasure><QtyInPackage>לא ידוע</QtyInPackage><UnitOfMeasurePrice>0.1137</UnitOfMeasurePrice><AllowDiscount>1</AllowDiscount><ItemStatus>1</ItemStatus><ItemPrice>9.10</ItemPrice></item><item><PriceUpdateDate>2016-05-30 22:04:32</PriceUpdateDate><ItemCode>7290011254773</ItemCode><ItemType>1</ItemType><ItemName>שעועית ארגנטינאית 50</ItemName><ManufacturerName>מיה</ManufacturerName><ManufactureCountry>ישראל</ManufactureCountry><ManufacturerItemDescription>שעועית ארגנטינאית 50</ManufacturerItemDescription><SoldByWeight/><Quantity>500.00</Quantity><UnitOfMeasure>גרם     </UnitOfMeasure><QtyInPackage>לא ידוע</QtyInPackage><UnitOfMeasurePrice>0.0260</UnitOfMeasurePrice><AllowDiscount>1</AllowDiscount><ItemStatus>1</ItemStatus><ItemPrice>13.00</ItemPrice></item><item><PriceUpdateDate>2016-05-30 22:04:32</PriceUpdateDate><ItemCode>7290011282233</ItemCode><ItemType>1</ItemType><ItemName>מסיר שומנים 750 מ"ל</ItemName><ManufacturerName>"המותג"</ManufacturerName><ManufactureCountry>ישראל</ManufactureCountry><ManufacturerItemDescription>מסיר שומנים 750 מ"ל</ManufacturerItemDescription><SoldByWeight/><Quantity>750.00</Quantity><UnitOfMeasure>מ"ל</UnitOfMeasure><QtyInPackage>לא ידוע</QtyInPackage><UnitOfMeasurePrice>0.0172</UnitOfMeasurePrice><AllowDiscount>1</AllowDiscount><ItemStatus>1</ItemStatus><ItemPrice>12.90</ItemPrice></item><item><PriceUpdateDate>2016-01-25 10:38:15</PriceUpdateDate><ItemCode>7290011282356</ItemCode><ItemType>1</ItemType><ItemName>מרכך כביסה ירוק  4 ל</ItemName><ManufacturerName>"המותג"</ManufacturerName><ManufactureCountry>ישראל</ManufactureCountry><ManufacturerItemDescription>מרכך כביסה ירוק  4 ל</ManufacturerItemDescription><SoldByWeight/><Quantity>4000.00</Quantity><UnitOfMeasure>מ"ל</UnitOfMeasure><QtyInPackage>לא ידוע</QtyInPackage><UnitOfMeasurePrice>0.0035</UnitOfMeasurePrice><AllowDiscount>1</AllowDiscount><ItemStatus>1</ItemStatus><ItemPrice>13.90</ItemPrice></item><item><PriceUpdateDate>2015-11-10 09:53:02</PriceUpdateDate><ItemCode>7290011282387</ItemCode><ItemType>1</ItemType><ItemName>נוזל אסלות 1 ליטר המ</ItemName><ManufacturerName>"המותג"</ManufacturerName><ManufactureCountry>ישראל</ManufactureCountry><ManufacturerItemDescription>נוזל אסלות 1 ליטר המ</ManufacturerItemDescription><SoldByWeight/><Quantity>1000.00</Quantity><UnitOfMeasure>מ"ל</UnitOfMeasure><QtyInPackage>לא ידוע</QtyInPackage><UnitOfMeasurePrice>0.0064</UnitOfMeasurePrice><AllowDiscount>1</AllowDiscount><ItemStatus>1</ItemStatus><ItemPrice>6.40</ItemPrice></item><item><PriceUpdateDate>2016-01-25 10:38:15</PriceUpdateDate><ItemCode>7290011282936</ItemCode><ItemType>1</ItemType><ItemName>מרכך כביסה סגול  4 ל</ItemName><ManufacturerName>"המותג"</ManufacturerName><ManufactureCountry>ישראל</ManufactureCountry><ManufacturerItemDescription>מרכך כביסה סגול  4 ל</ManufacturerItemDescription><SoldByWeight/><Quantity>4000.00</Quantity><UnitOfMeasure>מ"ל</UnitOfMeasure><QtyInPackage>לא ידוע</QtyInPackage><UnitOfMeasurePrice>0.0035</UnitOfMeasurePrice><AllowDiscount>1</AllowDiscount><ItemStatus>1</ItemStatus><ItemPrice>13.90</ItemPrice></item><item><PriceUpdateDate>2016-01-05 08:49:38</PriceUpdateDate><ItemCode>7290011300975</ItemCode><ItemType>1</ItemType><ItemName>סבון נוזלי 500 מ"ל ו</ItemName><ManufacturerName>פנינה רוזנבלום</ManufacturerName><ManufactureCountry>ישראל</ManufactureCountry><ManufacturerItemDescription>סבון נוזלי 500 מ"ל ו</ManufacturerItemDescription><SoldByWeight/><Quantity>500.00</Quantity><UnitOfMeasure>מ"ל</UnitOfMeasure><QtyInPackage>לא ידוע</QtyInPackage><UnitOfMeasurePrice>0.0170</UnitOfMeasurePrice><AllowDiscount>1</AllowDiscount><ItemStatus>1</ItemStatus><ItemPrice>8.50</ItemPrice></item><item><PriceUpdateDate>2016-01-05 08:49:38</PriceUpdateDate><ItemCode>7290011300982</ItemCode><ItemType>1</ItemType><ItemName>סבון נוזלי 500 מ"ל כ</ItemName><ManufacturerName>פנינה רוזנבלום</ManufacturerName><ManufactureCountry>ישראל</ManufactureCountry><ManufacturerItemDescription>סבון נוזלי 500 מ"ל כ</ManufacturerItemDescription><SoldByWeight/><Quantity>500.00</Quantity><UnitOfMeasure>מ"ל</UnitOfMeasure><QtyInPackage>לא ידוע</QtyInPackage><UnitOfMeasurePrice>0.0170</UnitOfMeasurePrice><AllowDiscount>1</AllowDiscount><ItemStatus>1</ItemStatus><ItemPrice>8.50</ItemPrice></item><item><PriceUpdateDate>2015-11-12 14:30:51</PriceUpdateDate><ItemCode>7290011308094</ItemCode><ItemType>1</ItemType><ItemName>בייגלה ביג ביג חיטה</ItemName><ManufacturerName>בייגל בייגל</ManufacturerName><ManufactureCountry>ישראל</ManufactureCountry><ManufacturerItemDescription>בייגלה ביג ביג חיטה</ManufacturerItemDescription><SoldByWeight/><Quantity>150.00</Quantity><UnitOfMeasure>גרם     </UnitOfMeasure><QtyInPackage>לא ידוע</QtyInPackage><UnitOfMeasurePrice>0.0487</UnitOfMeasurePrice><AllowDiscount>1</AllowDiscount><ItemStatus>1</ItemStatus><ItemPrice>7.30</ItemPrice></item><item><PriceUpdateDate>2016-05-01 21:46:59</PriceUpdateDate><ItemCode>7290011378776</ItemCode><ItemType>1</ItemType><ItemName>מאגדת 6 יחידות חטיף</ItemName><ManufacturerName>בארכה</ManufacturerName><ManufactureCountry>ישראל</ManufactureCountry><ManufacturerItemDescription>מאגדת חטיף חלבה פיסטוק</ManufacturerItemDescription><SoldByWeight/><Quantity>120.00</Quantity><UnitOfMeasure>גרם     </UnitOfMeasure><QtyInPackage>לא ידוע</QtyInPackage><UnitOfMeasurePrice>0.1158</UnitOfMeasurePrice><AllowDiscount>1</AllowDiscount><ItemStatus>1</ItemStatus><ItemPrice>13.90</ItemPrice></item><item><PriceUpdateDate>2016-05-01 21:46:59</PriceUpdateDate><ItemCode>7290011378950</ItemCode><ItemType>1</ItemType><ItemName>מאגדת 6 יחידות חטיף</ItemName><ManufacturerName>בארכה</ManufacturerName><ManufactureCountry>ישראל</ManufactureCountry><ManufacturerItemDescription>מאגדת חטיף חלבה וניל עם פ</ManufacturerItemDescription><SoldByWeight/><Quantity>120.00</Quantity><UnitOfMeasure>גרם     </UnitOfMeasure><QtyInPackage>לא ידוע</QtyInPackage><UnitOfMeasurePrice>0.1158</UnitOfMeasurePrice><AllowDiscount>1</AllowDiscount><ItemStatus>1</ItemStatus><ItemPrice>13.90</ItemPrice></item><item><PriceUpdateDate>2015-11-16 09:47:12</PriceUpdateDate><ItemCode>7290011438128</ItemCode><ItemType>1</ItemType><ItemName>שוקו בבקבוק 350 מ''ל</ItemName><ManufacturerName>יטבתה</ManufacturerName><ManufactureCountry>ישראל</ManufactureCountry><ManufacturerItemDescription>שוקו 350 מל</ManufacturerItemDescription><SoldByWeight/><Quantity>350.00</Quantity><UnitOfMeasure>מ"ל</UnitOfMeasure><QtyInPackage>לא ידוע</QtyInPackage><UnitOfMeasurePrice>0.0189</UnitOfMeasurePrice><AllowDiscount>1</AllowDiscount><ItemStatus>1</ItemStatus><ItemPrice>6.60</ItemPrice></item><item><PriceUpdateDate>2015-11-16 09:47:12</PriceUpdateDate><ItemCode>7290011438142</ItemCode><ItemType>1</ItemType><ItemName>משקה חלב אייס קפה 35</ItemName><ManufacturerName>יטבתה</ManufacturerName><ManufactureCountry>ישראל</ManufactureCountry><ManufacturerItemDescription>משקה חלב קפה 350 מל</ManufacturerItemDescription><SoldByWeight/><Quantity>350.00</Quantity><UnitOfMeasure>מ"ל</UnitOfMeasure><QtyInPackage>לא ידוע</QtyInPackage><UnitOfMeasurePrice>0.0189</UnitOfMeasurePrice><AllowDiscount>1</AllowDiscount><ItemStatus>1</ItemStatus><ItemPrice>6.60</ItemPrice></item><item><PriceUpdateDate>2015-07-13 08:03:43</PriceUpdateDate><ItemCode>7290011438395</ItemCode><ItemType>1</ItemType><ItemName>מארז שוקו פקק בקבוק</ItemName><ManufacturerName>יטבתה</ManufacturerName><ManufactureCountry>ישראל</ManufactureCountry><ManufacturerItemDescription>מארז שוקו פקק בקבוק</ManufacturerItemDescription><SoldByWeight/><Quantity>1500.00</Quantity><UnitOfMeasure>מ"ל</UnitOfMeasure><QtyInPackage>לא ידוע</QtyInPackage><UnitOfMeasurePrice>0.0199</UnitOfMeasurePrice><AllowDiscount>1</AllowDiscount><ItemStatus>1</ItemStatus><ItemPrice>29.90</ItemPrice></item><item><PriceUpdateDate>2015-10-20 16:43:50</PriceUpdateDate><ItemCode>7290011438470</ItemCode><ItemType>1</ItemType><ItemName>מילקשייק שוקו עם סיר</ItemName><ManufacturerName>יטבתה</ManufacturerName><ManufactureCountry>ישראל</ManufactureCountry><ManufacturerItemDescription>מילקשייק שוקו סירופ שוקול</ManufacturerItemDescription><SoldByWeight/><Quantity>350.00</Quantity><UnitOfMeasure>מ"ל</UnitOfMeasure><QtyInPackage>לא ידוע</QtyInPackage><UnitOfMeasurePrice>0.0203</UnitOfMeasurePrice><AllowDiscount>1</AllowDiscount><ItemStatus>1</ItemStatus><ItemPrice>7.10</ItemPrice></item><item><PriceUpdateDate>2015-10-20 16:43:50</PriceUpdateDate><ItemCode>7290011438487</ItemCode><ItemType>1</ItemType><ItemName>מילקשייק וניל עם סיר</ItemName><ManufacturerName>יטבתה</ManufacturerName><ManufactureCountry>ישראל</ManufactureCountry><ManufacturerItemDescription>מילקשייק וניל עם סיר</ManufacturerItemDescription><SoldByWeight/><Quantity>350.00</Quantity><UnitOfMeasure>מ"ל</UnitOfMeasure><QtyInPackage>לא ידוע</QtyInPackage><UnitOfMeasurePrice>0.0203</UnitOfMeasurePrice><AllowDiscount>1</AllowDiscount><ItemStatus>1</ItemStatus><ItemPrice>7.10</ItemPrice></item><item><PriceUpdateDate>2015-11-16 09:47:12</PriceUpdateDate><ItemCode>7290011438517</ItemCode><ItemType>1</ItemType><ItemName>שוקו בבקבוק מארז 8 *</ItemName><ManufacturerName>יטבתה</ManufacturerName><ManufactureCountry>ישראל</ManufactureCountry><ManufacturerItemDescription>מארז שוקו בבקבוק עם פקק 8</ManufacturerItemDescription><SoldByWeight/><Quantity>1200.00</Quantity><UnitOfMeasure>מ"ל</UnitOfMeasure><QtyInPackage>לא ידוע</QtyInPackage><UnitOfMeasurePrice>0.0173</UnitOfMeasurePrice><AllowDiscount>1</AllowDiscount><ItemStatus>1</ItemStatus><ItemPrice>20.80</ItemPrice></item><item><PriceUpdateDate>2016-05-30 22:04:33</PriceUpdateDate><ItemCode>7290011447304</ItemCode><ItemType>1</ItemType><ItemName>מטרנה חלבי שלב 3 700</ItemName><ManufacturerName>מטרנה</ManufacturerName><ManufactureCountry>ישראל</ManufactureCountry><ManufacturerItemDescription>מטרנה חלבי שלב 3 700</ManufacturerItemDescription><SoldByWeight/><Quantity>700.00</Quantity><UnitOfMeasure>גרם     </UnitOfMeasure><QtyInPackage>לא ידוע</QtyInPackage><UnitOfMeasurePrice>0.0784</UnitOfMeasurePrice><AllowDiscount>1</AllowDiscount><ItemStatus>1</ItemStatus><ItemPrice>54.90</ItemPrice></item><item><PriceUpdateDate>2016-03-16 15:40:47</PriceUpdateDate><ItemCode>7290011447373</ItemCode><ItemType>1</ItemType><ItemName>מטרנה מהדרין שלב 2 7</ItemName><ManufacturerName>מטרנה</ManufacturerName><ManufactureCountry>ישראל</ManufactureCountry><ManufacturerItemDescription>מטרנה מהדרין שלב 2 7</ManufacturerItemDescription><SoldByWeight/><Quantity>700.00</Quantity><UnitOfMeasure>גרם     </UnitOfMeasure><QtyInPackage>לא ידוע</QtyInPackage><UnitOfMeasurePrice>0.0741</UnitOfMeasurePrice><AllowDiscount>1</AllowDiscount><ItemStatus>1</ItemStatus><ItemPrice>51.90</ItemPrice></item><item><PriceUpdateDate>2015-11-12 17:29:26</PriceUpdateDate><ItemCode>7290011447908</ItemCode><ItemType>1</ItemType><ItemName>סופר קט עוף כבד 3 ק"</ItemName><ManufacturerName>סופר קאט</ManufacturerName><ManufactureCountry>ישראל</ManufactureCountry><ManufacturerItemDescription>סופר קט עוף כבד 3 ק"</ManufacturerItemDescription><SoldByWeight/><Quantity>3000.00</Quantity><UnitOfMeasure>גרם     </UnitOfMeasure><QtyInPackage>לא ידוע</QtyInPackage><UnitOfMeasurePrice>0.0167</UnitOfMeasurePrice><AllowDiscount>1</AllowDiscount><ItemStatus>1</ItemStatus><ItemPrice>50.10</ItemPrice></item><item><PriceUpdateDate>2015-11-12 17:27:24</PriceUpdateDate><ItemCode>7290011459031</ItemCode><ItemType>1</ItemType><ItemName>נופר אטבים כחול לבן</ItemName><ManufacturerName>לא ממותג</ManufacturerName><ManufactureCountry>ישראל</ManufactureCountry><ManufacturerItemDescription>נופר אטבים כחול לבן</ManufacturerItemDescription><SoldByWeight/><Quantity>1.00</Quantity><UnitOfMeasure>0</UnitOfMeasure><QtyInPackage>לא ידוע</QtyInPackage><UnitOfMeasurePrice>6.1000</UnitOfMeasurePrice><AllowDiscount>1</AllowDiscount><ItemStatus>1</ItemStatus><ItemPrice>6.10</ItemPrice></item><item><PriceUpdateDate>2014-11-26 06:32:47</PriceUpdateDate><ItemCode>7290011459123</ItemCode><ItemType>1</ItemType><ItemName>מברשת מגהץ סגורה מינ</ItemName><ManufacturerName>לא ממותג</ManufacturerName><ManufactureCountry>ישראל</ManufactureCountry><ManufacturerItemDescription>מברשת מגהץ סגורה מינ</ManufacturerItemDescription><SoldByWeight/><Quantity>1.00</Quantity><UnitOfMeasure>0</UnitOfMeasure><QtyInPackage>לא ידוע</QtyInPackage><UnitOfMeasurePrice>4.9000</UnitOfMeasurePrice><AllowDiscount>1</AllowDiscount><ItemStatus>1</ItemStatus><ItemPrice>4.90</ItemPrice></item><item><PriceUpdateDate>2014-11-26 06:32:47</PriceUpdateDate><ItemCode>7290011459253</ItemCode><ItemType>1</ItemType><ItemName>מגב שטיפה 55  איכותי</ItemName><ManufacturerName>לא ממותג</ManufacturerName><ManufactureCountry>ישראל</ManufactureCountry><ManufacturerItemDescription>מגב שטיפה 55  איכותי</ManufacturerItemDescription><SoldByWeight/><Quantity>0.00</Quantity><UnitOfMeasure>0</UnitOfMeasure><QtyInPackage>לא ידוע</QtyInPackage><UnitOfMeasurePrice>0.0000</UnitOfMeasurePrice><AllowDiscount>1</AllowDiscount><ItemStatus>1</ItemStatus><ItemPrice>26.90</ItemPrice></item><item><PriceUpdateDate>2016-03-09 12:01:08</PriceUpdateDate><ItemCode>7290011459314</ItemCode><ItemType>1</ItemType><ItemName>מטאטא לקה + מקל מתכת</ItemName><ManufacturerName>לא ממותג</ManufacturerName><ManufactureCountry>ישראל</ManufactureCountry><ManufacturerItemDescription>מטאטא לקה + מקל מתכת</ManufacturerItemDescription><SoldByWeight/><Quantity>0.00</Quantity><UnitOfMeasure>0</UnitOfMeasure><QtyInPackage>לא ידוע</QtyInPackage><UnitOfMeasurePrice>0.0000</UnitOfMeasurePrice><AllowDiscount>1</AllowDiscount><ItemStatus>1</ItemStatus><ItemPrice>19.90</ItemPrice></item><item><PriceUpdateDate>2014-11-26 06:32:47</PriceUpdateDate><ItemCode>7290011459376</ItemCode><ItemType>1</ItemType><ItemName>סט שירותים מונו מפוא</ItemName><ManufacturerName>לא ממותג</ManufacturerName><ManufactureCountry>ישראל</ManufactureCountry><ManufacturerItemDescription>סט שירותים מונו מפוא</ManufacturerItemDescription><SoldByWeight/><Quantity>1.00</Quantity><UnitOfMeasure>0</UnitOfMeasure><QtyInPackage>לא ידוע</QtyInPackage><UnitOfMeasurePrice>19.9000</UnitOfMeasurePrice><AllowDiscount>1</AllowDiscount><ItemStatus>1</ItemStatus><ItemPrice>19.90</ItemPrice></item><item><PriceUpdateDate>2014-11-26 06:32:47</PriceUpdateDate><ItemCode>7290011459529</ItemCode><ItemType>1</ItemType><ItemName>מגב חלון מפואר</ItemName><ManufacturerName>לא ממותג</ManufacturerName><ManufactureCountry>ישראל</ManufactureCountry><ManufacturerItemDescription>מגב חלון מפואר</ManufacturerItemDescription><SoldByWeight/><Quantity>1.00</Quantity><UnitOfMeasure>0</UnitOfMeasure><QtyInPackage>לא ידוע</QtyInPackage><UnitOfMeasurePrice>11.9000</UnitOfMeasurePrice><AllowDiscount>1</AllowDiscount><ItemStatus>1</ItemStatus><ItemPrice>11.90</ItemPrice></item><item><PriceUpdateDate>2014-11-27 08:41:04</PriceUpdateDate><ItemCode>7290011459642</ItemCode><ItemType>1</ItemType><ItemName>סט קולבים איכותי 6 י</ItemName><ManufacturerName>לא ממותג</ManufacturerName><ManufactureCountry>ישראל</ManufactureCountry><ManufacturerItemDescription>סט קולבים איכותי 6 י</ManufacturerItemDescription><SoldByWeight/><Quantity>1.00</Quantity><UnitOfMeasure>0</UnitOfMeasure><QtyInPackage>לא ידוע</QtyInPackage><UnitOfMeasurePrice>10.9000</UnitOfMeasurePrice><AllowDiscount>1</AllowDiscount><ItemStatus>1</ItemStatus><ItemPrice>10.90</ItemPrice></item><item><PriceUpdateDate>2014-11-27 08:41:04</PriceUpdateDate><ItemCode>7290011459949</ItemCode><ItemType>1</ItemType><ItemName>נופר מפיות מועצבות א</ItemName><ManufacturerName>לא ממותג</ManufacturerName><ManufactureCountry>ישראל</ManufactureCountry><ManufacturerItemDescription>נופר מפיות מועצבות א</ManufacturerItemDescription><SoldByWeight/><Quantity>0.00</Quantity><UnitOfMeasure>0</UnitOfMeasure><QtyInPackage>לא ידוע</QtyInPackage><UnitOfMeasurePrice>0.0000</UnitOfMeasurePrice><AllowDiscount>1</AllowDiscount><ItemStatus>1</ItemStatus><ItemPrice>5.90</ItemPrice></item><item><PriceUpdateDate>2016-05-30 22:04:33</PriceUpdateDate><ItemCode>7290011468002</ItemCode><ItemType>1</ItemType><ItemName>מב טחינה הנסיך 500 ג</ItemName><ManufacturerName>הנסיך</ManufacturerName><ManufactureCountry>ישראל</ManufactureCountry><ManufacturerItemDescription>טחינה הנסיך 100% טהור 500</ManufacturerItemDescription><SoldByWeight/><Quantity>500.00</Quantity><UnitOfMeasure>גרם     </UnitOfMeasure><QtyInPackage>לא ידוע</QtyInPackage><UnitOfMeasurePrice>0.0258</UnitOfMeasurePrice><AllowDiscount>1</AllowDiscount><ItemStatus>1</ItemStatus><ItemPrice>12.90</ItemPrice></item><item><PriceUpdateDate>2016-05-30 22:04:33</PriceUpdateDate><ItemCode>7290011468026</ItemCode><ItemType>1</ItemType><ItemName>מב טחינה הנסיך שומשו</ItemName><ManufacturerName>הנסיך</ManufacturerName><ManufactureCountry>ישראל</ManufactureCountry><ManufacturerItemDescription>טחינה הנסיך שומשום מלא 50</ManufacturerItemDescription><SoldByWeight/><Quantity>500.00</Quantity><UnitOfMeasure>גרם     </UnitOfMeasure><QtyInPackage>לא ידוע</QtyInPackage><UnitOfMeasurePrice>0.0258</UnitOfMeasurePrice><AllowDiscount>1</AllowDiscount><ItemStatus>1</ItemStatus><ItemPrice>12.90</ItemPrice></item><item><PriceUpdateDate>2016-02-18 10:36:17</PriceUpdateDate><ItemCode>7290011486594</ItemCode><ItemType>1</ItemType><ItemName>מרשמלו ורוד לבן בד"צ</ItemName><ManufacturerName>כרמית</ManufacturerName><ManufactureCountry>ישראל</ManufactureCountry><ManufacturerItemDescription>מרשמלו ורוד לבן בד"צ</ManufacturerItemDescription><SoldByWeight/><Quantity>180.00</Quantity><UnitOfMeasure>גרם     </UnitOfMeasure><QtyInPackage>לא ידוע</QtyInPackage><UnitOfMeasurePrice>0.0400</UnitOfMeasurePrice><AllowDiscount>1</AllowDiscount><ItemStatus>1</ItemStatus><ItemPrice>7.20</ItemPrice></item><item><PriceUpdateDate>2016-03-29 06:17:26</PriceUpdateDate><ItemCode>7290011499105</ItemCode><ItemType>1</ItemType><ItemName>גבינה בולגרית 5% 250</ItemName><ManufacturerName>גד</ManufacturerName><ManufactureCountry>ישראל</ManufactureCountry><ManufacturerItemDescription>גבינה בולגרית 250 5% גרם</ManufacturerItemDescription><SoldByWeight/><Quantity>250.00</Quantity><UnitOfMeasure>גרם     </UnitOfMeasure><QtyInPackage>לא ידוע</QtyInPackage><UnitOfMeasurePrice>0.0996</UnitOfMeasurePrice><AllowDiscount>0</AllowDiscount><ItemStatus>1</ItemStatus><ItemPrice>24.90</ItemPrice></item><item><PriceUpdateDate>2016-01-05 08:49:39</PriceUpdateDate><ItemCode>7290011499129</ItemCode><ItemType>1</ItemType><ItemName>גבינה בולגרית קוביות</ItemName><ManufacturerName>גד</ManufacturerName><ManufactureCountry>ישראל</ManufactureCountry><ManufacturerItemDescription>גבינה בולגרית קוביות 5% מ</ManufacturerItemDescription><SoldByWeight/><Quantity>200.00</Quantity><UnitOfMeasure>גרם     </UnitOfMeasure><QtyInPackage>לא ידוע</QtyInPackage><UnitOfMeasurePrice>0.1235</UnitOfMeasurePrice><AllowDiscount>1</AllowDiscount><ItemStatus>1</ItemStatus><ItemPrice>24.70</ItemPrice></item><item><PriceUpdateDate>2015-11-12 17:26:03</PriceUpdateDate><ItemCode>7290011499273</ItemCode><ItemType>1</ItemType><ItemName>גבינת ריקוטה מלוחה 2</ItemName><ManufacturerName>גד</ManufacturerName><ManufactureCountry>ישראל</ManufactureCountry><ManufacturerItemDescription>גבינה ריקוטה מלוחה 250 גר</ManufacturerItemDescription><SoldByWeight/><Quantity>250.00</Quantity><UnitOfMeasure>גרם     </UnitOfMeasure><QtyInPackage>לא ידוע</QtyInPackage><UnitOfMeasurePrice>0.0660</UnitOfMeasurePrice><AllowDiscount>1</AllowDiscount><ItemStatus>1</ItemStatus><ItemPrice>16.50</ItemPrice></item><item><PriceUpdateDate>2014-11-03 06:37:36</PriceUpdateDate><ItemCode>7290011499303</ItemCode><ItemType>1</ItemType><ItemName>גבינה בולגרית עיזים</ItemName><ManufacturerName>גד</ManufacturerName><ManufactureCountry>ישראל</ManufactureCountry><ManufacturerItemDescription>גבינה בולגרית 5% עזים 250</ManufacturerItemDescription><SoldByWeight/><Quantity>250.00</Quantity><UnitOfMeasure>גרם     </UnitOfMeasure><QtyInPackage>לא ידוע</QtyInPackage><UnitOfMeasurePrice>0.1332</UnitOfMeasurePrice><AllowDiscount>1</AllowDiscount><ItemStatus>1</ItemStatus><ItemPrice>33.30</ItemPrice></item><item><PriceUpdateDate>2016-03-29 06:17:26</PriceUpdateDate><ItemCode>7290011499327</ItemCode><ItemType>1</ItemType><ItemName>גבינה בולגרית בקר מע</ItemName><ManufacturerName>גד</ManufacturerName><ManufactureCountry>ישראל</ManufactureCountry><ManufacturerItemDescription>גבינה בולגרית מעודנת 250</ManufacturerItemDescription><SoldByWeight/><Quantity>250.00</Quantity><UnitOfMeasure>גרם     </UnitOfMeasure><QtyInPackage>לא ידוע</QtyInPackage><UnitOfMeasurePrice>0.1028</UnitOfMeasurePrice><AllowDiscount>1</AllowDiscount><ItemStatus>1</ItemStatus><ItemPrice>25.70</ItemPrice></item><item><PriceUpdateDate>2015-11-12 17:26:03</PriceUpdateDate><ItemCode>7290011499341</ItemCode><ItemType>1</ItemType><ItemName>גבינה קשקבל 250 גרם</ItemName><ManufacturerName>גד</ManufacturerName><ManufactureCountry>ישראל</ManufactureCountry><ManufacturerItemDescription>גבינה קשקאבל 250 גרם</ManufacturerItemDescription><SoldByWeight/><Quantity>250.00</Quantity><UnitOfMeasure>גרם     </UnitOfMeasure><QtyInPackage>לא ידוע</QtyInPackage><UnitOfMeasurePrice>0.1480</UnitOfMeasurePrice><AllowDiscount>1</AllowDiscount><ItemStatus>1</ItemStatus><ItemPrice>37.00</ItemPrice></item><item><PriceUpdateDate>2015-11-12 17:26:03</PriceUpdateDate><ItemCode>7290011499365</ItemCode><ItemType>1</ItemType><ItemName>גבינה חלומי 200 גרם</ItemName><ManufacturerName>גד</ManufacturerName><ManufactureCountry>ישראל</ManufactureCountry><ManufacturerItemDescription>גבינה חלומי 200 גרם</ManufacturerItemDescription><SoldByWeight/><Quantity>200.00</Quantity><UnitOfMeasure>גרם     </UnitOfMeasure><QtyInPackage>לא ידוע</QtyInPackage><UnitOfMeasurePrice>0.1285</UnitOfMeasurePrice><AllowDiscount>1</AllowDiscount><ItemStatus>1</ItemStatus><ItemPrice>25.70</ItemPrice></item><item><PriceUpdateDate>2016-05-30 22:04:33</PriceUpdateDate><ItemCode>7290011499419</ItemCode><ItemType>1</ItemType><ItemName>גבינת שמנת 5% טבעי 2</ItemName><ManufacturerName>גד</ManufacturerName><ManufactureCountry>ישראל</ManufactureCountry><ManufacturerItemDescription>גבינת קרם שמנת 200 5% גרם</ManufacturerItemDescription><SoldByWeight/><Quantity>200.00</Quantity><UnitOfMeasure>גרם     </UnitOfMeasure><QtyInPackage>לא ידוע</QtyInPackage><UnitOfMeasurePrice>0.0660</UnitOfMeasurePrice><AllowDiscount>1</AllowDiscount><ItemStatus>1</ItemStatus><ItemPrice>13.20</ItemPrice></item><item><PriceUpdateDate>2016-05-30 22:04:33</PriceUpdateDate><ItemCode>7290011499433</ItemCode><ItemType>1</ItemType><ItemName>גבינת שמנת זיתים 5%</ItemName><ManufacturerName>גד</ManufacturerName><ManufactureCountry>ישראל</ManufactureCountry><ManufacturerItemDescription>גבינה שמנת 5% זיתים 200 ג</ManufacturerItemDescription><SoldByWeight/><Quantity>200.00</Quantity><UnitOfMeasure>גרם     </UnitOfMeasure><QtyInPackage>לא ידוע</QtyInPackage><UnitOfMeasurePrice>0.0660</UnitOfMeasurePrice><AllowDiscount>1</AllowDiscount><ItemStatus>1</ItemStatus><ItemPrice>13.20</ItemPrice></item><item><PriceUpdateDate>2016-05-30 22:04:33</PriceUpdateDate><ItemCode>7290011499440</ItemCode><ItemType>1</ItemType><ItemName>גבינת שמנת טוסקנה 5%</ItemName><ManufacturerName>גד</ManufacturerName><ManufactureCountry>ישראל</ManufactureCountry><ManufacturerItemDescription>גבינה שמנת 5% טוסקנה 200</ManufacturerItemDescription><SoldByWeight/><Quantity>200.00</Quantity><UnitOfMeasure>גרם     </UnitOfMeasure><QtyInPackage>לא ידוע</QtyInPackage><UnitOfMeasurePrice>0.0660</UnitOfMeasurePrice><AllowDiscount>1</AllowDiscount><ItemStatus>1</ItemStatus><ItemPrice>13.20</ItemPrice></item><item><PriceUpdateDate>2016-05-30 22:04:33</PriceUpdateDate><ItemCode>7290011499525</ItemCode><ItemType>1</ItemType><ItemName>לאבנה 9% 500 גרם</ItemName><ManufacturerName>גד</ManufacturerName><ManufactureCountry>ישראל</ManufactureCountry><ManufacturerItemDescription>לאבנה 500 9% גר</ManufacturerItemDescription><SoldByWeight/><Quantity>500.00</Quantity><UnitOfMeasure>גרם     </UnitOfMeasure><QtyInPackage>לא ידוע</QtyInPackage><UnitOfMeasurePrice>0.0434</UnitOfMeasurePrice><AllowDiscount>1</AllowDiscount><ItemStatus>1</ItemStatus><ItemPrice>21.70</ItemPrice></item><item><PriceUpdateDate>2016-03-29 06:17:26</PriceUpdateDate><ItemCode>7290011499846</ItemCode><ItemType>1</ItemType><ItemName>ריקוטה פרסקה 300 גרם</ItemName><ManufacturerName>גד</ManufacturerName><ManufactureCountry>ישראל</ManufactureCountry><ManufacturerItemDescription>ריקוטה פרסקה 300 9% גר</ManufacturerItemDescription><SoldByWeight/><Quantity>300.00</Quantity><UnitOfMeasure>גרם     </UnitOfMeasure><QtyInPackage>לא ידוע</QtyInPackage><UnitOfMeasurePrice>0.0663</UnitOfMeasurePrice><AllowDiscount>1</AllowDiscount><ItemStatus>1</ItemStatus><ItemPrice>19.90</ItemPrice></item><item><PriceUpdateDate>2016-03-01 06:43:41</PriceUpdateDate><ItemCode>7290011501020</ItemCode><ItemType>1</ItemType><ItemName>משמש 400 גרם המותג</ItemName><ManufacturerName>"המותג"</ManufacturerName><ManufactureCountry>לא ידוע</ManufactureCountry><ManufacturerItemDescription>משמש 400 גרם המותג</ManufacturerItemDescription><SoldByWeight/><Quantity>400.00</Quantity><UnitOfMeasure>גרם     </UnitOfMeasure><QtyInPackage>לא ידוע</QtyInPackage><UnitOfMeasurePrice>0.0572</UnitOfMeasurePrice><AllowDiscount>1</AllowDiscount><ItemStatus>1</ItemStatus><ItemPrice>22.90</ItemPrice></item><item><PriceUpdateDate>2016-03-01 06:54:46</PriceUpdateDate><ItemCode>7290011501082</ItemCode><ItemType>1</ItemType><ItemName>תמר מג'הול 400 גרם ה</ItemName><ManufacturerName>"המותג"</ManufacturerName><ManufactureCountry>לא ידוע</ManufactureCountry><ManufacturerItemDescription>תמר מג'הול 400 גרם ה</ManufacturerItemDescription><SoldByWeight/><Quantity>400.00</Quantity><UnitOfMeasure>גרם     </UnitOfMeasure><QtyInPackage>לא ידוע</QtyInPackage><UnitOfMeasurePrice>0.0348</UnitOfMeasurePrice><AllowDiscount>1</AllowDiscount><ItemStatus>1</ItemStatus><ItemPrice>13.90</ItemPrice></item><item><PriceUpdateDate>2014-11-03 06:37:48</PriceUpdateDate><ItemCode>7290011505806</ItemCode><ItemType>1</ItemType><ItemName>קיסמי שיניים דנטאלי</ItemName><ManufacturerName>לא ממותג</ManufacturerName><ManufactureCountry>ישראל</ManufactureCountry><ManufacturerItemDescription>קיסמי שיניים דנטאלי</ManufacturerItemDescription><SoldByWeight/><Quantity>200.00</Quantity><UnitOfMeasure>בודד</UnitOfMeasure><QtyInPackage>לא ידוע</QtyInPackage><UnitOfMeasurePrice>0.0415</UnitOfMeasurePrice><AllowDiscount>1</AllowDiscount><ItemStatus>1</ItemStatus><ItemPrice>8.30</ItemPrice></item><item><PriceUpdateDate>2016-05-30 22:04:34</PriceUpdateDate><ItemCode>7290011518561</ItemCode><ItemType>1</ItemType><ItemName>מארז אקטימל תות 14 י</ItemName><ManufacturerName>אקטימל</ManufacturerName><ManufactureCountry>ישראל</ManufactureCountry><ManufacturerItemDescription>מארז אקטימל תות 14 י</ManufacturerItemDescription><SoldByWeight/><Quantity>1480.00</Quantity><UnitOfMeasure>מ"ל</UnitOfMeasure><QtyInPackage>לא ידוע</QtyInPackage><UnitOfMeasurePrice>0.0212</UnitOfMeasurePrice><AllowDiscount>1</AllowDiscount><ItemStatus>1</ItemStatus><ItemPrice>31.40</ItemPrice></item><item><PriceUpdateDate>2016-04-22 15:25:39</PriceUpdateDate><ItemCode>7290011524098</ItemCode><ItemType>1</ItemType><ItemName>ריבה דובדבן ויטה 680</ItemName><ManufacturerName>ויטה</ManufacturerName><ManufactureCountry>ישראל</ManufactureCountry><ManufacturerItemDescription>ריבה דובדבן ויטה 680</ManufacturerItemDescription><SoldByWeight/><Quantity>680.00</Quantity><UnitOfMeasure>גרם     </UnitOfMeasure><QtyInPackage>לא ידוע</QtyInPackage><UnitOfMeasurePrice>0.0135</UnitOfMeasurePrice><AllowDiscount>1</AllowDiscount><ItemStatus>1</ItemStatus><ItemPrice>9.20</ItemPrice></item><item><PriceUpdateDate>2015-11-12 17:22:51</PriceUpdateDate><ItemCode>7290011524135</ItemCode><ItemType>1</ItemType><ItemName>ריבה תות ויטה 680 גר</ItemName><ManufacturerName>ויטה</ManufacturerName><ManufactureCountry>ישראל</ManufactureCountry><ManufacturerItemDescription>ריבה תות ויטה 680 גר</ManufacturerItemDescription><SoldByWeight/><Quantity>680.00</Quantity><UnitOfMeasure>גרם     </UnitOfMeasure><QtyInPackage>לא ידוע</QtyInPackage><UnitOfMeasurePrice>0.0135</UnitOfMeasurePrice><AllowDiscount>1</AllowDiscount><ItemStatus>1</ItemStatus><ItemPrice>9.20</ItemPrice></item><item><PriceUpdateDate>2016-04-14 11:15:29</PriceUpdateDate><ItemCode>7290011524722</ItemCode><ItemType>1</ItemType><ItemName>סטייק צ'יפס 2 ק"ג "ה</ItemName><ManufacturerName>"המותג"</ManufacturerName><ManufactureCountry>ישראל</ManufactureCountry><ManufacturerItemDescription>סטייק צ'יפס 2 ק"ג "ה</ManufacturerItemDescription><SoldByWeight/><Quantity>2000.00</Quantity><UnitOfMeasure>גרם     </UnitOfMeasure><QtyInPackage>לא ידוע</QtyInPackage><UnitOfMeasurePrice>0.0109</UnitOfMeasurePrice><AllowDiscount>1</AllowDiscount><ItemStatus>1</ItemStatus><ItemPrice>21.90</ItemPrice></item><item><PriceUpdateDate>2015-05-06 12:14:43</PriceUpdateDate><ItemCode>7290011524746</ItemCode><ItemType>1</ItemType><ItemName>צ'יפס 700 גרם המותג</ItemName><ManufacturerName>"המותג"</ManufacturerName><ManufactureCountry>ישראל</ManufactureCountry><ManufacturerItemDescription>צ'יפס 700 גרם המותג</ManufacturerItemDescription><SoldByWeight/><Quantity>700.00</Quantity><UnitOfMeasure>גרם     </UnitOfMeasure><QtyInPackage>לא ידוע</QtyInPackage><UnitOfMeasurePrice>0.0127</UnitOfMeasurePrice><AllowDiscount>1</AllowDiscount><ItemStatus>1</ItemStatus><ItemPrice>8.90</ItemPrice></item><item><PriceUpdateDate>2015-02-24 06:39:44</PriceUpdateDate><ItemCode>7290011553364</ItemCode><ItemType>1</ItemType><ItemName>ציפוי לשניצל במיכל 4</ItemName><ManufacturerName>"המותג"</ManufacturerName><ManufactureCountry>ישראל</ManufactureCountry><ManufacturerItemDescription>ציפוי לשניצל במיכל 4</ManufacturerItemDescription><SoldByWeight/><Quantity>400.00</Quantity><UnitOfMeasure>גרם     </UnitOfMeasure><QtyInPackage>לא ידוע</QtyInPackage><UnitOfMeasurePrice>0.0223</UnitOfMeasurePrice><AllowDiscount>1</AllowDiscount><ItemStatus>1</ItemStatus><ItemPrice>8.90</ItemPrice></item><item><PriceUpdateDate>2014-11-03 06:38:06</PriceUpdateDate><ItemCode>7290011570088</ItemCode><ItemType>1</ItemType><ItemName>ריבת חלב ללא תוספת ס</ItemName><ManufacturerName>קונדיטור</ManufacturerName><ManufactureCountry>ישראל</ManufactureCountry><ManufacturerItemDescription>ריבת חלב ללא תוספת ס</ManufacturerItemDescription><SoldByWeight/><Quantity>300.00</Quantity><UnitOfMeasure>גרם     </UnitOfMeasure><QtyInPackage>לא ידוע</QtyInPackage><UnitOfMeasurePrice>0.0663</UnitOfMeasurePrice><AllowDiscount>1</AllowDiscount><ItemStatus>1</ItemStatus><ItemPrice>19.90</ItemPrice></item><item><PriceUpdateDate>2014-11-03 06:37:29</PriceUpdateDate><ItemCode>7290011575007</ItemCode><ItemType>1</ItemType><ItemName>הפי מרסס למטבח ולמיק</ItemName><ManufacturerName>הפי</ManufacturerName><ManufactureCountry>ישראל</ManufactureCountry><ManufacturerItemDescription>הפי מרסס למטבח ולמיק</ManufacturerItemDescription><SoldByWeight/><Quantity>750.00</Quantity><UnitOfMeasure>מ"ל</UnitOfMeasure><QtyInPackage>לא ידוע</QtyInPackage><UnitOfMeasurePrice>0.0292</UnitOfMeasurePrice><AllowDiscount>1</AllowDiscount><ItemStatus>1</ItemStatus><ItemPrice>21.90</ItemPrice></item><item><PriceUpdateDate>2016-05-30 22:04:34</PriceUpdateDate><ItemCode>7290011575854</ItemCode><ItemType>1</ItemType><ItemName>הפי טבליות למדיח קרי</ItemName><ManufacturerName>הפי</ManufacturerName><ManufactureCountry>ישראל</ManufactureCountry><ManufacturerItemDescription>הפי טבליות למדיח קרי</ManufacturerItemDescription><SoldByWeight/><Quantity>40.00</Quantity><UnitOfMeasure>יח'</UnitOfMeasure><QtyInPackage>לא ידוע</QtyInPackage><UnitOfMeasurePrice>0.9975</UnitOfMeasurePrice><AllowDiscount>1</AllowDiscount><ItemStatus>1</ItemStatus><ItemPrice>39.90</ItemPrice></item><item><PriceUpdateDate>2016-04-24 08:40:42</PriceUpdateDate><ItemCode>7290011587123</ItemCode><ItemType>1</ItemType><ItemName>קרם קוקוס 400 גרם</ItemName><ManufacturerName>תומר</ManufacturerName><ManufactureCountry>ישראל</ManufactureCountry><ManufacturerItemDescription>קרם קוקוס 400 גרם</ManufacturerItemDescription><SoldByWeight/><Quantity>400.00</Quantity><UnitOfMeasure>גרם     </UnitOfMeasure><QtyInPackage>לא ידוע</QtyInPackage><UnitOfMeasurePrice>0.0217</UnitOfMeasurePrice><AllowDiscount>1</AllowDiscount><ItemStatus>1</ItemStatus><ItemPrice>8.70</ItemPrice></item><item><PriceUpdateDate>2016-04-26 09:39:21</PriceUpdateDate><ItemCode>7290011587130</ItemCode><ItemType>1</ItemType><ItemName>חלב קוקוס 400 גרם</ItemName><ManufacturerName>לא ממותג</ManufacturerName><ManufactureCountry>ישראל</ManufactureCountry><ManufacturerItemDescription>חלב קוקוס 400 גרם</ManufacturerItemDescription><SoldByWeight/><Quantity>400.00</Quantity><UnitOfMeasure>גרם     </UnitOfMeasure><QtyInPackage>לא ידוע</QtyInPackage><UnitOfMeasurePrice>0.0242</UnitOfMeasurePrice><AllowDiscount>1</AllowDiscount><ItemStatus>1</ItemStatus><ItemPrice>9.70</ItemPrice></item><item><PriceUpdateDate>2015-11-12 14:50:12</PriceUpdateDate><ItemCode>7290011587598</ItemCode><ItemType>1</ItemType><ItemName>פילה אנשובי 45 גרם ת</ItemName><ManufacturerName>תומר</ManufacturerName><ManufactureCountry>ישראל</ManufactureCountry><ManufacturerItemDescription>פילה אנשובי 45 גרם ת</ManufacturerItemDescription><SoldByWeight/><Quantity>45.00</Quantity><UnitOfMeasure>גרם     </UnitOfMeasure><QtyInPackage>לא ידוע</QtyInPackage><UnitOfMeasurePrice>0.1978</UnitOfMeasurePrice><AllowDiscount>1</AllowDiscount><ItemStatus>1</ItemStatus><ItemPrice>8.90</ItemPrice></item><item><PriceUpdateDate>2015-10-22 16:04:51</PriceUpdateDate><ItemCode>7290011587611</ItemCode><ItemType>1</ItemType><ItemName>מקרל מרוקאי בשמן 125</ItemName><ManufacturerName>תומר</ManufacturerName><ManufactureCountry>ישראל</ManufactureCountry><ManufacturerItemDescription>מקרל מרוקאי בשמן 125</ManufacturerItemDescription><SoldByWeight/><Quantity>14.00</Quantity><UnitOfMeasure>גרם     </UnitOfMeasure><QtyInPackage>לא ידוע</QtyInPackage><UnitOfMeasurePrice>0.4714</UnitOfMeasurePrice><AllowDiscount>1</AllowDiscount><ItemStatus>1</ItemStatus><ItemPrice>6.60</ItemPrice></item><item><PriceUpdateDate>2014-11-03 06:38:07</PriceUpdateDate><ItemCode>7290011587857</ItemCode><ItemType>1</ItemType><ItemName>עגבניות מיובשות 250</ItemName><ManufacturerName>תומר</ManufacturerName><ManufactureCountry>ישראל</ManufactureCountry><ManufacturerItemDescription>עגבניות מיובשות 250</ManufacturerItemDescription><SoldByWeight/><Quantity>250.00</Quantity><UnitOfMeasure>גרם     </UnitOfMeasure><QtyInPackage>לא ידוע</QtyInPackage><UnitOfMeasurePrice>0.0444</UnitOfMeasurePrice><AllowDiscount>1</AllowDiscount><ItemStatus>1</ItemStatus><ItemPrice>11.10</ItemPrice></item><item><PriceUpdateDate>2016-05-02 08:05:53</PriceUpdateDate><ItemCode>7290011587956</ItemCode><ItemType>1</ItemType><ItemName>מב רוטב צ'ילי מתוק 7</ItemName><ManufacturerName>תומר</ManufacturerName><ManufactureCountry>ישראל</ManufactureCountry><ManufacturerItemDescription>מב רוטב צ'ילי מתוק 7</ManufacturerItemDescription><SoldByWeight/><Quantity>700.00</Quantity><UnitOfMeasure>מ"ל</UnitOfMeasure><QtyInPackage>לא ידוע</QtyInPackage><UnitOfMeasurePrice>0.0127</UnitOfMeasurePrice><AllowDiscount>1</AllowDiscount><ItemStatus>1</ItemStatus><ItemPrice>8.90</ItemPrice></item><item><PriceUpdateDate>2015-11-13 10:30:33</PriceUpdateDate><ItemCode>7290011593087</ItemCode><ItemType>1</ItemType><ItemName>שמן זית כתית מעולה 7</ItemName><ManufacturerName>לא ממותג</ManufacturerName><ManufactureCountry>ישראל</ManufactureCountry><ManufacturerItemDescription>שמן זית כתית מעולה 750 מל</ManufacturerItemDescription><SoldByWeight/><Quantity>690.00</Quantity><UnitOfMeasure>גרם     </UnitOfMeasure><QtyInPackage>לא ידוע</QtyInPackage><UnitOfMeasurePrice>0.0546</UnitOfMeasurePrice><AllowDiscount>1</AllowDiscount><ItemStatus>1</ItemStatus><ItemPrice>37.70</ItemPrice></item><item><PriceUpdateDate>2014-11-03 06:38:42</PriceUpdateDate><ItemCode>7290011593117</ItemCode><ItemType>1</ItemType><ItemName>זית סורי מבוקע 800 ג</ItemName><ManufacturerName>לא ממותג</ManufacturerName><ManufactureCountry>ישראל</ManufactureCountry><ManufacturerItemDescription>זית סורי מבוקע 800 ג</ManufacturerItemDescription><SoldByWeight/><Quantity>800.00</Quantity><UnitOfMeasure>גרם     </UnitOfMeasure><QtyInPackage>לא ידוע</QtyInPackage><UnitOfMeasurePrice>0.0275</UnitOfMeasurePrice><AllowDiscount>1</AllowDiscount><ItemStatus>1</ItemStatus><ItemPrice>22.00</ItemPrice></item><item><PriceUpdateDate>2014-11-03 06:38:42</PriceUpdateDate><ItemCode>7290011593841</ItemCode><ItemType>1</ItemType><ItemName>זית שחור מרוקאי 300</ItemName><ManufacturerName>לא ממותג</ManufacturerName><ManufactureCountry>ישראל</ManufactureCountry><ManufacturerItemDescription>זית שחור מרוקאי 300</ManufacturerItemDescription><SoldByWeight/><Quantity>300.00</Quantity><UnitOfMeasure>גרם     </UnitOfMeasure><QtyInPackage>לא ידוע</QtyInPackage><UnitOfMeasurePrice>0.0500</UnitOfMeasurePrice><AllowDiscount>1</AllowDiscount><ItemStatus>1</ItemStatus><ItemPrice>15.00</ItemPrice></item><item><PriceUpdateDate>2016-05-01 21:46:59</PriceUpdateDate><ItemCode>7290011598211</ItemCode><ItemType>1</ItemType><ItemName>סנו אנטי קאלק 4 באחד</ItemName><ManufacturerName>אנטי קאלק</ManufacturerName><ManufactureCountry>ישראל</ManufactureCountry><ManufacturerItemDescription>מנקה כללי אנטיקאלק 700 מל</ManufacturerItemDescription><SoldByWeight/><Quantity>750.00</Quantity><UnitOfMeasure>מ"ל</UnitOfMeasure><QtyInPackage>לא ידוע</QtyInPackage><UnitOfMeasurePrice>0.0212</UnitOfMeasurePrice><AllowDiscount>1</AllowDiscount><ItemStatus>1</ItemStatus><ItemPrice>15.90</ItemPrice></item><item><PriceUpdateDate>2015-11-12 14:56:53</PriceUpdateDate><ItemCode>7290011598259</ItemCode><ItemType>1</ItemType><ItemName>סנו פרש מילוי אוטומט</ItemName><ManufacturerName>סנו פרש</ManufacturerName><ManufactureCountry>ישראל</ManufactureCountry><ManufacturerItemDescription>סנו פרש מילוי אוטומט</ManufacturerItemDescription><SoldByWeight/><Quantity>250.00</Quantity><UnitOfMeasure>מ"ל</UnitOfMeasure><QtyInPackage>לא ידוע</QtyInPackage><UnitOfMeasurePrice>0.0964</UnitOfMeasurePrice><AllowDiscount>1</AllowDiscount><ItemStatus>1</ItemStatus><ItemPrice>24.10</ItemPrice></item><item><PriceUpdateDate>2015-10-06 15:02:09</PriceUpdateDate><ItemCode>7290011598372</ItemCode><ItemType>1</ItemType><ItemName>מטלית לרצפה מיקרופיי</ItemName><ManufacturerName>סנו סושי</ManufacturerName><ManufactureCountry>ישראל</ManufactureCountry><ManufacturerItemDescription>מטלית לרצפה מיקרופיי</ManufacturerItemDescription><SoldByWeight/><Quantity>1.00</Quantity><UnitOfMeasure>יח'</UnitOfMeasure><QtyInPackage>לא ידוע</QtyInPackage><UnitOfMeasurePrice>17.3000</UnitOfMeasurePrice><AllowDiscount>1</AllowDiscount><ItemStatus>1</ItemStatus><ItemPrice>17.30</ItemPrice></item><item><PriceUpdateDate>2016-02-02 06:51:26</PriceUpdateDate><ItemCode>7290011598402</ItemCode><ItemType>1</ItemType><ItemName>מב מרכך כביסה מקסימה</ItemName><ManufacturerName>סנו מקסימה</ManufacturerName><ManufactureCountry>ישראל</ManufactureCountry><ManufacturerItemDescription>מב מרכך כביסה מקסימה</ManufacturerItemDescription><SoldByWeight/><Quantity>4000.00</Quantity><UnitOfMeasure>מ"ל</UnitOfMeasure><QtyInPackage>לא ידוע</QtyInPackage><UnitOfMeasurePrice>0.0055</UnitOfMeasurePrice><AllowDiscount>1</AllowDiscount><ItemStatus>1</ItemStatus><ItemPrice>21.90</ItemPrice></item><item><PriceUpdateDate>2016-05-30 22:04:34</PriceUpdateDate><ItemCode>7290011607180</ItemCode><ItemType>1</ItemType><ItemName>מב אבקת כביסה קולון</ItemName><ManufacturerName>קולון</ManufacturerName><ManufactureCountry>ישראל</ManufactureCountry><ManufacturerItemDescription>אבקת כביסה קולון 1.25 101</ManufacturerItemDescription><SoldByWeight/><Quantity>1250.00</Quantity><UnitOfMeasure>גרם     </UnitOfMeasure><QtyInPackage>לא ידוע</QtyInPackage><UnitOfMeasurePrice>0.0080</UnitOfMeasurePrice><AllowDiscount>1</AllowDiscount><ItemStatus>1</ItemStatus><ItemPrice>10.00</ItemPrice></item><item><PriceUpdateDate>2016-05-01 21:46:59</PriceUpdateDate><ItemCode>7290011607197</ItemCode><ItemType>1</ItemType><ItemName>אבקת כביסה קולון 101</ItemName><ManufacturerName>קולון</ManufacturerName><ManufactureCountry>ישראל</ManufactureCountry><ManufacturerItemDescription>אבקת כביסה קולון 101</ManufacturerItemDescription><SoldByWeight/><Quantity>5000.00</Quantity><UnitOfMeasure>גרם     </UnitOfMeasure><QtyInPackage>לא ידוע</QtyInPackage><UnitOfMeasurePrice>0.0080</UnitOfMeasurePrice><AllowDiscount>1</AllowDiscount><ItemStatus>1</ItemStatus><ItemPrice>39.90</ItemPrice></item><item><PriceUpdateDate>2014-11-03 06:37:09</PriceUpdateDate><ItemCode>7290011615925</ItemCode><ItemType>1</ItemType><ItemName>סרדין בשמן זית 110 ג</ItemName><ManufacturerName>לא ממותג</ManufacturerName><ManufactureCountry>ישראל</ManufactureCountry><ManufacturerItemDescription>סרדין בשמן זית 110 ג</ManufacturerItemDescription><SoldByWeight/><Quantity>110.00</Quantity><UnitOfMeasure>גרם     </UnitOfMeasure><QtyInPackage>לא ידוע</QtyInPackage><UnitOfMeasurePrice>0.0736</UnitOfMeasurePrice><AllowDiscount>1</AllowDiscount><ItemStatus>1</ItemStatus><ItemPrice>8.10</ItemPrice></item><item><PriceUpdateDate>2014-11-03 06:38:38</PriceUpdateDate><ItemCode>7290011618025</ItemCode><ItemType>1</ItemType><ItemName>נגיסי אורז לתינוק 10</ItemName><ManufacturerName>בייבי ביס</ManufacturerName><ManufactureCountry>סין</ManufactureCountry><ManufacturerItemDescription>ספירה מילוי 902*45 לילות</ManufacturerItemDescription><SoldByWeight/><Quantity>105.00</Quantity><UnitOfMeasure>גרם     </UnitOfMeasure><QtyInPackage>לא ידוע</QtyInPackage><UnitOfMeasurePrice>0.1352</UnitOfMeasurePrice><AllowDiscount>1</AllowDiscount><ItemStatus>1</ItemStatus><ItemPrice>14.20</ItemPrice></item><item><PriceUpdateDate>2015-11-10 13:37:57</PriceUpdateDate><ItemCode>7290011618124</ItemCode><ItemType>1</ItemType><ItemName>חטיף אורז בייבי ביס</ItemName><ManufacturerName>בייבי ביס</ManufacturerName><ManufactureCountry>סין</ManufactureCountry><ManufacturerItemDescription>ספירה מכשיר+רפילל45ל</ManufacturerItemDescription><SoldByWeight/><Quantity>14.00</Quantity><UnitOfMeasure>גרם     </UnitOfMeasure><QtyInPackage>לא ידוע</QtyInPackage><UnitOfMeasurePrice>1.1143</UnitOfMeasurePrice><AllowDiscount>1</AllowDiscount><ItemStatus>1</ItemStatus><ItemPrice>15.60</ItemPrice></item><item><PriceUpdateDate>2015-11-10 13:37:57</PriceUpdateDate><ItemCode>7290011618131</ItemCode><ItemType>1</ItemType><ItemName>חטיף אורז בייבי ביס</ItemName><ManufacturerName>בייבי ביס</ManufacturerName><ManufactureCountry>סין</ManufactureCountry><ManufacturerItemDescription>מיונז הלמנס     ס 789גרם</ManufacturerItemDescription><SoldByWeight/><Quantity>14.00</Quantity><UnitOfMeasure>גרם     </UnitOfMeasure><QtyInPackage>לא ידוע</QtyInPackage><UnitOfMeasurePrice>1.1143</UnitOfMeasurePrice><AllowDiscount>1</AllowDiscount><ItemStatus>1</ItemStatus><ItemPrice>15.60</ItemPrice></item><item><PriceUpdateDate>2016-05-30 22:04:34</PriceUpdateDate><ItemCode>7290011622374</ItemCode><ItemType>1</ItemType><ItemName>מב ביסקויטמינים בטעם</ItemName><ManufacturerName>לא ממותג</ManufacturerName><ManufactureCountry>ישראל</ManufactureCountry><ManufacturerItemDescription>מב ביסקויטמינים בטעם</ManufacturerItemDescription><SoldByWeight/><Quantity>150.00</Quantity><UnitOfMeasure>גרם     </UnitOfMeasure><QtyInPackage>לא ידוע</QtyInPackage><UnitOfMeasurePrice>0.0727</UnitOfMeasurePrice><AllowDiscount>1</AllowDiscount><ItemStatus>1</ItemStatus><ItemPrice>10.90</ItemPrice></item><item><PriceUpdateDate>2016-05-30 22:04:34</PriceUpdateDate><ItemCode>7290011622428</ItemCode><ItemType>1</ItemType><ItemName>חטיף בריאות לתינוקות</ItemName><ManufacturerName>לא ממותג</ManufacturerName><ManufactureCountry>ישראל</ManufactureCountry><ManufacturerItemDescription>חטיף בריאות לתינוקות</ManufacturerItemDescription><SoldByWeight/><Quantity>45.00</Quantity><UnitOfMeasure>גרם     </UnitOfMeasure><QtyInPackage>לא ידוע</QtyInPackage><UnitOfMeasurePrice>0.1511</UnitOfMeasurePrice><AllowDiscount>1</AllowDiscount><ItemStatus>1</ItemStatus><ItemPrice>6.80</ItemPrice></item><item><PriceUpdateDate>2016-05-30 22:04:34</PriceUpdateDate><ItemCode>7290011622442</ItemCode><ItemType>1</ItemType><ItemName>טבעונים חטף טבעות דג</ItemName><ManufacturerName>לא ממותג</ManufacturerName><ManufactureCountry>ישראל</ManufactureCountry><ManufacturerItemDescription>טבעונים חטף טבעות דג</ManufacturerItemDescription><SoldByWeight/><Quantity>45.00</Quantity><UnitOfMeasure>גרם     </UnitOfMeasure><QtyInPackage>לא ידוע</QtyInPackage><UnitOfMeasurePrice>0.1511</UnitOfMeasurePrice><AllowDiscount>1</AllowDiscount><ItemStatus>1</ItemStatus><ItemPrice>6.80</ItemPrice></item><item><PriceUpdateDate>2016-01-18 09:38:06</PriceUpdateDate><ItemCode>7290011695651</ItemCode><ItemType>1</ItemType><ItemName>צנימים עגולים 300 גר</ItemName><ManufacturerName>נאמן לאורך זמן</ManufacturerName><ManufactureCountry>ישראל</ManufactureCountry><ManufacturerItemDescription>צנימים עגולים 300 גר</ManufacturerItemDescription><SoldByWeight/><Quantity>300.00</Quantity><UnitOfMeasure>גרם     </UnitOfMeasure><QtyInPackage>לא ידוע</QtyInPackage><UnitOfMeasurePrice>0.0530</UnitOfMeasurePrice><AllowDiscount>1</AllowDiscount><ItemStatus>1</ItemStatus><ItemPrice>15.90</ItemPrice></item><item><PriceUpdateDate>2016-03-01 06:55:03</PriceUpdateDate><ItemCode>7290011765088</ItemCode><ItemType>1</ItemType><ItemName>גל גילוח קרמה קול 20</ItemName><ManufacturerName>קרמה</ManufacturerName><ManufactureCountry>ישראל</ManufactureCountry><ManufacturerItemDescription>גל גילוח קרמה קול 20</ManufacturerItemDescription><SoldByWeight/><Quantity>200.00</Quantity><UnitOfMeasure>מ"ל</UnitOfMeasure><QtyInPackage>לא ידוע</QtyInPackage><UnitOfMeasurePrice>0.0895</UnitOfMeasurePrice><AllowDiscount>1</AllowDiscount><ItemStatus>1</ItemStatus><ItemPrice>17.90</ItemPrice></item><item><PriceUpdateDate>2016-03-01 06:55:03</PriceUpdateDate><ItemCode>7290011765095</ItemCode><ItemType>1</ItemType><ItemName>גל גילוח קרמה דליקט</ItemName><ManufacturerName>קרמה</ManufacturerName><ManufactureCountry>ישראל</ManufactureCountry><ManufacturerItemDescription>גל גילוח קרמה דליקט</ManufacturerItemDescription><SoldByWeight/><Quantity>200.00</Quantity><UnitOfMeasure>מ"ל</UnitOfMeasure><QtyInPackage>לא ידוע</QtyInPackage><UnitOfMeasurePrice>0.0895</UnitOfMeasurePrice><AllowDiscount>1</AllowDiscount><ItemStatus>1</ItemStatus><ItemPrice>17.90</ItemPrice></item><item><PriceUpdateDate>2016-04-04 08:52:00</PriceUpdateDate><ItemCode>7290011765217</ItemCode><ItemType>1</ItemType><ItemName>מב ג'ל לניקוי ידיים</ItemName><ManufacturerName>סנו מדיק</ManufacturerName><ManufactureCountry>ישראל</ManufactureCountry><ManufacturerItemDescription>מב ג'ל לניקוי ידיים</ManufacturerItemDescription><SoldByWeight/><Quantity>100.00</Quantity><UnitOfMeasure>מ"ל</UnitOfMeasure><QtyInPackage>לא ידוע</QtyInPackage><UnitOfMeasurePrice>0.0890</UnitOfMeasurePrice><AllowDiscount>1</AllowDiscount><ItemStatus>1</ItemStatus><ItemPrice>8.90</ItemPrice></item><item><PriceUpdateDate>2015-11-12 14:56:44</PriceUpdateDate><ItemCode>7290011765446</ItemCode><ItemType>1</ItemType><ItemName>משחת שיניים אורביטול</ItemName><ManufacturerName>אורביטול</ManufacturerName><ManufactureCountry>ישראל</ManufactureCountry><ManufacturerItemDescription>אורביטול מש.שיניים בוב ספ</ManufacturerItemDescription><SoldByWeight/><Quantity>14.00</Quantity><UnitOfMeasure>מ"ל</UnitOfMeasure><QtyInPackage>לא ידוע</QtyInPackage><UnitOfMeasurePrice>0.8571</UnitOfMeasurePrice><AllowDiscount>1</AllowDiscount><ItemStatus>1</ItemStatus><ItemPrice>12.00</ItemPrice></item><item><PriceUpdateDate>2016-05-30 22:04:35</PriceUpdateDate><ItemCode>7290011800703</ItemCode><ItemType>1</ItemType><ItemName>מב סלט פלפלים מרוקאי</ItemName><ManufacturerName>צבר</ManufacturerName><ManufactureCountry>ישראל</ManufactureCountry><ManufacturerItemDescription>מב סלט פלפלים מרוקאי</ManufacturerItemDescription><SoldByWeight/><Quantity>400.00</Quantity><UnitOfMeasure>גרם     </UnitOfMeasure><QtyInPackage>לא ידוע</QtyInPackage><UnitOfMeasurePrice>0.0348</UnitOfMeasurePrice><AllowDiscount>1</AllowDiscount><ItemStatus>1</ItemStatus><ItemPrice>13.90</ItemPrice></item><item><PriceUpdateDate>2016-05-30 22:04:35</PriceUpdateDate><ItemCode>7290011800826</ItemCode><ItemType>1</ItemType><ItemName>מב סלט חציל בטחינה ר</ItemName><ManufacturerName>צבר</ManufacturerName><ManufactureCountry>ישראל</ManufactureCountry><ManufacturerItemDescription>חציל בטחינה רפי 400 גר</ManufacturerItemDescription><SoldByWeight/><Quantity>400.00</Quantity><UnitOfMeasure>גרם     </UnitOfMeasure><QtyInPackage>לא ידוע</QtyInPackage><UnitOfMeasurePrice>0.0348</UnitOfMeasurePrice><AllowDiscount>1</AllowDiscount><ItemStatus>1</ItemStatus><ItemPrice>13.90</ItemPrice></item><item><PriceUpdateDate>2016-05-30 22:04:35</PriceUpdateDate><ItemCode>7290011800840</ItemCode><ItemType>1</ItemType><ItemName>מב סלט טחינה לבנה רפ</ItemName><ManufacturerName>צבר</ManufacturerName><ManufactureCountry>ישראל</ManufactureCountry><ManufacturerItemDescription>טחינה לבנה רפי</ManufacturerItemDescription><SoldByWeight/><Quantity>400.00</Quantity><UnitOfMeasure>גרם     </UnitOfMeasure><QtyInPackage>לא ידוע</QtyInPackage><UnitOfMeasurePrice>0.0348</UnitOfMeasurePrice><AllowDiscount>1</AllowDiscount><ItemStatus>1</ItemStatus><ItemPrice>13.90</ItemPrice></item><item><PriceUpdateDate>2016-05-30 22:04:35</PriceUpdateDate><ItemCode>7290011800864</ItemCode><ItemType>1</ItemType><ItemName>מב סלט חציל בלאדי בש</ItemName><ManufacturerName>צבר</ManufacturerName><ManufactureCountry>ישראל</ManufactureCountry><ManufacturerItemDescription>חציל בשמן זית רפי 400 גר</ManufacturerItemDescription><SoldByWeight/><Quantity>400.00</Quantity><UnitOfMeasure>גרם     </UnitOfMeasure><QtyInPackage>לא ידוע</QtyInPackage><UnitOfMeasurePrice>0.0348</UnitOfMeasurePrice><AllowDiscount>1</AllowDiscount><ItemStatus>1</ItemStatus><ItemPrice>13.90</ItemPrice></item><item><PriceUpdateDate>2015-11-16 11:40:32</PriceUpdateDate><ItemCode>7290011810153</ItemCode><ItemType>1</ItemType><ItemName>כרוב אדום 250 גרם</ItemName><ManufacturerName>סלטי שמיר</ManufacturerName><ManufactureCountry>ישראל</ManufactureCountry><ManufacturerItemDescription>כרוב אדום 250 גר</ManufacturerItemDescription><SoldByWeight/><Quantity>250.00</Quantity><UnitOfMeasure>גרם     </UnitOfMeasure><QtyInPackage>לא ידוע</QtyInPackage><UnitOfMeasurePrice>0.0404</UnitOfMeasurePrice><AllowDiscount>1</AllowDiscount><ItemStatus>1</ItemStatus><ItemPrice>10.10</ItemPrice></item><item><PriceUpdateDate>2015-10-21 16:48:41</PriceUpdateDate><ItemCode>7290011810252</ItemCode><ItemType>1</ItemType><ItemName>חציל במיונז ביתי 250</ItemName><ManufacturerName>סלטי שמיר</ManufacturerName><ManufactureCountry>ישראל</ManufactureCountry><ManufacturerItemDescription>חציל במיונז ביתי 250 גר</ManufacturerItemDescription><SoldByWeight/><Quantity>250.00</Quantity><UnitOfMeasure>גרם     </UnitOfMeasure><QtyInPackage>לא ידוע</QtyInPackage><UnitOfMeasurePrice>0.0648</UnitOfMeasurePrice><AllowDiscount>1</AllowDiscount><ItemStatus>1</ItemStatus><ItemPrice>16.20</ItemPrice></item><item><PriceUpdateDate>2016-05-30 22:04:35</PriceUpdateDate><ItemCode>7290011877156</ItemCode><ItemType>1</ItemType><ItemName>מטהר אוויר סנו פרש ס</ItemName><ManufacturerName>סנו פרש</ManufacturerName><ManufactureCountry>ישראל</ManufactureCountry><ManufacturerItemDescription>מ.אויר סנופרש ענק</ManufacturerItemDescription><SoldByWeight/><Quantity>375.00</Quantity><UnitOfMeasure>מ"ל</UnitOfMeasure><QtyInPackage>לא ידוע</QtyInPackage><UnitOfMeasurePrice>0.0389</UnitOfMeasurePrice><AllowDiscount>1</AllowDiscount><ItemStatus>1</ItemStatus><ItemPrice>14.60</ItemPrice></item><item><PriceUpdateDate>2016-05-01 21:46:59</PriceUpdateDate><ItemCode>7290011877446</ItemCode><ItemType>1</ItemType><ItemName>קרם נגד גירויים בייב</ItemName><ManufacturerName>לא ידוע</ManufacturerName><ManufactureCountry>ישראל</ManufactureCountry><ManufacturerItemDescription>קרם נגד גירויים בייב</ManufacturerItemDescription><SoldByWeight/><Quantity>0.00</Quantity><UnitOfMeasure>יח'</UnitOfMeasure><QtyInPackage>לא ידוע</QtyInPackage><UnitOfMeasurePrice>0.0000</UnitOfMeasurePrice><AllowDiscount>1</AllowDiscount><ItemStatus>1</ItemStatus><ItemPrice>18.30</ItemPrice></item><item><PriceUpdateDate>2014-11-03 06:37:41</PriceUpdateDate><ItemCode>7290011877460</ItemCode><ItemType>1</ItemType><ItemName>משחת שיניים אורביטול</ItemName><ManufacturerName>אורביטול</ManufacturerName><ManufactureCountry>ישראל</ManufactureCountry><ManufacturerItemDescription>משחת שיניים אורביטול</ManufacturerItemDescription><SoldByWeight/><Quantity>145.00</Quantity><UnitOfMeasure>גרם     </UnitOfMeasure><QtyInPackage>לא ידוע</QtyInPackage><UnitOfMeasurePrice>0.1124</UnitOfMeasurePrice><AllowDiscount>1</AllowDiscount><ItemStatus>1</ItemStatus><ItemPrice>16.30</ItemPrice></item><item><PriceUpdateDate>2016-05-02 08:05:54</PriceUpdateDate><ItemCode>7290011877828</ItemCode><ItemType>1</ItemType><ItemName>מב מגבוני בוב ספוג ר</ItemName><ManufacturerName>כיף</ManufacturerName><ManufactureCountry>ישראל</ManufactureCountry><ManufacturerItemDescription>מב מגבוני בוב ספוג ר</ManufacturerItemDescription><SoldByWeight/><Quantity>1.00</Quantity><UnitOfMeasure>יח'</UnitOfMeasure><QtyInPackage>לא ידוע</QtyInPackage><UnitOfMeasurePrice>19.9000</UnitOfMeasurePrice><AllowDiscount>1</AllowDiscount><ItemStatus>1</ItemStatus><ItemPrice>19.90</ItemPrice></item><item><PriceUpdateDate>2016-05-05 09:13:49</PriceUpdateDate><ItemCode>7290011877859</ItemCode><ItemType>1</ItemType><ItemName>מב סנו אינסטלטור פות</ItemName><ManufacturerName>סנו</ManufacturerName><ManufactureCountry>ישראל</ManufactureCountry><ManufacturerItemDescription>פותח סתימות אינסטלטור 200</ManufacturerItemDescription><SoldByWeight/><Quantity>200.00</Quantity><UnitOfMeasure>מ"ל</UnitOfMeasure><QtyInPackage>לא ידוע</QtyInPackage><UnitOfMeasurePrice>0.0545</UnitOfMeasurePrice><AllowDiscount>1</AllowDiscount><ItemStatus>1</ItemStatus><ItemPrice>10.90</ItemPrice></item><item><PriceUpdateDate>2016-05-02 08:05:54</PriceUpdateDate><ItemCode>7290011877873</ItemCode><ItemType>1</ItemType><ItemName>מב רביעיית מגבוני כי</ItemName><ManufacturerName>כיף</ManufacturerName><ManufactureCountry>ישראל</ManufactureCountry><ManufacturerItemDescription>מב רביעיית מגבוני כי</ManufacturerItemDescription><SoldByWeight/><Quantity>288.00</Quantity><UnitOfMeasure>בודד</UnitOfMeasure><QtyInPackage>לא ידוע</QtyInPackage><UnitOfMeasurePrice>0.0691</UnitOfMeasurePrice><AllowDiscount>1</AllowDiscount><ItemStatus>1</ItemStatus><ItemPrice>19.90</ItemPrice></item><item><PriceUpdateDate>2016-05-02 08:05:54</PriceUpdateDate><ItemCode>7290011877927</ItemCode><ItemType>1</ItemType><ItemName>מב מי פה אורביטול טר</ItemName><ManufacturerName>אורביטול</ManufacturerName><ManufactureCountry>ישראל</ManufactureCountry><ManufacturerItemDescription>מב מי פה אורביטול טר</ManufacturerItemDescription><SoldByWeight/><Quantity>500.00</Quantity><UnitOfMeasure>מ"ל</UnitOfMeasure><QtyInPackage>לא ידוע</QtyInPackage><UnitOfMeasurePrice>0.0398</UnitOfMeasurePrice><AllowDiscount>1</AllowDiscount><ItemStatus>1</ItemStatus><ItemPrice>19.90</ItemPrice></item><item><PriceUpdateDate>2016-03-01 06:43:42</PriceUpdateDate><ItemCode>7290011889418</ItemCode><ItemType>1</ItemType><ItemName>מאגדת מיני לייט וניל</ItemName><ManufacturerName>שטראוס גלידה</ManufacturerName><ManufactureCountry>ישראל</ManufactureCountry><ManufacturerItemDescription>מאגדת לייט מיני וניל ריבת</ManufacturerItemDescription><SoldByWeight/><Quantity>810.00</Quantity><UnitOfMeasure>גרם     </UnitOfMeasure><QtyInPackage>לא ידוע</QtyInPackage><UnitOfMeasurePrice>0.0352</UnitOfMeasurePrice><AllowDiscount>1</AllowDiscount><ItemStatus>1</ItemStatus><ItemPrice>28.50</ItemPrice></item><item><PriceUpdateDate>2016-06-02 12:22:11</PriceUpdateDate><ItemCode>7290011931155</ItemCode><ItemType>1</ItemType><ItemName>מב אזורה אל סבון 750</ItemName><ManufacturerName>אזורה</ManufacturerName><ManufactureCountry>ישראל</ManufactureCountry><ManufacturerItemDescription>מב אזורה אל סבון 750</ManufacturerItemDescription><SoldByWeight/><Quantity>750.00</Quantity><UnitOfMeasure>מ"ל</UnitOfMeasure><QtyInPackage>לא ידוע</QtyInPackage><UnitOfMeasurePrice>0.0119</UnitOfMeasurePrice><AllowDiscount>1</AllowDiscount><ItemStatus>1</ItemStatus><ItemPrice>8.90</ItemPrice></item><item><PriceUpdateDate>2015-10-06 15:02:12</PriceUpdateDate><ItemCode>7290011947316</ItemCode><ItemType>1</ItemType><ItemName>זית קלמטה</ItemName><ManufacturerName>זיתא</ManufacturerName><ManufactureCountry>ישראל</ManufactureCountry><ManufacturerItemDescription>זית קלמטה</ManufacturerItemDescription><SoldByWeight/><Quantity>215.00</Quantity><UnitOfMeasure>גרם     </UnitOfMeasure><QtyInPackage>לא ידוע</QtyInPackage><UnitOfMeasurePrice>0.0786</UnitOfMeasurePrice><AllowDiscount>1</AllowDiscount><ItemStatus>1</ItemStatus><ItemPrice>16.90</ItemPrice></item><item><PriceUpdateDate>2014-11-03 06:37:26</PriceUpdateDate><ItemCode>7290011964542</ItemCode><ItemType>1</ItemType><ItemName>פפריקה מתוקה 400 גרם</ItemName><ManufacturerName>תבליני טעם וריח</ManufacturerName><ManufactureCountry>ישראל</ManufactureCountry><ManufacturerItemDescription>פפריקה מתוקה 400 גרם</ManufacturerItemDescription><SoldByWeight/><Quantity>400.00</Quantity><UnitOfMeasure>גרם     </UnitOfMeasure><QtyInPackage>לא ידוע</QtyInPackage><UnitOfMeasurePrice>0.0675</UnitOfMeasurePrice><AllowDiscount>1</AllowDiscount><ItemStatus>1</ItemStatus><ItemPrice>27.00</ItemPrice></item><item><PriceUpdateDate>2015-11-12 14:47:47</PriceUpdateDate><ItemCode>7290011964658</ItemCode><ItemType>1</ItemType><ItemName>מלח לימון 170ג</ItemName><ManufacturerName>טעם וריח</ManufacturerName><ManufactureCountry>ישראל</ManufactureCountry><ManufacturerItemDescription>מלח לימון 170ג</ManufacturerItemDescription><SoldByWeight/><Quantity>170.00</Quantity><UnitOfMeasure>גרם     </UnitOfMeasure><QtyInPackage>לא ידוע</QtyInPackage><UnitOfMeasurePrice>0.0706</UnitOfMeasurePrice><AllowDiscount>1</AllowDiscount><ItemStatus>1</ItemStatus><ItemPrice>12.00</ItemPrice></item><item><PriceUpdateDate>2015-10-21 13:53:10</PriceUpdateDate><ItemCode>7290011964689</ItemCode><ItemType>1</ItemType><ItemName>תערובת תיבול על האש</ItemName><ManufacturerName>טעם וריח</ManufacturerName><ManufactureCountry>ישראל</ManufactureCountry><ManufacturerItemDescription>תערובת תיבול על האש</ManufacturerItemDescription><SoldByWeight/><Quantity>100.00</Quantity><UnitOfMeasure>גרם     </UnitOfMeasure><QtyInPackage>לא ידוע</QtyInPackage><UnitOfMeasurePrice>0.1220</UnitOfMeasurePrice><AllowDiscount>1</AllowDiscount><ItemStatus>1</ItemStatus><ItemPrice>12.20</ItemPrice></item><item><PriceUpdateDate>2015-10-21 13:53:10</PriceUpdateDate><ItemCode>7290011964696</ItemCode><ItemType>1</ItemType><ItemName>תערובת תיבול לסטייק</ItemName><ManufacturerName>טעם וריח</ManufacturerName><ManufactureCountry>ישראל</ManufactureCountry><ManufacturerItemDescription>תערובת תיבול לסטייק</ManufacturerItemDescription><SoldByWeight/><Quantity>130.00</Quantity><UnitOfMeasure>גרם     </UnitOfMeasure><QtyInPackage>לא ידוע</QtyInPackage><UnitOfMeasurePrice>0.0938</UnitOfMeasurePrice><AllowDiscount>1</AllowDiscount><ItemStatus>1</ItemStatus><ItemPrice>12.20</ItemPrice></item><item><PriceUpdateDate>2015-10-21 13:53:10</PriceUpdateDate><ItemCode>7290011964702</ItemCode><ItemType>1</ItemType><ItemName>תיבול לשוורמה מיוחד</ItemName><ManufacturerName>טעם וריח</ManufacturerName><ManufactureCountry>ישראל</ManufactureCountry><ManufacturerItemDescription>תיבול לשוורמה מיוחד</ManufacturerItemDescription><SoldByWeight/><Quantity>100.00</Quantity><UnitOfMeasure>גרם     </UnitOfMeasure><QtyInPackage>לא ידוע</QtyInPackage><UnitOfMeasurePrice>0.1220</UnitOfMeasurePrice><AllowDiscount>1</AllowDiscount><ItemStatus>1</ItemStatus><ItemPrice>12.20</ItemPrice></item><item><PriceUpdateDate>2014-11-03 06:37:27</PriceUpdateDate><ItemCode>7290011964832</ItemCode><ItemType>1</ItemType><ItemName>בצל מטוגן 50 גרם ללא</ItemName><ManufacturerName>טעם וריח</ManufacturerName><ManufactureCountry>ישראל</ManufactureCountry><ManufacturerItemDescription>בצל מטוגן 50 גרם ללא</ManufacturerItemDescription><SoldByWeight/><Quantity>50.00</Quantity><UnitOfMeasure>גרם     </UnitOfMeasure><QtyInPackage>לא ידוע</QtyInPackage><UnitOfMeasurePrice>0.1440</UnitOfMeasurePrice><AllowDiscount>1</AllowDiscount><ItemStatus>1</ItemStatus><ItemPrice>7.20</ItemPrice></item><item><PriceUpdateDate>2015-10-20 11:33:16</PriceUpdateDate><ItemCode>7290011969141</ItemCode><ItemType>1</ItemType><ItemName>מגבוני בד לחים לתינו</ItemName><ManufacturerName>לא ממותג</ManufacturerName><ManufactureCountry>ישראל</ManufactureCountry><ManufacturerItemDescription>מגבון בייבי בודד</ManufacturerItemDescription><SoldByWeight/><Quantity>1.00</Quantity><UnitOfMeasure>יח'</UnitOfMeasure><QtyInPackage>לא ידוע</QtyInPackage><UnitOfMeasurePrice>5.3000</UnitOfMeasurePrice><AllowDiscount>1</AllowDiscount><ItemStatus>1</ItemStatus><ItemPrice>5.30</ItemPrice></item><item><PriceUpdateDate>2016-05-30 22:04:36</PriceUpdateDate><ItemCode>7290012001994</ItemCode><ItemType>1</ItemType><ItemName>חרדל דיג'ון גרגירים</ItemName><ManufacturerName>לא ממותג</ManufacturerName><ManufactureCountry>צרפת</ManufactureCountry><ManufacturerItemDescription>חרדל דיגון גרעינים 350 גר</ManufacturerItemDescription><SoldByWeight/><Quantity>350.00</Quantity><UnitOfMeasure>גרם     </UnitOfMeasure><QtyInPackage>לא ידוע</QtyInPackage><UnitOfMeasurePrice>0.0423</UnitOfMeasurePrice><AllowDiscount>1</AllowDiscount><ItemStatus>1</ItemStatus><ItemPrice>14.80</ItemPrice></item><item><PriceUpdateDate>2016-03-29 06:36:47</PriceUpdateDate><ItemCode>7290012019258</ItemCode><ItemType>1</ItemType><ItemName>מב רסק תפו''ע 4 יח*1</ItemName><ManufacturerName>לא ממותג</ManufacturerName><ManufactureCountry>ארצות הברית</ManufactureCountry><ManufacturerItemDescription>דאודורנט רקסונה טלק 50 ג</ManufacturerItemDescription><SoldByWeight/><Quantity>452.00</Quantity><UnitOfMeasure>גרם     </UnitOfMeasure><QtyInPackage>לא ידוע</QtyInPackage><UnitOfMeasurePrice>0.0241</UnitOfMeasurePrice><AllowDiscount>1</AllowDiscount><ItemStatus>1</ItemStatus><ItemPrice>10.90</ItemPrice></item><item><PriceUpdateDate>2016-03-29 06:36:47</PriceUpdateDate><ItemCode>7290012019265</ItemCode><ItemType>1</ItemType><ItemName>מב רסק תפו''ע 4 יח*</ItemName><ManufacturerName>לא ממותג</ManufacturerName><ManufactureCountry>ארצות הברית</ManufactureCountry><ManufacturerItemDescription>קורנפלקס תלמה   טן 500גר</ManufacturerItemDescription><SoldByWeight/><Quantity>452.00</Quantity><UnitOfMeasure>גרם     </UnitOfMeasure><QtyInPackage>לא ידוע</QtyInPackage><UnitOfMeasurePrice>0.0241</UnitOfMeasurePrice><AllowDiscount>1</AllowDiscount><ItemStatus>1</ItemStatus><ItemPrice>10.90</ItemPrice></item><item><PriceUpdateDate>2014-11-03 06:38:07</PriceUpdateDate><ItemCode>7290012019647</ItemCode><ItemType>1</ItemType><ItemName>צנצנת פטיסון 840 גרם</ItemName><ManufacturerName>לא ידוע</ManufacturerName><ManufactureCountry>ישראל</ManufactureCountry><ManufacturerItemDescription>צנצנת פטיסון 840 גרם</ManufacturerItemDescription><SoldByWeight/><Quantity>840.00</Quantity><UnitOfMeasure>גרם     </UnitOfMeasure><QtyInPackage>לא ידוע</QtyInPackage><UnitOfMeasurePrice>0.0182</UnitOfMeasurePrice><AllowDiscount>1</AllowDiscount><ItemStatus>1</ItemStatus><ItemPrice>15.30</ItemPrice></item><item><PriceUpdateDate>2015-07-26 06:35:14</PriceUpdateDate><ItemCode>7290012022272</ItemCode><ItemType>1</ItemType><ItemName>קליליות קידס</ItemName><ManufacturerName>לא ממותג</ManufacturerName><ManufactureCountry>לא ידוע</ManufactureCountry><ManufacturerItemDescription>קליליות קידס</ManufacturerItemDescription><SoldByWeight/><Quantity>30.00</Quantity><UnitOfMeasure>גרם     </UnitOfMeasure><QtyInPackage>לא ידוע</QtyInPackage><UnitOfMeasurePrice>0.3567</UnitOfMeasurePrice><AllowDiscount>1</AllowDiscount><ItemStatus>1</ItemStatus><ItemPrice>10.90</ItemPrice></item><item><PriceUpdateDate>2014-11-03 06:37:41</PriceUpdateDate><ItemCode>7290012115035</ItemCode><ItemType>1</ItemType><ItemName>מברשת שיניים אורביטו</ItemName><ManufacturerName>אורביטול</ManufacturerName><ManufactureCountry>ישראל</ManufactureCountry><ManufacturerItemDescription>מברשת שיניים אורביטול שינ</ManufacturerItemDescription><SoldByWeight/><Quantity>1.00</Quantity><UnitOfMeasure>יח'</UnitOfMeasure><QtyInPackage>לא ידוע</QtyInPackage><UnitOfMeasurePrice>16.3000</UnitOfMeasurePrice><AllowDiscount>1</AllowDiscount><ItemStatus>1</ItemStatus><ItemPrice>16.30</ItemPrice></item><item><PriceUpdateDate>2016-05-01 21:46:59</PriceUpdateDate><ItemCode>7290012116179</ItemCode><ItemType>1</ItemType><ItemName>מב סנו סנובון 750מ"ל</ItemName><ManufacturerName>סנובון</ManufacturerName><ManufactureCountry>ישראל</ManufactureCountry><ManufacturerItemDescription>מב סנו סנובון 750מ"ל</ManufacturerItemDescription><SoldByWeight/><Quantity>750.00</Quantity><UnitOfMeasure>מ"ל</UnitOfMeasure><QtyInPackage>לא ידוע</QtyInPackage><UnitOfMeasurePrice>0.0159</UnitOfMeasurePrice><AllowDiscount>1</AllowDiscount><ItemStatus>1</ItemStatus><ItemPrice>11.90</ItemPrice></item><item><PriceUpdateDate>2016-05-02 08:05:55</PriceUpdateDate><ItemCode>7290012116360</ItemCode><ItemType>1</ItemType><ItemName>מב סנו פוליויקס גרני</ItemName><ManufacturerName>פוליויקס</ManufacturerName><ManufactureCountry>ישראל</ManufactureCountry><ManufacturerItemDescription>מב סנו פוליויקס גרני</ManufacturerItemDescription><SoldByWeight/><Quantity>2000.00</Quantity><UnitOfMeasure>מ"ל</UnitOfMeasure><QtyInPackage>לא ידוע</QtyInPackage><UnitOfMeasurePrice>0.0099</UnitOfMeasurePrice><AllowDiscount>0</AllowDiscount><ItemStatus>1</ItemStatus><ItemPrice>19.90</ItemPrice></item><item><PriceUpdateDate>2016-05-01 21:46:59</PriceUpdateDate><ItemCode>7290012116537</ItemCode><ItemType>1</ItemType><ItemName>מב אבקת כביסה מקסימה</ItemName><ManufacturerName>סנו מקסימה</ManufacturerName><ManufactureCountry>ישראל</ManufactureCountry><ManufacturerItemDescription>מב אבקת כביסה מקסימה</ManufacturerItemDescription><SoldByWeight/><Quantity>2500.00</Quantity><UnitOfMeasure>גרם     </UnitOfMeasure><QtyInPackage>לא ידוע</QtyInPackage><UnitOfMeasurePrice>0.0104</UnitOfMeasurePrice><AllowDiscount>0</AllowDiscount><ItemStatus>1</ItemStatus><ItemPrice>25.90</ItemPrice></item><item><PriceUpdateDate>2016-02-08 08:10:49</PriceUpdateDate><ItemCode>7290012116735</ItemCode><ItemType>1</ItemType><ItemName>נייר טואלט סנו סופט</ItemName><ManufacturerName>סנו סופט</ManufacturerName><ManufactureCountry>ישראל</ManufactureCountry><ManufacturerItemDescription>נייר טואלט סנו סופט</ManufacturerItemDescription><SoldByWeight/><Quantity>900.00</Quantity><UnitOfMeasure>מטר</UnitOfMeasure><QtyInPackage>לא ידוע</QtyInPackage><UnitOfMeasurePrice>0.0443</UnitOfMeasurePrice><AllowDiscount>1</AllowDiscount><ItemStatus>1</ItemStatus><ItemPrice>39.90</ItemPrice></item><item><PriceUpdateDate>2016-02-02 06:51:28</PriceUpdateDate><ItemCode>7290012117091</ItemCode><ItemType>1</ItemType><ItemName>מב אבקת כביסה מקסימה</ItemName><ManufacturerName>סנו מקסימה</ManufacturerName><ManufactureCountry>ישראל</ManufactureCountry><ManufacturerItemDescription>מב אבקת כביסה מקסימה</ManufacturerItemDescription><SoldByWeight/><Quantity>6000.00</Quantity><UnitOfMeasure>גרם     </UnitOfMeasure><QtyInPackage>לא ידוע</QtyInPackage><UnitOfMeasurePrice>0.0083</UnitOfMeasurePrice><AllowDiscount>1</AllowDiscount><ItemStatus>1</ItemStatus><ItemPrice>49.90</ItemPrice></item><item><PriceUpdateDate>2016-05-30 22:04:37</PriceUpdateDate><ItemCode>7290012117275</ItemCode><ItemType>1</ItemType><ItemName>מב סנוקליר שקית מילו</ItemName><ManufacturerName>סנוקל</ManufacturerName><ManufactureCountry>ישראל</ManufactureCountry><ManufacturerItemDescription>סנוקליר חלונות 750 מל מיל</ManufacturerItemDescription><SoldByWeight/><Quantity>750.00</Quantity><UnitOfMeasure>מ"ל</UnitOfMeasure><QtyInPackage>לא ידוע</QtyInPackage><UnitOfMeasurePrice>0.0092</UnitOfMeasurePrice><AllowDiscount>1</AllowDiscount><ItemStatus>1</ItemStatus><ItemPrice>6.90</ItemPrice></item><item><PriceUpdateDate>2016-05-30 22:04:37</PriceUpdateDate><ItemCode>7290012117534</ItemCode><ItemType>1</ItemType><ItemName>מב מרכך כביסה מקסימה</ItemName><ManufacturerName>סנו מקסימה</ManufacturerName><ManufactureCountry>ישראל</ManufactureCountry><ManufacturerItemDescription>מב מרכך כביסה מקסימה</ManufacturerItemDescription><SoldByWeight/><Quantity>1000.00</Quantity><UnitOfMeasure>מ"ל</UnitOfMeasure><QtyInPackage>לא ידוע</QtyInPackage><UnitOfMeasurePrice>0.0159</UnitOfMeasurePrice><AllowDiscount>1</AllowDiscount><ItemStatus>1</ItemStatus><ItemPrice>15.90</ItemPrice></item><item><PriceUpdateDate>2016-05-30 22:04:37</PriceUpdateDate><ItemCode>7290012117541</ItemCode><ItemType>1</ItemType><ItemName>מב מרכך כביסה מקסימה</ItemName><ManufacturerName>סנו מקסימה</ManufacturerName><ManufactureCountry>ישראל</ManufactureCountry><ManufacturerItemDescription>מב מרכך כביסה מקסימה</ManufacturerItemDescription><SoldByWeight/><Quantity>1000.00</Quantity><UnitOfMeasure>מ"ל</UnitOfMeasure><QtyInPackage>לא ידוע</QtyInPackage><UnitOfMeasurePrice>0.0159</UnitOfMeasurePrice><AllowDiscount>1</AllowDiscount><ItemStatus>1</ItemStatus><ItemPrice>15.90</ItemPrice></item><item><PriceUpdateDate>2016-03-29 06:36:47</PriceUpdateDate><ItemCode>7290012117565</ItemCode><ItemType>1</ItemType><ItemName>מב כפפות סנו סושי לט</ItemName><ManufacturerName>סנו סושי</ManufacturerName><ManufactureCountry>ישראל</ManufactureCountry><ManufacturerItemDescription>מב כפפות סנו סושי לט</ManufacturerItemDescription><SoldByWeight/><Quantity>100.00</Quantity><UnitOfMeasure>בודד</UnitOfMeasure><QtyInPackage>לא ידוע</QtyInPackage><UnitOfMeasurePrice>0.2490</UnitOfMeasurePrice><AllowDiscount>1</AllowDiscount><ItemStatus>1</ItemStatus><ItemPrice>24.90</ItemPrice></item><item><PriceUpdateDate>2016-03-29 06:36:47</PriceUpdateDate><ItemCode>7290012117572</ItemCode><ItemType>1</ItemType><ItemName>מב כפפות סנו סושי לט</ItemName><ManufacturerName>סנו סושי</ManufacturerName><ManufactureCountry>ישראל</ManufactureCountry><ManufacturerItemDescription>מב כפפות סנו סושי לט</ManufacturerItemDescription><SoldByWeight/><Quantity>100.00</Quantity><UnitOfMeasure>בודד</UnitOfMeasure><QtyInPackage>לא ידוע</QtyInPackage><UnitOfMeasurePrice>0.2490</UnitOfMeasurePrice><AllowDiscount>1</AllowDiscount><ItemStatus>1</ItemStatus><ItemPrice>24.90</ItemPrice></item><item><PriceUpdateDate>2016-03-29 06:36:47</PriceUpdateDate><ItemCode>7290012117589</ItemCode><ItemType>1</ItemType><ItemName>מב כפפות סנו סושי לט</ItemName><ManufacturerName>סנו סושי</ManufacturerName><ManufactureCountry>ישראל</ManufactureCountry><ManufacturerItemDescription>מב כפפות סנו סושי לט</ManufacturerItemDescription><SoldByWeight/><Quantity>100.00</Quantity><UnitOfMeasure>בודד</UnitOfMeasure><QtyInPackage>לא ידוע</QtyInPackage><UnitOfMeasurePrice>0.2490</UnitOfMeasurePrice><AllowDiscount>1</AllowDiscount><ItemStatus>1</ItemStatus><ItemPrice>24.90</ItemPrice></item><item><PriceUpdateDate>2014-11-03 06:37:02</PriceUpdateDate><ItemCode>7290012139000</ItemCode><ItemType>1</ItemType><ItemName>מטרנה פסטה מאמי נקוד</ItemName><ManufacturerName>לא ידוע</ManufacturerName><ManufactureCountry>ישראל</ManufactureCountry><ManufacturerItemDescription>מטרנה פסטה מאמי נקוד</ManufacturerItemDescription><SoldByWeight/><Quantity>320.00</Quantity><UnitOfMeasure>גרם     </UnitOfMeasure><QtyInPackage>לא ידוע</QtyInPackage><UnitOfMeasurePrice>0.0400</UnitOfMeasurePrice><AllowDiscount>1</AllowDiscount><ItemStatus>1</ItemStatus><ItemPrice>12.80</ItemPrice></item><item><PriceUpdateDate>2016-05-30 22:04:37</PriceUpdateDate><ItemCode>7290012139482</ItemCode><ItemType>1</ItemType><ItemName>מב עצם לחוצה בונזו ג</ItemName><ManufacturerName>בונזו</ManufacturerName><ManufactureCountry>ישראל</ManufactureCountry><ManufacturerItemDescription>מב עצם לחוצה בונזו ג</ManufacturerItemDescription><SoldByWeight/><Quantity>160.00</Quantity><UnitOfMeasure>גרם     </UnitOfMeasure><QtyInPackage>לא ידוע</QtyInPackage><UnitOfMeasurePrice>0.0869</UnitOfMeasurePrice><AllowDiscount>1</AllowDiscount><ItemStatus>1</ItemStatus><ItemPrice>13.90</ItemPrice></item><item><PriceUpdateDate>2016-05-01 21:47:00</PriceUpdateDate><ItemCode>7290012151958</ItemCode><ItemType>1</ItemType><ItemName>אקונומיקה כחול 4 ליט</ItemName><ManufacturerName>"המותג"</ManufacturerName><ManufactureCountry>ישראל</ManufactureCountry><ManufacturerItemDescription>אקונומיקה כחול 4 ליט</ManufacturerItemDescription><SoldByWeight/><Quantity>4000.00</Quantity><UnitOfMeasure>מ"ל</UnitOfMeasure><QtyInPackage>לא ידוע</QtyInPackage><UnitOfMeasurePrice>0.0025</UnitOfMeasurePrice><AllowDiscount>1</AllowDiscount><ItemStatus>1</ItemStatus><ItemPrice>9.90</ItemPrice></item><item><PriceUpdateDate>2016-05-30 22:04:38</PriceUpdateDate><ItemCode>7290012159275</ItemCode><ItemType>1</ItemType><ItemName>מב מיונז קלאסי קטן ל</ItemName><ManufacturerName>לא ממותג</ManufacturerName><ManufactureCountry>ישראל</ManufactureCountry><ManufacturerItemDescription>מיונז אמיתי 430 LINA גרם</ManufacturerItemDescription><SoldByWeight/><Quantity>430.00</Quantity><UnitOfMeasure>גרם     </UnitOfMeasure><QtyInPackage>לא ידוע</QtyInPackage><UnitOfMeasurePrice>0.0230</UnitOfMeasurePrice><AllowDiscount>1</AllowDiscount><ItemStatus>1</ItemStatus><ItemPrice>9.90</ItemPrice></item><item><PriceUpdateDate>2016-05-30 22:04:38</PriceUpdateDate><ItemCode>7290012159404</ItemCode><ItemType>1</ItemType><ItemName>מב לבבות דקל שלמים 4</ItemName><ManufacturerName>לא ממותג</ManufacturerName><ManufactureCountry>ישראל</ManufactureCountry><ManufacturerItemDescription>לבבות דקל שלמים 400 גרם</ManufacturerItemDescription><SoldByWeight/><Quantity>400.00</Quantity><UnitOfMeasure>גרם     </UnitOfMeasure><QtyInPackage>לא ידוע</QtyInPackage><UnitOfMeasurePrice>0.0248</UnitOfMeasurePrice><AllowDiscount>1</AllowDiscount><ItemStatus>1</ItemStatus><ItemPrice>9.90</ItemPrice></item><item><PriceUpdateDate>2015-10-29 13:52:41</PriceUpdateDate><ItemCode>7290012173059</ItemCode><ItemType>1</ItemType><ItemName>מנצ'ס  350 גרם</ItemName><ManufacturerName>זארובי</ManufacturerName><ManufactureCountry>ישראל</ManufactureCountry><ManufacturerItemDescription>מנצ'ס  350 גרם</ManufacturerItemDescription><SoldByWeight/><Quantity>350.00</Quantity><UnitOfMeasure>גרם     </UnitOfMeasure><QtyInPackage>לא ידוע</QtyInPackage><UnitOfMeasurePrice>0.0311</UnitOfMeasurePrice><AllowDiscount>1</AllowDiscount><ItemStatus>1</ItemStatus><ItemPrice>10.90</ItemPrice></item><item><PriceUpdateDate>2016-05-15 12:47:27</PriceUpdateDate><ItemCode>7290012173141</ItemCode><ItemType>1</ItemType><ItemName>מיקס חמוציות פקאן טב</ItemName><ManufacturerName>זארובי</ManufacturerName><ManufactureCountry>ישראל</ManufactureCountry><ManufacturerItemDescription>מיקס חמוציות פקאן טב</ManufacturerItemDescription><SoldByWeight/><Quantity>170.00</Quantity><UnitOfMeasure>גרם     </UnitOfMeasure><QtyInPackage>לא ידוע</QtyInPackage><UnitOfMeasurePrice>0.0759</UnitOfMeasurePrice><AllowDiscount>1</AllowDiscount><ItemStatus>1</ItemStatus><ItemPrice>12.90</ItemPrice></item><item><PriceUpdateDate>2015-11-16 11:40:32</PriceUpdateDate><ItemCode>7290012173158</ItemCode><ItemType>1</ItemType><ItemName>סוכריות ג'לי בינס 15</ItemName><ManufacturerName>זארובי</ManufacturerName><ManufactureCountry>ישראל</ManufactureCountry><ManufacturerItemDescription>סוכריות ג'לי בינס 15</ManufacturerItemDescription><SoldByWeight/><Quantity>150.00</Quantity><UnitOfMeasure>גרם     </UnitOfMeasure><QtyInPackage>לא ידוע</QtyInPackage><UnitOfMeasurePrice>0.0473</UnitOfMeasurePrice><AllowDiscount>1</AllowDiscount><ItemStatus>1</ItemStatus><ItemPrice>7.10</ItemPrice></item><item><PriceUpdateDate>2014-12-10 08:03:11</PriceUpdateDate><ItemCode>7290012173257</ItemCode><ItemType>1</ItemType><ItemName>צימוק שחור 350 גרם</ItemName><ManufacturerName>זארובי</ManufacturerName><ManufactureCountry>ישראל</ManufactureCountry><ManufacturerItemDescription>צימוק שחור 350 גרם</ManufacturerItemDescription><SoldByWeight/><Quantity>350.00</Quantity><UnitOfMeasure>גרם     </UnitOfMeasure><QtyInPackage>לא ידוע</QtyInPackage><UnitOfMeasurePrice>0.0369</UnitOfMeasurePrice><AllowDiscount>1</AllowDiscount><ItemStatus>1</ItemStatus><ItemPrice>12.90</ItemPrice></item><item><PriceUpdateDate>2014-12-10 08:03:11</PriceUpdateDate><ItemCode>7290012173264</ItemCode><ItemType>1</ItemType><ItemName>משמש 350 גרם</ItemName><ManufacturerName>זארובי</ManufacturerName><ManufactureCountry>ישראל</ManufactureCountry><ManufacturerItemDescription>משמש 350 גרם</ManufacturerItemDescription><SoldByWeight/><Quantity>350.00</Quantity><UnitOfMeasure>גרם     </UnitOfMeasure><QtyInPackage>לא ידוע</QtyInPackage><UnitOfMeasurePrice>0.0369</UnitOfMeasurePrice><AllowDiscount>1</AllowDiscount><ItemStatus>1</ItemStatus><ItemPrice>12.90</ItemPrice></item><item><PriceUpdateDate>2014-11-03 06:38:41</PriceUpdateDate><ItemCode>7290012173271</ItemCode><ItemType>1</ItemType><ItemName>שקד טבעי 350 גרם</ItemName><ManufacturerName>זארובי</ManufacturerName><ManufactureCountry>ישראל</ManufactureCountry><ManufacturerItemDescription>שקד טבעי 350 גרם</ManufacturerItemDescription><SoldByWeight/><Quantity>350.00</Quantity><UnitOfMeasure>גרם     </UnitOfMeasure><QtyInPackage>לא ידוע</QtyInPackage><UnitOfMeasurePrice>0.0826</UnitOfMeasurePrice><AllowDiscount>1</AllowDiscount><ItemStatus>1</ItemStatus><ItemPrice>28.90</ItemPrice></item><item><PriceUpdateDate>2015-08-31 12:39:20</PriceUpdateDate><ItemCode>7290012173288</ItemCode><ItemType>1</ItemType><ItemName>מינימוטו 170 גרם</ItemName><ManufacturerName>זארובי</ManufacturerName><ManufactureCountry>לא ידוע</ManufactureCountry><ManufacturerItemDescription>מינימוטו 170 גרם</ManufacturerItemDescription><SoldByWeight/><Quantity>170.00</Quantity><UnitOfMeasure>גרם     </UnitOfMeasure><QtyInPackage>לא ידוע</QtyInPackage><UnitOfMeasurePrice>0.0271</UnitOfMeasurePrice><AllowDiscount>1</AllowDiscount><ItemStatus>1</ItemStatus><ItemPrice>4.60</ItemPrice></item><item><PriceUpdateDate>2015-08-31 12:39:20</PriceUpdateDate><ItemCode>7290012173295</ItemCode><ItemType>1</ItemType><ItemName>קבוקים 150 גרם</ItemName><ManufacturerName>זארובי</ManufacturerName><ManufactureCountry>לא ידוע</ManufactureCountry><ManufacturerItemDescription>קבוקים 150 גרם</ManufacturerItemDescription><SoldByWeight/><Quantity>150.00</Quantity><UnitOfMeasure>גרם     </UnitOfMeasure><QtyInPackage>לא ידוע</QtyInPackage><UnitOfMeasurePrice>0.0293</UnitOfMeasurePrice><AllowDiscount>1</AllowDiscount><ItemStatus>1</ItemStatus><ItemPrice>4.40</ItemPrice></item><item><PriceUpdateDate>2014-11-03 06:38:41</PriceUpdateDate><ItemCode>7290012173325</ItemCode><ItemType>1</ItemType><ItemName>בוטנים קלופים בקופסא</ItemName><ManufacturerName>לא ממותג</ManufacturerName><ManufactureCountry>ישראל</ManufactureCountry><ManufacturerItemDescription>בוטנים קלופים בקופסא</ManufacturerItemDescription><SoldByWeight/><Quantity>350.00</Quantity><UnitOfMeasure>גרם     </UnitOfMeasure><QtyInPackage>לא ידוע</QtyInPackage><UnitOfMeasurePrice>0.0540</UnitOfMeasurePrice><AllowDiscount>1</AllowDiscount><ItemStatus>1</ItemStatus><ItemPrice>18.90</ItemPrice></item><item><PriceUpdateDate>2014-11-03 06:38:41</PriceUpdateDate><ItemCode>7290012173615</ItemCode><ItemType>1</ItemType><ItemName>פקאן סיני 150 גרם</ItemName><ManufacturerName>זארובי</ManufacturerName><ManufactureCountry>ישראל</ManufactureCountry><ManufacturerItemDescription>פקאן סיני 150 גרם</ManufacturerItemDescription><SoldByWeight/><Quantity>150.00</Quantity><UnitOfMeasure>גרם     </UnitOfMeasure><QtyInPackage>לא ידוע</QtyInPackage><UnitOfMeasurePrice>0.0993</UnitOfMeasurePrice><AllowDiscount>1</AllowDiscount><ItemStatus>1</ItemStatus><ItemPrice>14.90</ItemPrice></item><item><PriceUpdateDate>2015-11-16 11:40:33</PriceUpdateDate><ItemCode>7290012173653</ItemCode><ItemType>1</ItemType><ItemName>סוכריות גומי יין 100</ItemName><ManufacturerName>זארובי</ManufacturerName><ManufactureCountry>ישראל</ManufactureCountry><ManufacturerItemDescription>סוכריות גומי יין 100</ManufacturerItemDescription><SoldByWeight/><Quantity>100.00</Quantity><UnitOfMeasure>גרם     </UnitOfMeasure><QtyInPackage>לא ידוע</QtyInPackage><UnitOfMeasurePrice>0.0710</UnitOfMeasurePrice><AllowDiscount>1</AllowDiscount><ItemStatus>1</ItemStatus><ItemPrice>7.10</ItemPrice></item><item><PriceUpdateDate>2015-11-16 11:40:33</PriceUpdateDate><ItemCode>7290012173677</ItemCode><ItemType>1</ItemType><ItemName>סוכריות נחשים 100 גר</ItemName><ManufacturerName>זארובי</ManufacturerName><ManufactureCountry>ישראל</ManufactureCountry><ManufacturerItemDescription>סוכריות נחשים 100 גר</ManufacturerItemDescription><SoldByWeight/><Quantity>100.00</Quantity><UnitOfMeasure>גרם     </UnitOfMeasure><QtyInPackage>לא ידוע</QtyInPackage><UnitOfMeasurePrice>0.0710</UnitOfMeasurePrice><AllowDiscount>1</AllowDiscount><ItemStatus>1</ItemStatus><ItemPrice>7.10</ItemPrice></item><item><PriceUpdateDate>2014-11-03 06:38:41</PriceUpdateDate><ItemCode>7290012173820</ItemCode><ItemType>1</ItemType><ItemName>פיסטוק קלוי 150 גרם</ItemName><ManufacturerName>זארובי</ManufacturerName><ManufactureCountry>ישראל</ManufactureCountry><ManufacturerItemDescription>פיסטוק קלוי 150 גרם</ManufacturerItemDescription><SoldByWeight/><Quantity>150.00</Quantity><UnitOfMeasure>גרם     </UnitOfMeasure><QtyInPackage>לא ידוע</QtyInPackage><UnitOfMeasurePrice>0.0993</UnitOfMeasurePrice><AllowDiscount>1</AllowDiscount><ItemStatus>1</ItemStatus><ItemPrice>14.90</ItemPrice></item><item><PriceUpdateDate>2015-10-21 13:55:31</PriceUpdateDate><ItemCode>7290012173844</ItemCode><ItemType>1</ItemType><ItemName>שקד קלוי 170 גרם</ItemName><ManufacturerName>זארובי</ManufacturerName><ManufactureCountry>ישראל</ManufactureCountry><ManufacturerItemDescription>שקד קלוי 170 גרם</ManufacturerItemDescription><SoldByWeight/><Quantity>170.00</Quantity><UnitOfMeasure>גרם     </UnitOfMeasure><QtyInPackage>לא ידוע</QtyInPackage><UnitOfMeasurePrice>0.1253</UnitOfMeasurePrice><AllowDiscount>1</AllowDiscount><ItemStatus>1</ItemStatus><ItemPrice>21.30</ItemPrice></item><item><PriceUpdateDate>2015-10-22 16:27:25</PriceUpdateDate><ItemCode>7290012173875</ItemCode><ItemType>1</ItemType><ItemName>גרעיני דלעת 300 גרם</ItemName><ManufacturerName>זארובי</ManufacturerName><ManufactureCountry>ישראל</ManufactureCountry><ManufacturerItemDescription>גרעיני דלעת 300 גרם</ManufacturerItemDescription><SoldByWeight/><Quantity>300.00</Quantity><UnitOfMeasure>גרם     </UnitOfMeasure><QtyInPackage>לא ידוע</QtyInPackage><UnitOfMeasurePrice>0.0363</UnitOfMeasurePrice><AllowDiscount>1</AllowDiscount><ItemStatus>1</ItemStatus><ItemPrice>10.90</ItemPrice></item><item><PriceUpdateDate>2014-11-03 06:38:41</PriceUpdateDate><ItemCode>7290012173882</ItemCode><ItemType>1</ItemType><ItemName>גרעיני חמניה 350 גרם</ItemName><ManufacturerName>זארובי</ManufacturerName><ManufactureCountry>ישראל</ManufactureCountry><ManufacturerItemDescription>גרעיני חמניה 350 גרם</ManufacturerItemDescription><SoldByWeight/><Quantity>350.00</Quantity><UnitOfMeasure>גרם     </UnitOfMeasure><QtyInPackage>לא ידוע</QtyInPackage><UnitOfMeasurePrice>0.0311</UnitOfMeasurePrice><AllowDiscount>1</AllowDiscount><ItemStatus>1</ItemStatus><ItemPrice>10.90</ItemPrice></item><item><PriceUpdateDate>2015-10-22 16:27:25</PriceUpdateDate><ItemCode>7290012173912</ItemCode><ItemType>1</ItemType><ItemName>חמוציות 300 גרם</ItemName><ManufacturerName>זארובי</ManufacturerName><ManufactureCountry>ישראל</ManufactureCountry><ManufacturerItemDescription>חמוציות 300 גרם</ManufacturerItemDescription><SoldByWeight/><Quantity>300.00</Quantity><UnitOfMeasure>גרם     </UnitOfMeasure><QtyInPackage>לא ידוע</QtyInPackage><UnitOfMeasurePrice>0.0430</UnitOfMeasurePrice><AllowDiscount>1</AllowDiscount><ItemStatus>1</ItemStatus><ItemPrice>12.90</ItemPrice></item><item><PriceUpdateDate>2014-11-03 06:38:41</PriceUpdateDate><ItemCode>7290012173936</ItemCode><ItemType>1</ItemType><ItemName>אגוז ברזיל טבעי 170</ItemName><ManufacturerName>זארובי</ManufacturerName><ManufactureCountry>ישראל</ManufactureCountry><ManufacturerItemDescription>אגוז ברזיל טבעי 170</ManufacturerItemDescription><SoldByWeight/><Quantity>170.00</Quantity><UnitOfMeasure>גרם     </UnitOfMeasure><QtyInPackage>לא ידוע</QtyInPackage><UnitOfMeasurePrice>0.1112</UnitOfMeasurePrice><AllowDiscount>1</AllowDiscount><ItemStatus>1</ItemStatus><ItemPrice>18.90</ItemPrice></item><item><PriceUpdateDate>2014-12-10 08:03:11</PriceUpdateDate><ItemCode>7290012173981</ItemCode><ItemType>1</ItemType><ItemName>שזיפים 350 גרם</ItemName><ManufacturerName>זארובי</ManufacturerName><ManufactureCountry>ישראל</ManufactureCountry><ManufacturerItemDescription>שזיפים 350 גרם</ManufacturerItemDescription><SoldByWeight/><Quantity>350.00</Quantity><UnitOfMeasure>גרם     </UnitOfMeasure><QtyInPackage>לא ידוע</QtyInPackage><UnitOfMeasurePrice>0.0369</UnitOfMeasurePrice><AllowDiscount>1</AllowDiscount><ItemStatus>1</ItemStatus><ItemPrice>12.90</ItemPrice></item><item><PriceUpdateDate>2014-12-10 08:03:11</PriceUpdateDate><ItemCode>7290012173998</ItemCode><ItemType>1</ItemType><ItemName>צימוק בהיר 350 גרם</ItemName><ManufacturerName>זארובי</ManufacturerName><ManufactureCountry>ישראל</ManufactureCountry><ManufacturerItemDescription>צימוק בהיר 350 גרם</ManufacturerItemDescription><SoldByWeight/><Quantity>350.00</Quantity><UnitOfMeasure>גרם     </UnitOfMeasure><QtyInPackage>לא ידוע</QtyInPackage><UnitOfMeasurePrice>0.0369</UnitOfMeasurePrice><AllowDiscount>1</AllowDiscount><ItemStatus>1</ItemStatus><ItemPrice>12.90</ItemPrice></item><item><PriceUpdateDate>2016-02-02 06:51:28</PriceUpdateDate><ItemCode>7290012193163</ItemCode><ItemType>1</ItemType><ItemName>מב אל סבון נוזלי פמל</ItemName><ManufacturerName>פמילי</ManufacturerName><ManufactureCountry>ישראל</ManufactureCountry><ManufacturerItemDescription>מב אל סבון נוזלי פמל</ManufacturerItemDescription><SoldByWeight/><Quantity>1000.00</Quantity><UnitOfMeasure>מ"ל</UnitOfMeasure><QtyInPackage>לא ידוע</QtyInPackage><UnitOfMeasurePrice>0.0119</UnitOfMeasurePrice><AllowDiscount>1</AllowDiscount><ItemStatus>1</ItemStatus><ItemPrice>11.90</ItemPrice></item><item><PriceUpdateDate>2016-05-02 08:05:55</PriceUpdateDate><ItemCode>7290012193170</ItemCode><ItemType>1</ItemType><ItemName>מב אל סבון נוזלי פמל</ItemName><ManufacturerName>פמילי</ManufacturerName><ManufactureCountry>ישראל</ManufactureCountry><ManufacturerItemDescription>פמלי אל סבון אפרסק 500 1/</ManufacturerItemDescription><SoldByWeight/><Quantity>1500.00</Quantity><UnitOfMeasure>מ"ל</UnitOfMeasure><QtyInPackage>לא ידוע</QtyInPackage><UnitOfMeasurePrice>0.0099</UnitOfMeasurePrice><AllowDiscount>1</AllowDiscount><ItemStatus>1</ItemStatus><ItemPrice>14.90</ItemPrice></item><item><PriceUpdateDate>2016-03-29 06:36:48</PriceUpdateDate><ItemCode>7290012226021</ItemCode><ItemType>1</ItemType><ItemName>מב סלמי מעושן פראג ת</ItemName><ManufacturerName>זוגלובק</ManufacturerName><ManufactureCountry>ישראל</ManufactureCountry><ManufacturerItemDescription>מב סלמי מעושן פראג ת</ManufacturerItemDescription><SoldByWeight/><Quantity>400.00</Quantity><UnitOfMeasure>גרם     </UnitOfMeasure><QtyInPackage>לא ידוע</QtyInPackage><UnitOfMeasurePrice>0.0422</UnitOfMeasurePrice><AllowDiscount>1</AllowDiscount><ItemStatus>1</ItemStatus><ItemPrice>16.90</ItemPrice></item><item><PriceUpdateDate>2015-11-12 18:19:41</PriceUpdateDate><ItemCode>7290012226786</ItemCode><ItemType>1</ItemType><ItemName>חטיפי קבנוס 120 גרם</ItemName><ManufacturerName>זוגלובק</ManufacturerName><ManufactureCountry>ישראל</ManufactureCountry><ManufacturerItemDescription>חטיפי קבנוס 120 גרם</ManufacturerItemDescription><SoldByWeight/><Quantity>120.00</Quantity><UnitOfMeasure>גרם     </UnitOfMeasure><QtyInPackage>לא ידוע</QtyInPackage><UnitOfMeasurePrice>0.0933</UnitOfMeasurePrice><AllowDiscount>1</AllowDiscount><ItemStatus>1</ItemStatus><ItemPrice>11.20</ItemPrice></item><item><PriceUpdateDate>2016-05-30 22:04:38</PriceUpdateDate><ItemCode>7290012226922</ItemCode><ItemType>1</ItemType><ItemName>קבנוס בטעם שום 135 ג</ItemName><ManufacturerName>זוגלובק</ManufacturerName><ManufactureCountry>ישראל</ManufactureCountry><ManufacturerItemDescription>קבנוס עם שום 135 גר</ManufacturerItemDescription><SoldByWeight/><Quantity>135.00</Quantity><UnitOfMeasure>גרם     </UnitOfMeasure><QtyInPackage>לא ידוע</QtyInPackage><UnitOfMeasurePrice>0.1067</UnitOfMeasurePrice><AllowDiscount>1</AllowDiscount><ItemStatus>1</ItemStatus><ItemPrice>14.40</ItemPrice></item><item><PriceUpdateDate>2016-05-02 08:05:55</PriceUpdateDate><ItemCode>7290012226977</ItemCode><ItemType>1</ItemType><ItemName>המבורגר בקר מרכיבים</ItemName><ManufacturerName>זוגלובק</ManufacturerName><ManufactureCountry>ישראל</ManufactureCountry><ManufacturerItemDescription>המבורגר בקר 100% רכיבים ט</ManufacturerItemDescription><SoldByWeight/><Quantity>360.00</Quantity><UnitOfMeasure>גרם     </UnitOfMeasure><QtyInPackage>לא ידוע</QtyInPackage><UnitOfMeasurePrice>0.0553</UnitOfMeasurePrice><AllowDiscount>1</AllowDiscount><ItemStatus>1</ItemStatus><ItemPrice>19.90</ItemPrice></item><item><PriceUpdateDate>2016-05-30 22:04:38</PriceUpdateDate><ItemCode>7290012227172</ItemCode><ItemType>1</ItemType><ItemName>מב מארז נקניק חרמון</ItemName><ManufacturerName>זוגלובק</ManufacturerName><ManufactureCountry>ישראל</ManufactureCountry><ManufacturerItemDescription>מב מארז נקניק חרמון</ManufacturerItemDescription><SoldByWeight/><Quantity>600.00</Quantity><UnitOfMeasure>גרם     </UnitOfMeasure><QtyInPackage>לא ידוע</QtyInPackage><UnitOfMeasurePrice>0.0465</UnitOfMeasurePrice><AllowDiscount>1</AllowDiscount><ItemStatus>1</ItemStatus><ItemPrice>27.90</ItemPrice></item><item><PriceUpdateDate>2016-05-30 22:04:38</PriceUpdateDate><ItemCode>7290012227349</ItemCode><ItemType>1</ItemType><ItemName>רביעיית בסיס בצק עם</ItemName><ManufacturerName>זוגלובק</ManufacturerName><ManufactureCountry>ישראל</ManufactureCountry><ManufacturerItemDescription>בסיס מאפה לפיצה אישי 4 יח</ManufacturerItemDescription><SoldByWeight/><Quantity>650.00</Quantity><UnitOfMeasure>גרם     </UnitOfMeasure><QtyInPackage>לא ידוע</QtyInPackage><UnitOfMeasurePrice>0.0265</UnitOfMeasurePrice><AllowDiscount>1</AllowDiscount><ItemStatus>1</ItemStatus><ItemPrice>17.20</ItemPrice></item><item><PriceUpdateDate>2016-03-30 06:43:13</PriceUpdateDate><ItemCode>7290012227646</ItemCode><ItemType>1</ItemType><ItemName>מב נקניקיות עוף 800</ItemName><ManufacturerName>זוגלובק</ManufacturerName><ManufactureCountry>ישראל</ManufactureCountry><ManufacturerItemDescription>מב נקניקיות עוף 800</ManufacturerItemDescription><SoldByWeight/><Quantity>800.00</Quantity><UnitOfMeasure>גרם     </UnitOfMeasure><QtyInPackage>לא ידוע</QtyInPackage><UnitOfMeasurePrice>0.0299</UnitOfMeasurePrice><AllowDiscount>1</AllowDiscount><ItemStatus>1</ItemStatus><ItemPrice>23.90</ItemPrice></item><item><PriceUpdateDate>2016-05-30 22:04:39</PriceUpdateDate><ItemCode>7290012227905</ItemCode><ItemType>1</ItemType><ItemName>המבורגר מסעדות 360 ג</ItemName><ManufacturerName>זוגלובק</ManufacturerName><ManufactureCountry>ישראל</ManufactureCountry><ManufacturerItemDescription>המבורגר זהב 400 גר</ManufacturerItemDescription><SoldByWeight/><Quantity>360.00</Quantity><UnitOfMeasure>גרם     </UnitOfMeasure><QtyInPackage>לא ידוע</QtyInPackage><UnitOfMeasurePrice>0.0553</UnitOfMeasurePrice><AllowDiscount>1</AllowDiscount><ItemStatus>1</ItemStatus><ItemPrice>19.90</ItemPrice></item><item><PriceUpdateDate>2015-10-11 08:15:28</PriceUpdateDate><ItemCode>7290012275401</ItemCode><ItemType>1</ItemType><ItemName>בירה מולר 500 מ"ל בק</ItemName><ManufacturerName>לא ממותג</ManufacturerName><ManufactureCountry>פולין</ManufactureCountry><ManufacturerItemDescription>בירה מולר 500 מל</ManufacturerItemDescription><SoldByWeight/><Quantity>500.00</Quantity><UnitOfMeasure>מ"ל</UnitOfMeasure><QtyInPackage>לא ידוע</QtyInPackage><UnitOfMeasurePrice>0.0122</UnitOfMeasurePrice><AllowDiscount>1</AllowDiscount><ItemStatus>1</ItemStatus><ItemPrice>6.10</ItemPrice></item><item><PriceUpdateDate>2016-05-30 22:04:39</PriceUpdateDate><ItemCode>7290012333255</ItemCode><ItemType>1</ItemType><ItemName>מיזלי פריך עם שוקולד</ItemName><ManufacturerName>"המותג"</ManufacturerName><ManufactureCountry>לא ידוע</ManufactureCountry><ManufacturerItemDescription>מיזלי פריך עם שוקולד</ManufacturerItemDescription><SoldByWeight/><Quantity>375.00</Quantity><UnitOfMeasure>גרם     </UnitOfMeasure><QtyInPackage>לא ידוע</QtyInPackage><UnitOfMeasurePrice>0.0397</UnitOfMeasurePrice><AllowDiscount>1</AllowDiscount><ItemStatus>1</ItemStatus><ItemPrice>14.90</ItemPrice></item><item><PriceUpdateDate>2016-05-30 22:04:39</PriceUpdateDate><ItemCode>7290012333309</ItemCode><ItemType>1</ItemType><ItemName>מולטי גריין פתיתי או</ItemName><ManufacturerName>"המותג"</ManufacturerName><ManufactureCountry>לא ידוע</ManufactureCountry><ManufacturerItemDescription>מולטי גריין פתיתי או</ManufacturerItemDescription><SoldByWeight/><Quantity>375.00</Quantity><UnitOfMeasure>גרם     </UnitOfMeasure><QtyInPackage>לא ידוע</QtyInPackage><UnitOfMeasurePrice>0.0397</UnitOfMeasurePrice><AllowDiscount>1</AllowDiscount><ItemStatus>1</ItemStatus><ItemPrice>14.90</ItemPrice></item><item><PriceUpdateDate>2016-05-30 22:04:39</PriceUpdateDate><ItemCode>7290012333675</ItemCode><ItemType>1</ItemType><ItemName>מיזלי פריך עם צימוקי</ItemName><ManufacturerName>"המותג"</ManufacturerName><ManufactureCountry>לא ידוע</ManufactureCountry><ManufacturerItemDescription>מיזלי פריך עם צימוקי</ManufacturerItemDescription><SoldByWeight/><Quantity>375.00</Quantity><UnitOfMeasure>גרם     </UnitOfMeasure><QtyInPackage>לא ידוע</QtyInPackage><UnitOfMeasurePrice>0.0397</UnitOfMeasurePrice><AllowDiscount>1</AllowDiscount><ItemStatus>1</ItemStatus><ItemPrice>14.90</ItemPrice></item><item><PriceUpdateDate>2015-11-03 08:38:55</PriceUpdateDate><ItemCode>7290012333767</ItemCode><ItemType>1</ItemType><ItemName>קורנפלקס 750 גרם המו</ItemName><ManufacturerName>"המותג"</ManufacturerName><ManufactureCountry>לא ידוע</ManufactureCountry><ManufacturerItemDescription>קורנפלקס 750 גרם המו</ManufacturerItemDescription><SoldByWeight/><Quantity>750.00</Quantity><UnitOfMeasure>גרם     </UnitOfMeasure><QtyInPackage>לא ידוע</QtyInPackage><UnitOfMeasurePrice>0.0172</UnitOfMeasurePrice><AllowDiscount>1</AllowDiscount><ItemStatus>1</ItemStatus><ItemPrice>12.90</ItemPrice></item><item><PriceUpdateDate>2016-05-30 22:04:39</PriceUpdateDate><ItemCode>7290012404146</ItemCode><ItemType>1</ItemType><ItemName>שוופס פרוט תפוחים 1.</ItemName><ManufacturerName>שוופס</ManufacturerName><ManufactureCountry>ישראל</ManufactureCountry><ManufacturerItemDescription>שוופס פירות תפוחים 1.5 לי</ManufacturerItemDescription><SoldByWeight/><Quantity>1500.00</Quantity><UnitOfMeasure>מ"ל</UnitOfMeasure><QtyInPackage>לא ידוע</QtyInPackage><UnitOfMeasurePrice>0.0053</UnitOfMeasurePrice><AllowDiscount>1</AllowDiscount><ItemStatus>1</ItemStatus><ItemPrice>7.90</ItemPrice></item><item><PriceUpdateDate>2016-05-30 22:04:39</PriceUpdateDate><ItemCode>7290012404160</ItemCode><ItemType>1</ItemType><ItemName>שוופס פרוט אשכולית א</ItemName><ManufacturerName>שוופס</ManufacturerName><ManufactureCountry>ישראל</ManufactureCountry><ManufacturerItemDescription>שוופס פירות אשכולית אדומה</ManufacturerItemDescription><SoldByWeight/><Quantity>1500.00</Quantity><UnitOfMeasure>מ"ל</UnitOfMeasure><QtyInPackage>לא ידוע</QtyInPackage><UnitOfMeasurePrice>0.0053</UnitOfMeasurePrice><AllowDiscount>1</AllowDiscount><ItemStatus>1</ItemStatus><ItemPrice>7.90</ItemPrice></item><item><PriceUpdateDate>2016-06-01 06:33:16</PriceUpdateDate><ItemCode>7290012404238</ItemCode><ItemType>1</ItemType><ItemName>שוופס RUSSCHIAN 1.5</ItemName><ManufacturerName>שוופס</ManufacturerName><ManufactureCountry>ישראל</ManufactureCountry><ManufacturerItemDescription>שוופס 1.5 RUSSCHIAN ליטר</ManufacturerItemDescription><SoldByWeight/><Quantity>1500.00</Quantity><UnitOfMeasure>מ"ל</UnitOfMeasure><QtyInPackage>לא ידוע</QtyInPackage><UnitOfMeasurePrice>0.0073</UnitOfMeasurePrice><AllowDiscount>1</AllowDiscount><ItemStatus>1</ItemStatus><ItemPrice>10.90</ItemPrice></item><item><PriceUpdateDate>2016-05-30 22:04:39</PriceUpdateDate><ItemCode>7290012404320</ItemCode><ItemType>1</ItemType><ItemName>ספרינג 1.5 ליטר בטעם</ItemName><ManufacturerName>קריסטל משק"ל</ManufacturerName><ManufactureCountry>ישראל</ManufactureCountry><ManufacturerItemDescription>ספרינג ענבים 1.5 ליטר</ManufacturerItemDescription><SoldByWeight/><Quantity>1500.00</Quantity><UnitOfMeasure>מ"ל</UnitOfMeasure><QtyInPackage>לא ידוע</QtyInPackage><UnitOfMeasurePrice>0.0039</UnitOfMeasurePrice><AllowDiscount>1</AllowDiscount><ItemStatus>1</ItemStatus><ItemPrice>5.90</ItemPrice></item><item><PriceUpdateDate>2016-03-01 06:55:04</PriceUpdateDate><ItemCode>7290012404863</ItemCode><ItemType>1</ItemType><ItemName>ספרינג טי "טעם נולד"</ItemName><ManufacturerName>ספרינג טי</ManufacturerName><ManufactureCountry>ישראל</ManufactureCountry><ManufacturerItemDescription>ספרינג תה קר מנגו אפרסק 1</ManufacturerItemDescription><SoldByWeight/><Quantity>1500.00</Quantity><UnitOfMeasure>מ"ל</UnitOfMeasure><QtyInPackage>לא ידוע</QtyInPackage><UnitOfMeasurePrice>0.0046</UnitOfMeasurePrice><AllowDiscount>1</AllowDiscount><ItemStatus>1</ItemStatus><ItemPrice>6.90</ItemPrice></item><item><PriceUpdateDate>2015-11-03 08:38:55</PriceUpdateDate><ItemCode>7290012404955</ItemCode><ItemType>1</ItemType><ItemName>מב נקטר ספרינג קוקלק</ItemName><ManufacturerName>ספרינג</ManufacturerName><ManufactureCountry>ישראל</ManufactureCountry><ManufacturerItemDescription>ספרינג נקטר חמוציות 1.25</ManufacturerItemDescription><SoldByWeight/><Quantity>1250.00</Quantity><UnitOfMeasure>מ"ל</UnitOfMeasure><QtyInPackage>לא ידוע</QtyInPackage><UnitOfMeasurePrice>0.0095</UnitOfMeasurePrice><AllowDiscount>1</AllowDiscount><ItemStatus>1</ItemStatus><ItemPrice>11.90</ItemPrice></item><item><PriceUpdateDate>2016-05-01 21:47:00</PriceUpdateDate><ItemCode>7290012413643</ItemCode><ItemType>1</ItemType><ItemName>תה ירוק קמומיל 25 יח</ItemName><ManufacturerName>ויסוצקי</ManufacturerName><ManufactureCountry>ישראל</ManufactureCountry><ManufacturerItemDescription>תה ירוק קמומיל 25 שקיקים</ManufacturerItemDescription><SoldByWeight/><Quantity>38.00</Quantity><UnitOfMeasure>גרם     </UnitOfMeasure><QtyInPackage>לא ידוע</QtyInPackage><UnitOfMeasurePrice>0.6553</UnitOfMeasurePrice><AllowDiscount>1</AllowDiscount><ItemStatus>1</ItemStatus><ItemPrice>24.90</ItemPrice></item><item><PriceUpdateDate>2015-11-12 17:24:22</PriceUpdateDate><ItemCode>7290012454172</ItemCode><ItemType>1</ItemType><ItemName>סוכריות ללא סוכר תות</ItemName><ManufacturerName>מיה</ManufacturerName><ManufactureCountry>ישראל</ManufactureCountry><ManufacturerItemDescription>סוכריות ללא סוכר תות</ManufacturerItemDescription><SoldByWeight/><Quantity>80.00</Quantity><UnitOfMeasure>גרם     </UnitOfMeasure><QtyInPackage>לא ידוע</QtyInPackage><UnitOfMeasurePrice>0.1137</UnitOfMeasurePrice><AllowDiscount>1</AllowDiscount><ItemStatus>1</ItemStatus><ItemPrice>9.10</ItemPrice></item><item><PriceUpdateDate>2015-11-12 17:24:22</PriceUpdateDate><ItemCode>7290012454202</ItemCode><ItemType>1</ItemType><ItemName>סוכריות ללא סוכר ריב</ItemName><ManufacturerName>מיה</ManufacturerName><ManufactureCountry>ישראל</ManufactureCountry><ManufacturerItemDescription>סוכריות ללא סוכר ריב</ManufacturerItemDescription><SoldByWeight/><Quantity>80.00</Quantity><UnitOfMeasure>גרם     </UnitOfMeasure><QtyInPackage>לא ידוע</QtyInPackage><UnitOfMeasurePrice>0.1137</UnitOfMeasurePrice><AllowDiscount>1</AllowDiscount><ItemStatus>1</ItemStatus><ItemPrice>9.10</ItemPrice></item><item><PriceUpdateDate>2015-11-12 17:24:22</PriceUpdateDate><ItemCode>7290012454592</ItemCode><ItemType>1</ItemType><ItemName>סוכריות ללא סוכר דבש</ItemName><ManufacturerName>מיה</ManufacturerName><ManufactureCountry>ישראל</ManufactureCountry><ManufacturerItemDescription>סוכריות ללא סוכר דבש</ManufacturerItemDescription><SoldByWeight/><Quantity>80.00</Quantity><UnitOfMeasure>גרם     </UnitOfMeasure><QtyInPackage>לא ידוע</QtyInPackage><UnitOfMeasurePrice>0.1137</UnitOfMeasurePrice><AllowDiscount>1</AllowDiscount><ItemStatus>1</ItemStatus><ItemPrice>9.10</ItemPrice></item><item><PriceUpdateDate>2016-03-01 06:43:45</PriceUpdateDate><ItemCode>7290012475764</ItemCode><ItemType>1</ItemType><ItemName>משקה סויה אורגני 1 ל</ItemName><ManufacturerName>לא ידוע</ManufacturerName><ManufactureCountry>לא ידוע</ManufactureCountry><ManufacturerItemDescription>משקה סויה אורגני 1 ל</ManufacturerItemDescription><SoldByWeight/><Quantity>1.00</Quantity><UnitOfMeasure>ליטר    </UnitOfMeasure><QtyInPackage>לא ידוע</QtyInPackage><UnitOfMeasurePrice>12.9000</UnitOfMeasurePrice><AllowDiscount>1</AllowDiscount><ItemStatus>1</ItemStatus><ItemPrice>12.90</ItemPrice></item><item><PriceUpdateDate>2014-11-03 06:37:09</PriceUpdateDate><ItemCode>7290012483233</ItemCode><ItemType>1</ItemType><ItemName>אנשובי ארוך בשמן זית</ItemName><ManufacturerName>לא ידוע</ManufacturerName><ManufactureCountry>ישראל</ManufactureCountry><ManufacturerItemDescription>אנשובי ארוך בשמן זית 80 ג</ManufacturerItemDescription><SoldByWeight/><Quantity>80.00</Quantity><UnitOfMeasure>גרם     </UnitOfMeasure><QtyInPackage>לא ידוע</QtyInPackage><UnitOfMeasurePrice>0.2163</UnitOfMeasurePrice><AllowDiscount>1</AllowDiscount><ItemStatus>1</ItemStatus><ItemPrice>17.30</ItemPrice></item><item><PriceUpdateDate>2015-11-12 17:42:14</PriceUpdateDate><ItemCode>7290012522581</ItemCode><ItemType>1</ItemType><ItemName>טבעול שניצל תירס ללא</ItemName><ManufacturerName>טבעול</ManufacturerName><ManufactureCountry>ישראל</ManufactureCountry><ManufacturerItemDescription>שניצל תירס ללא גלוטן 660</ManufacturerItemDescription><SoldByWeight/><Quantity>664.00</Quantity><UnitOfMeasure>גרם     </UnitOfMeasure><QtyInPackage>לא ידוע</QtyInPackage><UnitOfMeasurePrice>0.0361</UnitOfMeasurePrice><AllowDiscount>1</AllowDiscount><ItemStatus>1</ItemStatus><ItemPrice>24.00</ItemPrice></item><item><PriceUpdateDate>2015-11-12 17:42:14</PriceUpdateDate><ItemCode>7290012522734</ItemCode><ItemType>1</ItemType><ItemName>טבעול טחון מן הצומח</ItemName><ManufacturerName>טבעול</ManufacturerName><ManufactureCountry>ישראל</ManufactureCountry><ManufacturerItemDescription>טבעול טחון מן הצומח</ManufacturerItemDescription><SoldByWeight/><Quantity>400.00</Quantity><UnitOfMeasure>גרם     </UnitOfMeasure><QtyInPackage>לא ידוע</QtyInPackage><UnitOfMeasurePrice>0.0672</UnitOfMeasurePrice><AllowDiscount>1</AllowDiscount><ItemStatus>1</ItemStatus><ItemPrice>26.90</ItemPrice></item><item><PriceUpdateDate>2016-01-05 08:49:42</PriceUpdateDate><ItemCode>7290012576607</ItemCode><ItemType>1</ItemType><ItemName>יין פרמייר קברנה סוב</ItemName><ManufacturerName>יין פרמייר</ManufacturerName><ManufactureCountry>ישראל</ManufactureCountry><ManufacturerItemDescription>יין פרמייר קברנה מלבק 750</ManufacturerItemDescription><SoldByWeight/><Quantity>750.00</Quantity><UnitOfMeasure>מ"ל</UnitOfMeasure><QtyInPackage>לא ידוע</QtyInPackage><UnitOfMeasurePrice>0.0376</UnitOfMeasurePrice><AllowDiscount>1</AllowDiscount><ItemStatus>1</ItemStatus><ItemPrice>28.20</ItemPrice></item><item><PriceUpdateDate>2015-10-20 16:11:25</PriceUpdateDate><ItemCode>7290012642586</ItemCode><ItemType>1</ItemType><ItemName>ערמונים קלופים 100 ג</ItemName><ManufacturerName>לא ממותג</ManufacturerName><ManufactureCountry>ישראל</ManufactureCountry><ManufacturerItemDescription>ערמונים קלופים 100 ג</ManufacturerItemDescription><SoldByWeight/><Quantity>100.00</Quantity><UnitOfMeasure>גרם     </UnitOfMeasure><QtyInPackage>לא ידוע</QtyInPackage><UnitOfMeasurePrice>0.0740</UnitOfMeasurePrice><AllowDiscount>1</AllowDiscount><ItemStatus>1</ItemStatus><ItemPrice>7.40</ItemPrice></item><item><PriceUpdateDate>2015-10-21 13:59:18</PriceUpdateDate><ItemCode>7290012696824</ItemCode><ItemType>1</ItemType><ItemName>זוג שקיות אוכל בקופס</ItemName><ManufacturerName>"המותג"</ManufacturerName><ManufactureCountry>ישראל</ManufactureCountry><ManufacturerItemDescription>זוג שקיות אוכל בקופס</ManufacturerItemDescription><SoldByWeight/><Quantity>300.00</Quantity><UnitOfMeasure>יח'</UnitOfMeasure><QtyInPackage>לא ידוע</QtyInPackage><UnitOfMeasurePrice>0.0373</UnitOfMeasurePrice><AllowDiscount>1</AllowDiscount><ItemStatus>1</ItemStatus><ItemPrice>11.20</ItemPrice></item><item><PriceUpdateDate>2015-03-09 08:27:42</PriceUpdateDate><ItemCode>7290012697081</ItemCode><ItemType>1</ItemType><ItemName>סוכרזית מהטבע 100 שק</ItemName><ManufacturerName>לא ממותג</ManufacturerName><ManufactureCountry>ישראל</ManufactureCountry><ManufacturerItemDescription>סטיוויה 100 שקיות</ManufacturerItemDescription><SoldByWeight/><Quantity>100.00</Quantity><UnitOfMeasure>גרם     </UnitOfMeasure><QtyInPackage>לא ידוע</QtyInPackage><UnitOfMeasurePrice>0.3770</UnitOfMeasurePrice><AllowDiscount>1</AllowDiscount><ItemStatus>1</ItemStatus><ItemPrice>37.70</ItemPrice></item><item><PriceUpdateDate>2016-05-30 22:04:40</PriceUpdateDate><ItemCode>7290012803123</ItemCode><ItemType>1</ItemType><ItemName>מגבוני פרש וואנס קשמ</ItemName><ManufacturerName>פרש וואנס</ManufacturerName><ManufactureCountry>ישראל</ManufactureCountry><ManufacturerItemDescription>מגבוני פרש וואנס קשמיר רב</ManufacturerItemDescription><SoldByWeight/><Quantity>1.00</Quantity><UnitOfMeasure>יח'</UnitOfMeasure><QtyInPackage>לא ידוע</QtyInPackage><UnitOfMeasurePrice>18.7000</UnitOfMeasurePrice><AllowDiscount>1</AllowDiscount><ItemStatus>1</ItemStatus><ItemPrice>18.70</ItemPrice></item><item><PriceUpdateDate>2016-05-30 22:04:40</PriceUpdateDate><ItemCode>7290012803352</ItemCode><ItemType>1</ItemType><ItemName>מב רייד קוטל מעופפים</ItemName><ManufacturerName>רייד</ManufacturerName><ManufactureCountry>הולנד</ManufactureCountry><ManufacturerItemDescription>רייד קוטל מעופפים 300מ"ל</ManufacturerItemDescription><SoldByWeight/><Quantity>300.00</Quantity><UnitOfMeasure>מ"ל</UnitOfMeasure><QtyInPackage>לא ידוע</QtyInPackage><UnitOfMeasurePrice>0.0430</UnitOfMeasurePrice><AllowDiscount>1</AllowDiscount><ItemStatus>1</ItemStatus><ItemPrice>12.90</ItemPrice></item><item><PriceUpdateDate>2016-02-02 06:51:29</PriceUpdateDate><ItemCode>7290012803772</ItemCode><ItemType>1</ItemType><ItemName>שוקולד חלב טוסו</ItemName><ManufacturerName>טוסו</ManufacturerName><ManufactureCountry>ישראל</ManufactureCountry><ManufacturerItemDescription>שוקולד ללא סוכר 100 גרם</ManufacturerItemDescription><SoldByWeight/><Quantity>100.00</Quantity><UnitOfMeasure>גרם     </UnitOfMeasure><QtyInPackage>לא ידוע</QtyInPackage><UnitOfMeasurePrice>0.1510</UnitOfMeasurePrice><AllowDiscount>1</AllowDiscount><ItemStatus>1</ItemStatus><ItemPrice>15.10</ItemPrice></item><item><PriceUpdateDate>2016-02-08 09:00:03</PriceUpdateDate><ItemCode>7290012823374</ItemCode><ItemType>1</ItemType><ItemName>מגבוני ניקוי סנו 4 ב</ItemName><ManufacturerName>אנטי קאלק</ManufacturerName><ManufactureCountry>ישראל</ManufactureCountry><ManufacturerItemDescription>מגבוני ניקוי סנו 4 ב</ManufacturerItemDescription><SoldByWeight/><Quantity>1.00</Quantity><UnitOfMeasure>יח'</UnitOfMeasure><QtyInPackage>לא ידוע</QtyInPackage><UnitOfMeasurePrice>13.9000</UnitOfMeasurePrice><AllowDiscount>1</AllowDiscount><ItemStatus>1</ItemStatus><ItemPrice>13.90</ItemPrice></item><item><PriceUpdateDate>2016-05-30 22:04:40</PriceUpdateDate><ItemCode>7290012823381</ItemCode><ItemType>1</ItemType><ItemName>מב מרכך כביסה מקסימה</ItemName><ManufacturerName>לא ידוע</ManufacturerName><ManufactureCountry>ישראל</ManufactureCountry><ManufacturerItemDescription>מב מרכך כביסה מקסימה</ManufacturerItemDescription><SoldByWeight/><Quantity>1000.00</Quantity><UnitOfMeasure>מ"ל</UnitOfMeasure><QtyInPackage>לא ידוע</QtyInPackage><UnitOfMeasurePrice>0.0159</UnitOfMeasurePrice><AllowDiscount>1</AllowDiscount><ItemStatus>1</ItemStatus><ItemPrice>15.90</ItemPrice></item><item><PriceUpdateDate>2015-12-01 08:42:01</PriceUpdateDate><ItemCode>7290012823541</ItemCode><ItemType>1</ItemType><ItemName>ריצפז פרש מטליות ריצ</ItemName><ManufacturerName>ריצפז</ManufacturerName><ManufactureCountry>ישראל</ManufactureCountry><ManufacturerItemDescription>ריצפז מטליות לחות לרצפה 1</ManufacturerItemDescription><SoldByWeight/><Quantity>10.00</Quantity><UnitOfMeasure>בודד</UnitOfMeasure><QtyInPackage>לא ידוע</QtyInPackage><UnitOfMeasurePrice>1.7700</UnitOfMeasurePrice><AllowDiscount>1</AllowDiscount><ItemStatus>1</ItemStatus><ItemPrice>17.70</ItemPrice></item><item><PriceUpdateDate>2016-05-01 21:47:01</PriceUpdateDate><ItemCode>7290012823558</ItemCode><ItemType>1</ItemType><ItemName>מב סנו סושי מגבונים</ItemName><ManufacturerName>סנו סושי</ManufacturerName><ManufactureCountry>ישראל</ManufactureCountry><ManufacturerItemDescription>סנו סושי מטליות לחות לריצ</ManufacturerItemDescription><SoldByWeight/><Quantity>10.00</Quantity><UnitOfMeasure>בודד</UnitOfMeasure><QtyInPackage>לא ידוע</QtyInPackage><UnitOfMeasurePrice>1.0900</UnitOfMeasurePrice><AllowDiscount>1</AllowDiscount><ItemStatus>1</ItemStatus><ItemPrice>10.90</ItemPrice></item><item><PriceUpdateDate>2016-05-01 21:47:01</PriceUpdateDate><ItemCode>7290012823589</ItemCode><ItemType>1</ItemType><ItemName>סנו ריצפז פרש לימון</ItemName><ManufacturerName>סנו</ManufacturerName><ManufactureCountry>ישראל</ManufactureCountry><ManufacturerItemDescription>סנו ריצפז פרש לימון</ManufacturerItemDescription><SoldByWeight/><Quantity>2.00</Quantity><UnitOfMeasure>ליטר    </UnitOfMeasure><QtyInPackage>לא ידוע</QtyInPackage><UnitOfMeasurePrice>10.9500</UnitOfMeasurePrice><AllowDiscount>1</AllowDiscount><ItemStatus>1</ItemStatus><ItemPrice>21.90</ItemPrice></item><item><PriceUpdateDate>2016-02-02 06:51:30</PriceUpdateDate><ItemCode>7290012823602</ItemCode><ItemType>1</ItemType><ItemName>מב נייר טואלט סופט ס</ItemName><ManufacturerName>סנו סופט</ManufacturerName><ManufactureCountry>ישראל</ManufactureCountry><ManufacturerItemDescription>נייר טואלט סופט 32  יח</ManufacturerItemDescription><SoldByWeight/><Quantity>699.00</Quantity><UnitOfMeasure>מטר</UnitOfMeasure><QtyInPackage>לא ידוע</QtyInPackage><UnitOfMeasurePrice>0.0428</UnitOfMeasurePrice><AllowDiscount>1</AllowDiscount><ItemStatus>1</ItemStatus><ItemPrice>29.90</ItemPrice></item><item><PriceUpdateDate>2016-05-01 21:47:01</PriceUpdateDate><ItemCode>7290012823800</ItemCode><ItemType>1</ItemType><ItemName>מב תחליב רחצה כיף חל</ItemName><ManufacturerName>כיף</ManufacturerName><ManufactureCountry>ישראל</ManufactureCountry><ManufacturerItemDescription>מב תחליב רחצה כיף חל</ManufacturerItemDescription><SoldByWeight/><Quantity>750.00</Quantity><UnitOfMeasure>מ"ל</UnitOfMeasure><QtyInPackage>לא ידוע</QtyInPackage><UnitOfMeasurePrice>0.0145</UnitOfMeasurePrice><AllowDiscount>1</AllowDiscount><ItemStatus>1</ItemStatus><ItemPrice>10.90</ItemPrice></item><item><PriceUpdateDate>2016-05-30 22:04:41</PriceUpdateDate><ItemCode>7290012849978</ItemCode><ItemType>1</ItemType><ItemName>מב דייסת אורז 200 גר</ItemName><ManufacturerName>סימילאק BELOVED</ManufacturerName><ManufactureCountry>ישראל</ManufactureCountry><ManufacturerItemDescription>מב דייסת אורז 200 גר</ManufacturerItemDescription><SoldByWeight/><Quantity>200.00</Quantity><UnitOfMeasure>גרם     </UnitOfMeasure><QtyInPackage>לא ידוע</QtyInPackage><UnitOfMeasurePrice>0.0595</UnitOfMeasurePrice><AllowDiscount>1</AllowDiscount><ItemStatus>1</ItemStatus><ItemPrice>11.90</ItemPrice></item><item><PriceUpdateDate>2015-11-10 14:37:53</PriceUpdateDate><ItemCode>7290012850035</ItemCode><ItemType>1</ItemType><ItemName>מחית תפוח ואפרסק לתי</ItemName><ManufacturerName>סימילאק BELOVED</ManufacturerName><ManufactureCountry>ישראל</ManufactureCountry><ManufacturerItemDescription>מחית תפוח ואפרסק לתי</ManufacturerItemDescription><SoldByWeight/><Quantity>180.00</Quantity><UnitOfMeasure>גרם     </UnitOfMeasure><QtyInPackage>לא ידוע</QtyInPackage><UnitOfMeasurePrice>0.0344</UnitOfMeasurePrice><AllowDiscount>1</AllowDiscount><ItemStatus>1</ItemStatus><ItemPrice>6.20</ItemPrice></item><item><PriceUpdateDate>2015-04-01 09:41:30</PriceUpdateDate><ItemCode>7290012861963</ItemCode><ItemType>1</ItemType><ItemName>לחמניה בית המאפה</ItemName><ManufacturerName>מאפה צרפתי</ManufacturerName><ManufactureCountry>ישראל</ManufactureCountry><ManufacturerItemDescription>לחמניה בית המאפה</ManufacturerItemDescription><SoldByWeight/><Quantity>1000.00</Quantity><UnitOfMeasure>קג</UnitOfMeasure><QtyInPackage>לא ידוע</QtyInPackage><UnitOfMeasurePrice>0.0034</UnitOfMeasurePrice><AllowDiscount>1</AllowDiscount><ItemStatus>1</ItemStatus><ItemPrice>3.40</ItemPrice></item><item><PriceUpdateDate>2016-03-29 06:17:28</PriceUpdateDate><ItemCode>7290012895005</ItemCode><ItemType>1</ItemType><ItemName>מסטיק יוגטה ג'ולים 1</ItemName><ManufacturerName>יוגטה</ManufacturerName><ManufactureCountry>ישראל</ManufactureCountry><ManufacturerItemDescription>מסטיק יוגטה ג'ולים 1</ManufacturerItemDescription><SoldByWeight/><Quantity>180.00</Quantity><UnitOfMeasure>גרם     </UnitOfMeasure><QtyInPackage>לא ידוע</QtyInPackage><UnitOfMeasurePrice>0.0572</UnitOfMeasurePrice><AllowDiscount>1</AllowDiscount><ItemStatus>1</ItemStatus><ItemPrice>10.30</ItemPrice></item><item><PriceUpdateDate>2015-11-12 17:56:04</PriceUpdateDate><ItemCode>7290012895012</ItemCode><ItemType>1</ItemType><ItemName>מסטיק יוגטה צ'יקלט 2</ItemName><ManufacturerName>יוגטה</ManufacturerName><ManufactureCountry>ישראל</ManufactureCountry><ManufacturerItemDescription>מסטיק יוגטה צ'יקלט 2</ManufacturerItemDescription><SoldByWeight/><Quantity>250.00</Quantity><UnitOfMeasure>גרם     </UnitOfMeasure><QtyInPackage>לא ידוע</QtyInPackage><UnitOfMeasurePrice>0.0464</UnitOfMeasurePrice><AllowDiscount>1</AllowDiscount><ItemStatus>1</ItemStatus><ItemPrice>11.60</ItemPrice></item><item><PriceUpdateDate>2015-10-22 16:03:41</PriceUpdateDate><ItemCode>7290012899126</ItemCode><ItemType>1</ItemType><ItemName>מלפפון 13-17 בחומץ ה</ItemName><ManufacturerName>"המותג"</ManufacturerName><ManufactureCountry>ישראל</ManufactureCountry><ManufacturerItemDescription>מלפפון 13-17 בחומץ ה</ManufacturerItemDescription><SoldByWeight/><Quantity>540.00</Quantity><UnitOfMeasure>גרם     </UnitOfMeasure><QtyInPackage>לא ידוע</QtyInPackage><UnitOfMeasurePrice>0.0117</UnitOfMeasurePrice><AllowDiscount>1</AllowDiscount><ItemStatus>1</ItemStatus><ItemPrice>6.30</ItemPrice></item><item><PriceUpdateDate>2015-11-12 14:51:23</PriceUpdateDate><ItemCode>7290012899157</ItemCode><ItemType>1</ItemType><ItemName>זיתים מבוקעים 560 גר</ItemName><ManufacturerName>"המותג"</ManufacturerName><ManufactureCountry>ישראל</ManufactureCountry><ManufacturerItemDescription>זיתים מבוקעים 560 גר</ManufacturerItemDescription><SoldByWeight/><Quantity>560.00</Quantity><UnitOfMeasure>גרם     </UnitOfMeasure><QtyInPackage>לא ידוע</QtyInPackage><UnitOfMeasurePrice>0.0130</UnitOfMeasurePrice><AllowDiscount>1</AllowDiscount><ItemStatus>1</ItemStatus><ItemPrice>7.30</ItemPrice></item><item><PriceUpdateDate>2015-11-12 14:51:23</PriceUpdateDate><ItemCode>7290012899171</ItemCode><ItemType>1</ItemType><ItemName>זיתים טבעות 560 גרם</ItemName><ManufacturerName>"המותג"</ManufacturerName><ManufactureCountry>ישראל</ManufactureCountry><ManufacturerItemDescription>זיתים טבעות 560 גרם</ManufacturerItemDescription><SoldByWeight/><Quantity>560.00</Quantity><UnitOfMeasure>גרם     </UnitOfMeasure><QtyInPackage>לא ידוע</QtyInPackage><UnitOfMeasurePrice>0.0138</UnitOfMeasurePrice><AllowDiscount>1</AllowDiscount><ItemStatus>1</ItemStatus><ItemPrice>7.70</ItemPrice></item><item><PriceUpdateDate>2016-04-19 11:07:53</PriceUpdateDate><ItemCode>7290012899188</ItemCode><ItemType>1</ItemType><ItemName>זיתים מנזנילו 15-17</ItemName><ManufacturerName>"המותג"</ManufacturerName><ManufactureCountry>ישראל</ManufactureCountry><ManufacturerItemDescription>זיתים מנזנילו 15-17</ManufacturerItemDescription><SoldByWeight/><Quantity>560.00</Quantity><UnitOfMeasure>גרם     </UnitOfMeasure><QtyInPackage>לא ידוע</QtyInPackage><UnitOfMeasurePrice>0.0141</UnitOfMeasurePrice><AllowDiscount>1</AllowDiscount><ItemStatus>1</ItemStatus><ItemPrice>7.90</ItemPrice></item><item><PriceUpdateDate>2016-03-16 15:40:47</PriceUpdateDate><ItemCode>7290012899294</ItemCode><ItemType>1</ItemType><ItemName>חריסה 545 גרם המותג</ItemName><ManufacturerName>"המותג"</ManufacturerName><ManufactureCountry>ישראל</ManufactureCountry><ManufacturerItemDescription>חריסה 545 גרם המותג</ManufacturerItemDescription><SoldByWeight/><Quantity>545.00</Quantity><UnitOfMeasure>גרם     </UnitOfMeasure><QtyInPackage>לא ידוע</QtyInPackage><UnitOfMeasurePrice>0.0108</UnitOfMeasurePrice><AllowDiscount>1</AllowDiscount><ItemStatus>1</ItemStatus><ItemPrice>5.90</ItemPrice></item><item><PriceUpdateDate>2016-05-30 22:04:41</PriceUpdateDate><ItemCode>7290012901355</ItemCode><ItemType>1</ItemType><ItemName>מב ארוחת אטריות עם ג</ItemName><ManufacturerName>לא ממותג</ManufacturerName><ManufactureCountry>ישראל</ManufactureCountry><ManufacturerItemDescription>מב ארוחת אטריות עם ג</ManufacturerItemDescription><SoldByWeight/><Quantity>206.00</Quantity><UnitOfMeasure>גרם     </UnitOfMeasure><QtyInPackage>לא ידוע</QtyInPackage><UnitOfMeasurePrice>0.0481</UnitOfMeasurePrice><AllowDiscount>1</AllowDiscount><ItemStatus>1</ItemStatus><ItemPrice>9.90</ItemPrice></item><item><PriceUpdateDate>2016-05-30 22:04:41</PriceUpdateDate><ItemCode>7290012931505</ItemCode><ItemType>1</ItemType><ItemName>מב מטליות לחות לריצפ</ItemName><ManufacturerName>"המותג"</ManufacturerName><ManufactureCountry>ישראל</ManufactureCountry><ManufacturerItemDescription>מטליות לחות לרצפה ניקול 1</ManufacturerItemDescription><SoldByWeight/><Quantity>10.00</Quantity><UnitOfMeasure>יח'</UnitOfMeasure><QtyInPackage>לא ידוע</QtyInPackage><UnitOfMeasurePrice>0.8900</UnitOfMeasurePrice><AllowDiscount>1</AllowDiscount><ItemStatus>1</ItemStatus><ItemPrice>8.90</ItemPrice></item><item><PriceUpdateDate>2016-01-05 08:49:43</PriceUpdateDate><ItemCode>7290012931871</ItemCode><ItemType>1</ItemType><ItemName>כריות ברזל שלישייה ה</ItemName><ManufacturerName>"המותג"</ManufacturerName><ManufactureCountry>ישראל</ManufactureCountry><ManufacturerItemDescription>כריות ברזל שלישייה ה</ManufacturerItemDescription><SoldByWeight/><Quantity>3.00</Quantity><UnitOfMeasure>יח'</UnitOfMeasure><QtyInPackage>לא ידוע</QtyInPackage><UnitOfMeasurePrice>2.6333</UnitOfMeasurePrice><AllowDiscount>1</AllowDiscount><ItemStatus>1</ItemStatus><ItemPrice>7.90</ItemPrice></item><item><PriceUpdateDate>2014-11-03 06:38:16</PriceUpdateDate><ItemCode>7290012938351</ItemCode><ItemType>1</ItemType><ItemName>מחית אגס אורגני 125</ItemName><ManufacturerName>הבחירה האורגנית</ManufacturerName><ManufactureCountry>ישראל</ManufactureCountry><ManufacturerItemDescription>מחית אגס אורגני 125</ManufacturerItemDescription><SoldByWeight/><Quantity>125.00</Quantity><UnitOfMeasure>גרם     </UnitOfMeasure><QtyInPackage>לא ידוע</QtyInPackage><UnitOfMeasurePrice>0.0584</UnitOfMeasurePrice><AllowDiscount>1</AllowDiscount><ItemStatus>1</ItemStatus><ItemPrice>7.30</ItemPrice></item><item><PriceUpdateDate>2016-05-30 22:04:41</PriceUpdateDate><ItemCode>7290012938405</ItemCode><ItemType>1</ItemType><ItemName>מב רדיד אלומניום 7.5</ItemName><ManufacturerName>דיימונד</ManufacturerName><ManufactureCountry>ישראל</ManufactureCountry><ManufacturerItemDescription>מב רדיד אלומניום 7.5</ManufacturerItemDescription><SoldByWeight/><Quantity>0.00</Quantity><UnitOfMeasure>יח'</UnitOfMeasure><QtyInPackage>לא ידוע</QtyInPackage><UnitOfMeasurePrice>0.0000</UnitOfMeasurePrice><AllowDiscount>1</AllowDiscount><ItemStatus>1</ItemStatus><ItemPrice>12.90</ItemPrice></item><item><PriceUpdateDate>2016-03-01 06:43:46</PriceUpdateDate><ItemCode>7290012938740</ItemCode><ItemType>1</ItemType><ItemName>משחת שינים סנסודיין</ItemName><ManufacturerName>סנסודיין</ManufacturerName><ManufactureCountry>ישראל</ManufactureCountry><ManufacturerItemDescription>משחת שינים סנסודיין</ManufacturerItemDescription><SoldByWeight/><Quantity>75.00</Quantity><UnitOfMeasure>מ"ל</UnitOfMeasure><QtyInPackage>לא ידוע</QtyInPackage><UnitOfMeasurePrice>0.3320</UnitOfMeasurePrice><AllowDiscount>1</AllowDiscount><ItemStatus>1</ItemStatus><ItemPrice>24.90</ItemPrice></item><item><PriceUpdateDate>2014-11-03 06:37:30</PriceUpdateDate><ItemCode>7290012996610</ItemCode><ItemType>1</ItemType><ItemName>הפי טבליות הפלא לניק</ItemName><ManufacturerName>הפי</ManufacturerName><ManufactureCountry>ישראל</ManufactureCountry><ManufacturerItemDescription>הפי טבליות הפלא לניק</ManufacturerItemDescription><SoldByWeight/><Quantity>55.00</Quantity><UnitOfMeasure>מ"ל</UnitOfMeasure><QtyInPackage>לא ידוע</QtyInPackage><UnitOfMeasurePrice>0.2600</UnitOfMeasurePrice><AllowDiscount>1</AllowDiscount><ItemStatus>1</ItemStatus><ItemPrice>14.30</ItemPrice></item><item><PriceUpdateDate>2016-05-30 22:04:41</PriceUpdateDate><ItemCode>7290012996818</ItemCode><ItemType>1</ItemType><ItemName>מב ג'ל כביסה לכל יעק</ItemName><ManufacturerName>יעקבי</ManufacturerName><ManufactureCountry>ישראל</ManufactureCountry><ManufacturerItemDescription>מב ג'ל כביסה לכל יעק</ManufacturerItemDescription><SoldByWeight/><Quantity>3000.00</Quantity><UnitOfMeasure>מ"ל</UnitOfMeasure><QtyInPackage>לא ידוע</QtyInPackage><UnitOfMeasurePrice>0.0086</UnitOfMeasurePrice><AllowDiscount>1</AllowDiscount><ItemStatus>1</ItemStatus><ItemPrice>25.90</ItemPrice></item><item><PriceUpdateDate>2016-02-02 06:51:31</PriceUpdateDate><ItemCode>7290013027016</ItemCode><ItemType>1</ItemType><ItemName>לחם אנג''ל 100</ItemName><ManufacturerName>אנג'ל</ManufacturerName><ManufactureCountry>ישראל</ManufactureCountry><ManufacturerItemDescription>לחם 100% קמח מלא דגנים גר</ManufacturerItemDescription><SoldByWeight/><Quantity>750.00</Quantity><UnitOfMeasure>גרם     </UnitOfMeasure><QtyInPackage>לא ידוע</QtyInPackage><UnitOfMeasurePrice>0.0233</UnitOfMeasurePrice><AllowDiscount>1</AllowDiscount><ItemStatus>1</ItemStatus><ItemPrice>17.50</ItemPrice></item><item><PriceUpdateDate>2016-03-29 06:17:28</PriceUpdateDate><ItemCode>7290013027399</ItemCode><ItemType>1</ItemType><ItemName>לחם אנג'ל 100 קל 750</ItemName><ManufacturerName>אנג'ל</ManufacturerName><ManufactureCountry>ישראל</ManufactureCountry><ManufacturerItemDescription>לחם 100% קמח מלא קל בתוספ</ManufacturerItemDescription><SoldByWeight/><Quantity>750.00</Quantity><UnitOfMeasure>גרם     </UnitOfMeasure><QtyInPackage>לא ידוע</QtyInPackage><UnitOfMeasurePrice>0.0239</UnitOfMeasurePrice><AllowDiscount>1</AllowDiscount><ItemStatus>1</ItemStatus><ItemPrice>17.90</ItemPrice></item><item><PriceUpdateDate>2015-10-20 16:57:46</PriceUpdateDate><ItemCode>7290013027405</ItemCode><ItemType>1</ItemType><ItemName>חלה קטנה 100 גרם</ItemName><ManufacturerName>אנג'ל</ManufacturerName><ManufactureCountry>ישראל</ManufactureCountry><ManufacturerItemDescription>חלה קטנה 100 גרם</ManufacturerItemDescription><SoldByWeight/><Quantity>100.00</Quantity><UnitOfMeasure>גרם     </UnitOfMeasure><QtyInPackage>לא ידוע</QtyInPackage><UnitOfMeasurePrice>0.0370</UnitOfMeasurePrice><AllowDiscount>1</AllowDiscount><ItemStatus>1</ItemStatus><ItemPrice>3.70</ItemPrice></item><item><PriceUpdateDate>2015-10-20 16:57:46</PriceUpdateDate><ItemCode>7290013027535</ItemCode><ItemType>1</ItemType><ItemName>לחם שיפון קל 750 גרם</ItemName><ManufacturerName>לא ממותג</ManufacturerName><ManufactureCountry>ישראל</ManufactureCountry><ManufacturerItemDescription>לחם שיפון קל 750 גרם</ManufacturerItemDescription><SoldByWeight/><Quantity>750.00</Quantity><UnitOfMeasure>גרם     </UnitOfMeasure><QtyInPackage>לא ידוע</QtyInPackage><UnitOfMeasurePrice>0.0195</UnitOfMeasurePrice><AllowDiscount>1</AllowDiscount><ItemStatus>1</ItemStatus><ItemPrice>14.60</ItemPrice></item><item><PriceUpdateDate>2016-03-01 06:55:04</PriceUpdateDate><ItemCode>7290013038005</ItemCode><ItemType>1</ItemType><ItemName>משקה ג'אמפ תפוחים 1.</ItemName><ManufacturerName>גאמפ</ManufacturerName><ManufactureCountry>ישראל</ManufactureCountry><ManufacturerItemDescription>משקה ג'אמפ תפוחים 1.</ManufacturerItemDescription><SoldByWeight/><Quantity>1500.00</Quantity><UnitOfMeasure>מ"ל</UnitOfMeasure><QtyInPackage>לא ידוע</QtyInPackage><UnitOfMeasurePrice>0.0046</UnitOfMeasurePrice><AllowDiscount>1</AllowDiscount><ItemStatus>1</ItemStatus><ItemPrice>6.90</ItemPrice></item><item><PriceUpdateDate>2015-11-12 16:44:11</PriceUpdateDate><ItemCode>7290013073471</ItemCode><ItemType>1</ItemType><ItemName>מדבקות קבוצה 8</ItemName><ManufacturerName>ליאור שרף</ManufacturerName><ManufactureCountry>ישראל</ManufactureCountry><ManufacturerItemDescription>מדבקות קבוצה 8</ManufacturerItemDescription><SoldByWeight/><Quantity>0.00</Quantity><UnitOfMeasure>0</UnitOfMeasure><QtyInPackage>לא ידוע</QtyInPackage><UnitOfMeasurePrice>0.0000</UnitOfMeasurePrice><AllowDiscount>1</AllowDiscount><ItemStatus>1</ItemStatus><ItemPrice>12.20</ItemPrice></item><item><PriceUpdateDate>2015-11-12 16:44:11</PriceUpdateDate><ItemCode>7290013073488</ItemCode><ItemType>1</ItemType><ItemName>מדבקות קבוצה 11</ItemName><ManufacturerName>ליאור שרף</ManufacturerName><ManufactureCountry>ישראל</ManufactureCountry><ManufacturerItemDescription>מדבקות קבוצה 11</ManufacturerItemDescription><SoldByWeight/><Quantity>0.00</Quantity><UnitOfMeasure>0</UnitOfMeasure><QtyInPackage>לא ידוע</QtyInPackage><UnitOfMeasurePrice>0.0000</UnitOfMeasurePrice><AllowDiscount>1</AllowDiscount><ItemStatus>1</ItemStatus><ItemPrice>15.20</ItemPrice></item><item><PriceUpdateDate>2015-11-12 16:44:11</PriceUpdateDate><ItemCode>7290013073518</ItemCode><ItemType>1</ItemType><ItemName>מדבקות קבוצה 1</ItemName><ManufacturerName>ליאור שרף</ManufacturerName><ManufactureCountry>ישראל</ManufactureCountry><ManufacturerItemDescription>מדבקות קבוצה 1</ManufacturerItemDescription><SoldByWeight/><Quantity>0.00</Quantity><UnitOfMeasure>0</UnitOfMeasure><QtyInPackage>לא ידוע</QtyInPackage><UnitOfMeasurePrice>0.0000</UnitOfMeasurePrice><AllowDiscount>1</AllowDiscount><ItemStatus>1</ItemStatus><ItemPrice>11.20</ItemPrice></item><item><PriceUpdateDate>2014-11-03 06:38:37</PriceUpdateDate><ItemCode>7290013073785</ItemCode><ItemType>1</ItemType><ItemName>טוש 12 קידליין</ItemName><ManufacturerName>ליאור שרף</ManufacturerName><ManufactureCountry>ישראל</ManufactureCountry><ManufacturerItemDescription>טוש 12 קידליין</ManufacturerItemDescription><SoldByWeight/><Quantity>0.00</Quantity><UnitOfMeasure>0</UnitOfMeasure><QtyInPackage>לא ידוע</QtyInPackage><UnitOfMeasurePrice>0.0000</UnitOfMeasurePrice><AllowDiscount>1</AllowDiscount><ItemStatus>1</ItemStatus><ItemPrice>4.90</ItemPrice></item><item><PriceUpdateDate>2014-11-03 06:38:37</PriceUpdateDate><ItemCode>7290013073891</ItemCode><ItemType>1</ItemType><ItemName>מדבקות קבוצה 5</ItemName><ManufacturerName>ליאור שרף</ManufacturerName><ManufactureCountry>ישראל</ManufactureCountry><ManufacturerItemDescription>מדבקות קבוצה 5</ManufacturerItemDescription><SoldByWeight/><Quantity>0.00</Quantity><UnitOfMeasure>0</UnitOfMeasure><QtyInPackage>לא ידוע</QtyInPackage><UnitOfMeasurePrice>0.0000</UnitOfMeasurePrice><AllowDiscount>1</AllowDiscount><ItemStatus>1</ItemStatus><ItemPrice>11.90</ItemPrice></item><item><PriceUpdateDate>2014-11-03 06:38:37</PriceUpdateDate><ItemCode>7290013073976</ItemCode><ItemType>1</ItemType><ItemName>פלטת צבעים בינוני קי</ItemName><ManufacturerName>ליאור שרף</ManufacturerName><ManufactureCountry>ישראל</ManufactureCountry><ManufacturerItemDescription>פלטת צבעים בינוני קי</ManufacturerItemDescription><SoldByWeight/><Quantity>0.00</Quantity><UnitOfMeasure>0</UnitOfMeasure><QtyInPackage>לא ידוע</QtyInPackage><UnitOfMeasurePrice>0.0000</UnitOfMeasurePrice><AllowDiscount>1</AllowDiscount><ItemStatus>1</ItemStatus><ItemPrice>11.90</ItemPrice></item><item><PriceUpdateDate>2015-10-20 16:11:25</PriceUpdateDate><ItemCode>7290013083661</ItemCode><ItemType>1</ItemType><ItemName>מטרנה אקסטרא קר שלב</ItemName><ManufacturerName>מטרנה</ManufacturerName><ManufactureCountry>ישראל</ManufactureCountry><ManufacturerItemDescription>מטרנה אקסטרא קר שלב</ManufacturerItemDescription><SoldByWeight/><Quantity>700.00</Quantity><UnitOfMeasure>גרם     </UnitOfMeasure><QtyInPackage>לא ידוע</QtyInPackage><UnitOfMeasurePrice>0.0970</UnitOfMeasurePrice><AllowDiscount>1</AllowDiscount><ItemStatus>1</ItemStatus><ItemPrice>67.90</ItemPrice></item><item><PriceUpdateDate>2015-10-20 16:11:25</PriceUpdateDate><ItemCode>7290013083678</ItemCode><ItemType>1</ItemType><ItemName>מטרנה אקסטרא קר שלב</ItemName><ManufacturerName>מטרנה</ManufacturerName><ManufactureCountry>ישראל</ManufactureCountry><ManufacturerItemDescription>מטרנה אקסטרא קר שלב</ManufacturerItemDescription><SoldByWeight/><Quantity>700.00</Quantity><UnitOfMeasure>גרם     </UnitOfMeasure><QtyInPackage>לא ידוע</QtyInPackage><UnitOfMeasurePrice>0.0970</UnitOfMeasurePrice><AllowDiscount>1</AllowDiscount><ItemStatus>1</ItemStatus><ItemPrice>67.90</ItemPrice></item><item><PriceUpdateDate>2016-06-06 11:49:20</PriceUpdateDate><ItemCode>7290013095640</ItemCode><ItemType>1</ItemType><ItemName>מב אולטרסול ספורט  ס</ItemName><ManufacturerName>אולטרסול</ManufacturerName><ManufactureCountry>ישראל</ManufactureCountry><ManufacturerItemDescription>מב אולטרסול ספורט  ס</ManufacturerItemDescription><SoldByWeight/><Quantity>200.00</Quantity><UnitOfMeasure>מ"ל</UnitOfMeasure><QtyInPackage>לא ידוע</QtyInPackage><UnitOfMeasurePrice>0.2495</UnitOfMeasurePrice><AllowDiscount>1</AllowDiscount><ItemStatus>1</ItemStatus><ItemPrice>49.90</ItemPrice></item><item><PriceUpdateDate>2016-05-30 22:04:42</PriceUpdateDate><ItemCode>7290013117212</ItemCode><ItemType>1</ItemType><ItemName>מב בורקס פילו מילוי</ItemName><ManufacturerName>מעדנות</ManufacturerName><ManufactureCountry>ישראל</ManufactureCountry><ManufacturerItemDescription>בורקס פילו במילוי גבינה 6</ManufacturerItemDescription><SoldByWeight/><Quantity>600.00</Quantity><UnitOfMeasure>גרם     </UnitOfMeasure><QtyInPackage>לא ידוע</QtyInPackage><UnitOfMeasurePrice>0.0265</UnitOfMeasurePrice><AllowDiscount>1</AllowDiscount><ItemStatus>1</ItemStatus><ItemPrice>15.90</ItemPrice></item><item><PriceUpdateDate>2016-05-30 22:04:42</PriceUpdateDate><ItemCode>7290013117229</ItemCode><ItemType>1</ItemType><ItemName>מב בורקס פילו מילוי</ItemName><ManufacturerName>מעדנות</ManufacturerName><ManufactureCountry>ישראל</ManufactureCountry><ManufacturerItemDescription>בורקס פילו במילוי תפוא 60</ManufacturerItemDescription><SoldByWeight/><Quantity>600.00</Quantity><UnitOfMeasure>גרם     </UnitOfMeasure><QtyInPackage>לא ידוע</QtyInPackage><UnitOfMeasurePrice>0.0265</UnitOfMeasurePrice><AllowDiscount>1</AllowDiscount><ItemStatus>1</ItemStatus><ItemPrice>15.90</ItemPrice></item><item><PriceUpdateDate>2016-05-30 22:04:42</PriceUpdateDate><ItemCode>7290013117236</ItemCode><ItemType>1</ItemType><ItemName>מב בורקס פילו פיצה 6</ItemName><ManufacturerName>מעדנות</ManufacturerName><ManufactureCountry>ישראל</ManufactureCountry><ManufacturerItemDescription>בורקס פילו פיצה</ManufacturerItemDescription><SoldByWeight/><Quantity>600.00</Quantity><UnitOfMeasure>גרם     </UnitOfMeasure><QtyInPackage>לא ידוע</QtyInPackage><UnitOfMeasurePrice>0.0265</UnitOfMeasurePrice><AllowDiscount>1</AllowDiscount><ItemStatus>1</ItemStatus><ItemPrice>15.90</ItemPrice></item><item><PriceUpdateDate>2016-05-30 22:04:42</PriceUpdateDate><ItemCode>7290013117410</ItemCode><ItemType>1</ItemType><ItemName>מב בצק פריך מתוק 900</ItemName><ManufacturerName>מעדנות</ManufacturerName><ManufactureCountry>ישראל</ManufactureCountry><ManufacturerItemDescription>מב בצק פריך מתוק 900</ManufacturerItemDescription><SoldByWeight/><Quantity>900.00</Quantity><UnitOfMeasure>גרם     </UnitOfMeasure><QtyInPackage>לא ידוע</QtyInPackage><UnitOfMeasurePrice>0.0177</UnitOfMeasurePrice><AllowDiscount>1</AllowDiscount><ItemStatus>1</ItemStatus><ItemPrice>15.90</ItemPrice></item><item><PriceUpdateDate>2016-05-30 22:04:42</PriceUpdateDate><ItemCode>7290013117427</ItemCode><ItemType>1</ItemType><ItemName>מב בצק פריך מלוח 900</ItemName><ManufacturerName>מעדנות</ManufacturerName><ManufactureCountry>ישראל</ManufactureCountry><ManufacturerItemDescription>מארז בצק פריך מלוח450 גרם</ManufacturerItemDescription><SoldByWeight/><Quantity>900.00</Quantity><UnitOfMeasure>גרם     </UnitOfMeasure><QtyInPackage>לא ידוע</QtyInPackage><UnitOfMeasurePrice>0.0177</UnitOfMeasurePrice><AllowDiscount>1</AllowDiscount><ItemStatus>1</ItemStatus><ItemPrice>15.90</ItemPrice></item><item><PriceUpdateDate>2016-05-30 22:04:42</PriceUpdateDate><ItemCode>7290013117526</ItemCode><ItemType>1</ItemType><ItemName>מב בצק שמרים למאפים</ItemName><ManufacturerName>מעדנות</ManufacturerName><ManufactureCountry>ישראל</ManufactureCountry><ManufacturerItemDescription>מב בצק שמרים למאפים</ManufacturerItemDescription><SoldByWeight/><Quantity>900.00</Quantity><UnitOfMeasure>גרם     </UnitOfMeasure><QtyInPackage>לא ידוע</QtyInPackage><UnitOfMeasurePrice>0.0177</UnitOfMeasurePrice><AllowDiscount>1</AllowDiscount><ItemStatus>1</ItemStatus><ItemPrice>15.90</ItemPrice></item><item><PriceUpdateDate>2016-05-30 22:04:42</PriceUpdateDate><ItemCode>7290013117694</ItemCode><ItemType>1</ItemType><ItemName>מב מאפה פילו במילוי</ItemName><ManufacturerName>מעדנות</ManufacturerName><ManufactureCountry>ישראל</ManufactureCountry><ManufacturerItemDescription>מאפה פילו מילוי בשר 700 ג</ManufacturerItemDescription><SoldByWeight/><Quantity>700.00</Quantity><UnitOfMeasure>גרם     </UnitOfMeasure><QtyInPackage>לא ידוע</QtyInPackage><UnitOfMeasurePrice>0.0356</UnitOfMeasurePrice><AllowDiscount>1</AllowDiscount><ItemStatus>1</ItemStatus><ItemPrice>24.90</ItemPrice></item><item><PriceUpdateDate>2015-03-26 09:34:14</PriceUpdateDate><ItemCode>7290013144249</ItemCode><ItemType>1</ItemType><ItemName>פודינג שוקולד  95 גר</ItemName><ManufacturerName>מימונס</ManufacturerName><ManufactureCountry>ישראל</ManufactureCountry><ManufacturerItemDescription>פודינג שוקולד</ManufacturerItemDescription><SoldByWeight/><Quantity>95.00</Quantity><UnitOfMeasure>גרם     </UnitOfMeasure><QtyInPackage>לא ידוע</QtyInPackage><UnitOfMeasurePrice>0.0684</UnitOfMeasurePrice><AllowDiscount>1</AllowDiscount><ItemStatus>1</ItemStatus><ItemPrice>6.50</ItemPrice></item><item><PriceUpdateDate>2015-11-12 14:57:55</PriceUpdateDate><ItemCode>7290013144393</ItemCode><ItemType>1</ItemType><ItemName>תמצית בטעם וניל 50 ג</ItemName><ManufacturerName>מימונס</ManufacturerName><ManufactureCountry>ישראל</ManufactureCountry><ManufacturerItemDescription>תמצית וניל</ManufacturerItemDescription><SoldByWeight/><Quantity>50.00</Quantity><UnitOfMeasure>גרם     </UnitOfMeasure><QtyInPackage>לא ידוע</QtyInPackage><UnitOfMeasurePrice>0.0920</UnitOfMeasurePrice><AllowDiscount>1</AllowDiscount><ItemStatus>1</ItemStatus><ItemPrice>4.60</ItemPrice></item><item><PriceUpdateDate>2015-11-12 14:57:55</PriceUpdateDate><ItemCode>7290013144416</ItemCode><ItemType>1</ItemType><ItemName>תמצית בטעם שקדים 50</ItemName><ManufacturerName>מימונס</ManufacturerName><ManufactureCountry>ישראל</ManufactureCountry><ManufacturerItemDescription>תמצית בטעם שקדים 50</ManufacturerItemDescription><SoldByWeight/><Quantity>60.00</Quantity><UnitOfMeasure>גרם     </UnitOfMeasure><QtyInPackage>לא ידוע</QtyInPackage><UnitOfMeasurePrice>0.0767</UnitOfMeasurePrice><AllowDiscount>1</AllowDiscount><ItemStatus>1</ItemStatus><ItemPrice>4.60</ItemPrice></item><item><PriceUpdateDate>2015-03-25 10:14:26</PriceUpdateDate><ItemCode>7290013144515</ItemCode><ItemType>1</ItemType><ItemName>צבע מאכל צהוב 50 גרם</ItemName><ManufacturerName>מימונס</ManufacturerName><ManufactureCountry>ישראל</ManufactureCountry><ManufacturerItemDescription>צבע מאכל צהוב 50 גרם</ManufacturerItemDescription><SoldByWeight/><Quantity>50.00</Quantity><UnitOfMeasure>גרם     </UnitOfMeasure><QtyInPackage>לא ידוע</QtyInPackage><UnitOfMeasurePrice>0.0760</UnitOfMeasurePrice><AllowDiscount>1</AllowDiscount><ItemStatus>1</ItemStatus><ItemPrice>3.80</ItemPrice></item><item><PriceUpdateDate>2015-03-26 09:34:14</PriceUpdateDate><ItemCode>7290013145529</ItemCode><ItemType>1</ItemType><ItemName>סוכריות צבעוניות לקי</ItemName><ManufacturerName>מימונס</ManufacturerName><ManufactureCountry>ישראל</ManufactureCountry><ManufacturerItemDescription>סוכריות צבעוניות לקישוט 9</ManufacturerItemDescription><SoldByWeight/><Quantity>90.00</Quantity><UnitOfMeasure>גרם     </UnitOfMeasure><QtyInPackage>לא ידוע</QtyInPackage><UnitOfMeasurePrice>0.0611</UnitOfMeasurePrice><AllowDiscount>1</AllowDiscount><ItemStatus>1</ItemStatus><ItemPrice>5.50</ItemPrice></item><item><PriceUpdateDate>2015-03-26 09:34:14</PriceUpdateDate><ItemCode>7290013145628</ItemCode><ItemType>1</ItemType><ItemName>סוכריות צבעוניות לקי</ItemName><ManufacturerName>מימונס</ManufacturerName><ManufactureCountry>ישראל</ManufactureCountry><ManufacturerItemDescription>סוכריות צבעוניות לקי</ManufacturerItemDescription><SoldByWeight/><Quantity>200.00</Quantity><UnitOfMeasure>גרם     </UnitOfMeasure><QtyInPackage>לא ידוע</QtyInPackage><UnitOfMeasurePrice>0.0445</UnitOfMeasurePrice><AllowDiscount>1</AllowDiscount><ItemStatus>1</ItemStatus><ItemPrice>8.90</ItemPrice></item><item><PriceUpdateDate>2015-03-25 10:14:27</PriceUpdateDate><ItemCode>7290013145840</ItemCode><ItemType>1</ItemType><ItemName>סוכר וניל 10 יחידות</ItemName><ManufacturerName>מימונס</ManufacturerName><ManufactureCountry>ישראל</ManufactureCountry><ManufacturerItemDescription>סוכר וניל 100  1/10 גר</ManufacturerItemDescription><SoldByWeight/><Quantity>100.00</Quantity><UnitOfMeasure>גרם     </UnitOfMeasure><QtyInPackage>לא ידוע</QtyInPackage><UnitOfMeasurePrice>0.0280</UnitOfMeasurePrice><AllowDiscount>1</AllowDiscount><ItemStatus>1</ItemStatus><ItemPrice>2.80</ItemPrice></item><item><PriceUpdateDate>2015-03-25 10:14:27</PriceUpdateDate><ItemCode>7290013145857</ItemCode><ItemType>1</ItemType><ItemName>אבקת אפייה 10 יח בצל</ItemName><ManufacturerName>מימונס</ManufacturerName><ManufactureCountry>ישראל</ManufactureCountry><ManufacturerItemDescription>אבקת אפיה 100 1/10 גר</ManufacturerItemDescription><SoldByWeight/><Quantity>100.00</Quantity><UnitOfMeasure>גרם     </UnitOfMeasure><QtyInPackage>לא ידוע</QtyInPackage><UnitOfMeasurePrice>0.0280</UnitOfMeasurePrice><AllowDiscount>1</AllowDiscount><ItemStatus>1</ItemStatus><ItemPrice>2.80</ItemPrice></item><item><PriceUpdateDate>2015-08-11 08:28:57</PriceUpdateDate><ItemCode>7290013153395</ItemCode><ItemType>1</ItemType><ItemName>מיץ פריגת סחוט רימונ</ItemName><ManufacturerName>פריגת</ManufacturerName><ManufactureCountry>לא ידוע</ManufactureCountry><ManufacturerItemDescription>מיץ פריגת סחוט רימונ</ManufacturerItemDescription><SoldByWeight/><Quantity>1000.00</Quantity><UnitOfMeasure>מ"ל</UnitOfMeasure><QtyInPackage>לא ידוע</QtyInPackage><UnitOfMeasurePrice>0.0259</UnitOfMeasurePrice><AllowDiscount>1</AllowDiscount><ItemStatus>1</ItemStatus><ItemPrice>25.90</ItemPrice></item><item><PriceUpdateDate>2016-04-01 11:49:36</PriceUpdateDate><ItemCode>7290013153425</ItemCode><ItemType>1</ItemType><ItemName>מב מיץ פריגת סחוט לי</ItemName><ManufacturerName>פריגת</ManufacturerName><ManufactureCountry>ישראל</ManufactureCountry><ManufacturerItemDescription>מב מיץ פריגת סחוט לי</ManufacturerItemDescription><SoldByWeight/><Quantity>2000.00</Quantity><UnitOfMeasure>מ"ל</UnitOfMeasure><QtyInPackage>לא ידוע</QtyInPackage><UnitOfMeasurePrice>0.0109</UnitOfMeasurePrice><AllowDiscount>1</AllowDiscount><ItemStatus>1</ItemStatus><ItemPrice>21.90</ItemPrice></item><item><PriceUpdateDate>2016-04-06 07:12:03</PriceUpdateDate><ItemCode>7290013156006</ItemCode><ItemType>1</ItemType><ItemName>עוגיות קרקר בייגל/לל</ItemName><ManufacturerName>לא ממותג</ManufacturerName><ManufactureCountry>ישראל</ManufactureCountry><ManufacturerItemDescription>עוגיות קרקר בייגל/לל</ManufacturerItemDescription><SoldByWeight/><Quantity>350.00</Quantity><UnitOfMeasure>גרם     </UnitOfMeasure><QtyInPackage>לא ידוע</QtyInPackage><UnitOfMeasurePrice>0.0483</UnitOfMeasurePrice><AllowDiscount>1</AllowDiscount><ItemStatus>1</ItemStatus><ItemPrice>16.90</ItemPrice></item><item><PriceUpdateDate>2016-01-05 08:49:44</PriceUpdateDate><ItemCode>7290013224392</ItemCode><ItemType>1</ItemType><ItemName>מרכך כביסה מרוכז 1 ל</ItemName><ManufacturerName>"המותג"</ManufacturerName><ManufactureCountry>ישראל</ManufactureCountry><ManufacturerItemDescription>מרכך כביסה מרוכז 1 ל</ManufacturerItemDescription><SoldByWeight/><Quantity>1000.00</Quantity><UnitOfMeasure>מ"ל</UnitOfMeasure><QtyInPackage>לא ידוע</QtyInPackage><UnitOfMeasurePrice>0.0109</UnitOfMeasurePrice><AllowDiscount>1</AllowDiscount><ItemStatus>1</ItemStatus><ItemPrice>10.90</ItemPrice></item><item><PriceUpdateDate>2016-01-05 08:49:44</PriceUpdateDate><ItemCode>7290013224408</ItemCode><ItemType>1</ItemType><ItemName>מרכך כביסה מרוכז 1 ל</ItemName><ManufacturerName>"המותג"</ManufacturerName><ManufactureCountry>ישראל</ManufactureCountry><ManufacturerItemDescription>מרכך כביסה מרוכז 1 ל</ManufacturerItemDescription><SoldByWeight/><Quantity>1000.00</Quantity><UnitOfMeasure>מ"ל</UnitOfMeasure><QtyInPackage>לא ידוע</QtyInPackage><UnitOfMeasurePrice>0.0109</UnitOfMeasurePrice><AllowDiscount>1</AllowDiscount><ItemStatus>1</ItemStatus><ItemPrice>10.90</ItemPrice></item><item><PriceUpdateDate>2016-03-01 06:43:47</PriceUpdateDate><ItemCode>7290013267085</ItemCode><ItemType>1</ItemType><ItemName>מאגדת לייט שוקולד</ItemName><ManufacturerName>שטראוס גלידה</ManufacturerName><ManufactureCountry>ישראל</ManufactureCountry><ManufacturerItemDescription>מאגדת לייט שוקולד</ManufacturerItemDescription><SoldByWeight/><Quantity>420.00</Quantity><UnitOfMeasure>גרם     </UnitOfMeasure><QtyInPackage>לא ידוע</QtyInPackage><UnitOfMeasurePrice>0.0679</UnitOfMeasurePrice><AllowDiscount>1</AllowDiscount><ItemStatus>1</ItemStatus><ItemPrice>28.50</ItemPrice></item><item><PriceUpdateDate>2016-05-30 22:04:43</PriceUpdateDate><ItemCode>7290013267566</ItemCode><ItemType>1</ItemType><ItemName>גלידות קרמיסימו בומב</ItemName><ManufacturerName>קרמיסימו</ManufacturerName><ManufactureCountry>ישראל</ManufactureCountry><ManufacturerItemDescription>קרמיסימו בומבה 1.33 ליטר</ManufacturerItemDescription><SoldByWeight/><Quantity>1330.00</Quantity><UnitOfMeasure>מ"ל</UnitOfMeasure><QtyInPackage>לא ידוע</QtyInPackage><UnitOfMeasurePrice>0.0150</UnitOfMeasurePrice><AllowDiscount>1</AllowDiscount><ItemStatus>1</ItemStatus><ItemPrice>19.90</ItemPrice></item><item><PriceUpdateDate>2015-10-11 18:10:55</PriceUpdateDate><ItemCode>7290013267665</ItemCode><ItemType>1</ItemType><ItemName>מאגדת מיני סולרו טרו</ItemName><ManufacturerName>סולרו</ManufacturerName><ManufactureCountry>ישראל</ManufactureCountry><ManufacturerItemDescription>מאגדת סולרו פירות טרופיים</ManufacturerItemDescription><SoldByWeight/><Quantity>295.00</Quantity><UnitOfMeasure>גרם     </UnitOfMeasure><QtyInPackage>לא ידוע</QtyInPackage><UnitOfMeasurePrice>0.0902</UnitOfMeasurePrice><AllowDiscount>1</AllowDiscount><ItemStatus>1</ItemStatus><ItemPrice>26.60</ItemPrice></item><item><PriceUpdateDate>2016-05-30 22:04:43</PriceUpdateDate><ItemCode>7290013268020</ItemCode><ItemType>1</ItemType><ItemName>מב מרכך כביסה מקסימה</ItemName><ManufacturerName>סנו מקסימה</ManufacturerName><ManufactureCountry>ישראל</ManufactureCountry><ManufacturerItemDescription>מקסימה מרכך כביסה מרוכז א</ManufacturerItemDescription><SoldByWeight/><Quantity>1000.00</Quantity><UnitOfMeasure>מ"ל</UnitOfMeasure><QtyInPackage>לא ידוע</QtyInPackage><UnitOfMeasurePrice>0.0159</UnitOfMeasurePrice><AllowDiscount>1</AllowDiscount><ItemStatus>1</ItemStatus><ItemPrice>15.90</ItemPrice></item><item><PriceUpdateDate>2016-05-30 22:04:43</PriceUpdateDate><ItemCode>7290013268037</ItemCode><ItemType>1</ItemType><ItemName>מב מרכך כביסה מקסימה</ItemName><ManufacturerName>סנו מקסימה</ManufacturerName><ManufactureCountry>ישראל</ManufactureCountry><ManufacturerItemDescription>מקסימה מרכך כביסה מרוכז פ</ManufacturerItemDescription><SoldByWeight/><Quantity>1000.00</Quantity><UnitOfMeasure>מ"ל</UnitOfMeasure><QtyInPackage>לא ידוע</QtyInPackage><UnitOfMeasurePrice>0.0159</UnitOfMeasurePrice><AllowDiscount>1</AllowDiscount><ItemStatus>1</ItemStatus><ItemPrice>15.90</ItemPrice></item><item><PriceUpdateDate>2016-05-01 21:47:02</PriceUpdateDate><ItemCode>7290013268198</ItemCode><ItemType>1</ItemType><ItemName>מב תחליב רחצה כיף מא</ItemName><ManufacturerName>כיף</ManufacturerName><ManufactureCountry>ישראל</ManufactureCountry><ManufacturerItemDescription>מב תחליב רחצה כיף מא</ManufacturerItemDescription><SoldByWeight/><Quantity>750.00</Quantity><UnitOfMeasure>מ"ל</UnitOfMeasure><QtyInPackage>לא ידוע</QtyInPackage><UnitOfMeasurePrice>0.0145</UnitOfMeasurePrice><AllowDiscount>1</AllowDiscount><ItemStatus>1</ItemStatus><ItemPrice>10.90</ItemPrice></item><item><PriceUpdateDate>2015-10-27 09:23:24</PriceUpdateDate><ItemCode>7290013268440</ItemCode><ItemType>1</ItemType><ItemName>זוג מב.שיניים בוב ספ</ItemName><ManufacturerName>אורביטול</ManufacturerName><ManufactureCountry>ישראל</ManufactureCountry><ManufacturerItemDescription>זוג מב.שיניים בוב ספ</ManufacturerItemDescription><SoldByWeight/><Quantity>2.00</Quantity><UnitOfMeasure>בודד</UnitOfMeasure><QtyInPackage>לא ידוע</QtyInPackage><UnitOfMeasurePrice>11.4500</UnitOfMeasurePrice><AllowDiscount>1</AllowDiscount><ItemStatus>1</ItemStatus><ItemPrice>22.90</ItemPrice></item><item><PriceUpdateDate>2016-05-01 21:47:02</PriceUpdateDate><ItemCode>7290013268631</ItemCode><ItemType>1</ItemType><ItemName>מב שמפו כיף שמפו קול</ItemName><ManufacturerName>כיף</ManufacturerName><ManufactureCountry>ישראל</ManufactureCountry><ManufacturerItemDescription>מב שמפו כיף שמפו קול</ManufacturerItemDescription><SoldByWeight/><Quantity>750.00</Quantity><UnitOfMeasure>מ"ל</UnitOfMeasure><QtyInPackage>לא ידוע</QtyInPackage><UnitOfMeasurePrice>0.0145</UnitOfMeasurePrice><AllowDiscount>1</AllowDiscount><ItemStatus>1</ItemStatus><ItemPrice>10.90</ItemPrice></item><item><PriceUpdateDate>2016-05-01 21:47:02</PriceUpdateDate><ItemCode>7290013268648</ItemCode><ItemType>1</ItemType><ItemName>מב שמפו כיף שמפו רומ</ItemName><ManufacturerName>כיף</ManufacturerName><ManufactureCountry>ישראל</ManufactureCountry><ManufacturerItemDescription>מב שמפו כיף שמפו רומ</ManufacturerItemDescription><SoldByWeight/><Quantity>750.00</Quantity><UnitOfMeasure>מ"ל</UnitOfMeasure><QtyInPackage>לא ידוע</QtyInPackage><UnitOfMeasurePrice>0.0145</UnitOfMeasurePrice><AllowDiscount>1</AllowDiscount><ItemStatus>1</ItemStatus><ItemPrice>10.90</ItemPrice></item><item><PriceUpdateDate>2014-11-03 06:37:41</PriceUpdateDate><ItemCode>7290013268822</ItemCode><ItemType>1</ItemType><ItemName>משחת שיניים אורביטול</ItemName><ManufacturerName>אורביטול</ManufacturerName><ManufactureCountry>ישראל</ManufactureCountry><ManufacturerItemDescription>משחת שיניים אורביטול</ManufacturerItemDescription><SoldByWeight/><Quantity>145.00</Quantity><UnitOfMeasure>גרם     </UnitOfMeasure><QtyInPackage>לא ידוע</QtyInPackage><UnitOfMeasurePrice>0.1469</UnitOfMeasurePrice><AllowDiscount>1</AllowDiscount><ItemStatus>1</ItemStatus><ItemPrice>21.30</ItemPrice></item><item><PriceUpdateDate>2016-05-01 21:47:03</PriceUpdateDate><ItemCode>7290013268884</ItemCode><ItemType>1</ItemType><ItemName>סנו ריצפז פרש מאסק 2</ItemName><ManufacturerName>סנו</ManufacturerName><ManufactureCountry>ישראל</ManufactureCountry><ManufacturerItemDescription>סנו ריצפז פרש מאסק 2</ManufacturerItemDescription><SoldByWeight/><Quantity>2000.00</Quantity><UnitOfMeasure>מ"ל</UnitOfMeasure><QtyInPackage>לא ידוע</QtyInPackage><UnitOfMeasurePrice>0.0109</UnitOfMeasurePrice><AllowDiscount>1</AllowDiscount><ItemStatus>1</ItemStatus><ItemPrice>21.90</ItemPrice></item><item><PriceUpdateDate>2016-05-01 21:47:03</PriceUpdateDate><ItemCode>7290013268891</ItemCode><ItemType>1</ItemType><ItemName>מב סנו אוקסיג'ין 3 ל</ItemName><ManufacturerName>סנו מקסימה</ManufacturerName><ManufactureCountry>ישראל</ManufactureCountry><ManufacturerItemDescription>מב סנו אוקסיג'ין 3 ל</ManufacturerItemDescription><SoldByWeight/><Quantity>3000.00</Quantity><UnitOfMeasure>מ"ל</UnitOfMeasure><QtyInPackage>לא ידוע</QtyInPackage><UnitOfMeasurePrice>0.0100</UnitOfMeasurePrice><AllowDiscount>1</AllowDiscount><ItemStatus>1</ItemStatus><ItemPrice>29.90</ItemPrice></item><item><PriceUpdateDate>2016-05-30 22:04:44</PriceUpdateDate><ItemCode>7290013268990</ItemCode><ItemType>1</ItemType><ItemName>מב מרכך כביסה מקסימה</ItemName><ManufacturerName>סנו מקסימה</ManufacturerName><ManufactureCountry>ישראל</ManufactureCountry><ManufacturerItemDescription>מב מרכך כביסה מקסימה</ManufacturerItemDescription><SoldByWeight/><Quantity>1000.00</Quantity><UnitOfMeasure>מ"ל</UnitOfMeasure><QtyInPackage>לא ידוע</QtyInPackage><UnitOfMeasurePrice>0.0159</UnitOfMeasurePrice><AllowDiscount>1</AllowDiscount><ItemStatus>1</ItemStatus><ItemPrice>15.90</ItemPrice></item><item><PriceUpdateDate>2015-11-12 14:56:54</PriceUpdateDate><ItemCode>7290013269003</ItemCode><ItemType>1</ItemType><ItemName>מרכך כביסה מקסימה קי</ItemName><ManufacturerName>סנו מקסימה</ManufacturerName><ManufactureCountry>ישראל</ManufactureCountry><ManufacturerItemDescription>מרכך כביסה מקסימה קי</ManufacturerItemDescription><SoldByWeight/><Quantity>1000.00</Quantity><UnitOfMeasure>מ"ל</UnitOfMeasure><QtyInPackage>לא ידוע</QtyInPackage><UnitOfMeasurePrice>0.0256</UnitOfMeasurePrice><AllowDiscount>1</AllowDiscount><ItemStatus>1</ItemStatus><ItemPrice>25.60</ItemPrice></item><item><PriceUpdateDate>2016-01-20 07:31:14</PriceUpdateDate><ItemCode>7290013269300</ItemCode><ItemType>1</ItemType><ItemName>ניילון נצמד סנו סושי</ItemName><ManufacturerName>סנו סושי</ManufacturerName><ManufactureCountry>ישראל</ManufactureCountry><ManufacturerItemDescription>ניילון נצמד סנו סושי</ManufacturerItemDescription><SoldByWeight/><Quantity>150.00</Quantity><UnitOfMeasure>מטר</UnitOfMeasure><QtyInPackage>לא ידוע</QtyInPackage><UnitOfMeasurePrice>0.2527</UnitOfMeasurePrice><AllowDiscount>1</AllowDiscount><ItemStatus>1</ItemStatus><ItemPrice>37.90</ItemPrice></item><item><PriceUpdateDate>2014-11-03 06:37:41</PriceUpdateDate><ItemCode>7290013269447</ItemCode><ItemType>1</ItemType><ItemName>מב סנו סושי אטבי כבי</ItemName><ManufacturerName>סנו סושי</ManufacturerName><ManufactureCountry>ישראל</ManufactureCountry><ManufacturerItemDescription>מב סנו סושי אטבי כבי</ManufacturerItemDescription><SoldByWeight/><Quantity>1.00</Quantity><UnitOfMeasure>כד</UnitOfMeasure><QtyInPackage>לא ידוע</QtyInPackage><UnitOfMeasurePrice>13.2000</UnitOfMeasurePrice><AllowDiscount>1</AllowDiscount><ItemStatus>1</ItemStatus><ItemPrice>6.90</ItemPrice></item><item><PriceUpdateDate>2016-05-30 22:04:45</PriceUpdateDate><ItemCode>7290013269560</ItemCode><ItemType>1</ItemType><ItemName>מב תחליב רחצה קרמה מ</ItemName><ManufacturerName>קרמה</ManufacturerName><ManufactureCountry>ישראל</ManufactureCountry><ManufacturerItemDescription>מב תחליב רחצה קרמה מ</ManufacturerItemDescription><SoldByWeight/><Quantity>750.00</Quantity><UnitOfMeasure>מ"ל</UnitOfMeasure><QtyInPackage>לא ידוע</QtyInPackage><UnitOfMeasurePrice>0.0225</UnitOfMeasurePrice><AllowDiscount>1</AllowDiscount><ItemStatus>1</ItemStatus><ItemPrice>16.90</ItemPrice></item><item><PriceUpdateDate>2015-12-01 08:42:03</PriceUpdateDate><ItemCode>7290013269645</ItemCode><ItemType>1</ItemType><ItemName>ריצפז פרש מטליות ריצ</ItemName><ManufacturerName>ריצפז</ManufacturerName><ManufactureCountry>ישראל</ManufactureCountry><ManufacturerItemDescription>ריצפז פרש מטליות ריצ</ManufacturerItemDescription><SoldByWeight/><Quantity>10.00</Quantity><UnitOfMeasure>בודד</UnitOfMeasure><QtyInPackage>לא ידוע</QtyInPackage><UnitOfMeasurePrice>1.7700</UnitOfMeasurePrice><AllowDiscount>1</AllowDiscount><ItemStatus>1</ItemStatus><ItemPrice>17.70</ItemPrice></item><item><PriceUpdateDate>2016-05-01 21:47:04</PriceUpdateDate><ItemCode>7290013269669</ItemCode><ItemType>1</ItemType><ItemName>מב סנו ריצפז נוזל רצ</ItemName><ManufacturerName>ריצפז</ManufacturerName><ManufactureCountry>ישראל</ManufactureCountry><ManufacturerItemDescription>מב סנו ריצפז נוזל רצ</ManufacturerItemDescription><SoldByWeight/><Quantity>3000.00</Quantity><UnitOfMeasure>מ"ל</UnitOfMeasure><QtyInPackage>לא ידוע</QtyInPackage><UnitOfMeasurePrice>0.0040</UnitOfMeasurePrice><AllowDiscount>1</AllowDiscount><ItemStatus>1</ItemStatus><ItemPrice>11.90</ItemPrice></item><item><PriceUpdateDate>2016-05-30 22:04:45</PriceUpdateDate><ItemCode>7290013269850</ItemCode><ItemType>1</ItemType><ItemName>מב סנו סושי נייר אפי</ItemName><ManufacturerName>סנו סושי</ManufacturerName><ManufactureCountry>ישראל</ManufactureCountry><ManufacturerItemDescription>מב סנו סושי נייר אפי</ManufacturerItemDescription><SoldByWeight/><Quantity>50.00</Quantity><UnitOfMeasure>בודד</UnitOfMeasure><QtyInPackage>לא ידוע</QtyInPackage><UnitOfMeasurePrice>0.2580</UnitOfMeasurePrice><AllowDiscount>1</AllowDiscount><ItemStatus>1</ItemStatus><ItemPrice>12.90</ItemPrice></item><item><PriceUpdateDate>2016-04-24 17:23:53</PriceUpdateDate><ItemCode>7290013284310</ItemCode><ItemType>1</ItemType><ItemName>רוטב פסטה טעים לילדי</ItemName><ManufacturerName>לא ממותג</ManufacturerName><ManufactureCountry>ישראל</ManufactureCountry><ManufacturerItemDescription>רוטב פסטה טעים לילדי</ManufacturerItemDescription><SoldByWeight/><Quantity>240.00</Quantity><UnitOfMeasure>גרם     </UnitOfMeasure><QtyInPackage>לא ידוע</QtyInPackage><UnitOfMeasurePrice>0.0271</UnitOfMeasurePrice><AllowDiscount>1</AllowDiscount><ItemStatus>1</ItemStatus><ItemPrice>6.50</ItemPrice></item><item><PriceUpdateDate>2016-01-19 09:24:04</PriceUpdateDate><ItemCode>7290013284723</ItemCode><ItemType>1</ItemType><ItemName>רוטב עגבניות לפסטה ב</ItemName><ManufacturerName>לא ממותג</ManufacturerName><ManufactureCountry>לא ידוע</ManufactureCountry><ManufacturerItemDescription>רוטב עגבניות לפסטה ב</ManufacturerItemDescription><SoldByWeight/><Quantity>380.00</Quantity><UnitOfMeasure>גרם     </UnitOfMeasure><QtyInPackage>לא ידוע</QtyInPackage><UnitOfMeasurePrice>0.0208</UnitOfMeasurePrice><AllowDiscount>1</AllowDiscount><ItemStatus>1</ItemStatus><ItemPrice>7.90</ItemPrice></item><item><PriceUpdateDate>2016-02-02 06:51:33</PriceUpdateDate><ItemCode>7290013284778</ItemCode><ItemType>1</ItemType><ItemName>עגבניות מרוסקות עם ב</ItemName><ManufacturerName>פריניר</ManufacturerName><ManufactureCountry>לא ידוע</ManufactureCountry><ManufacturerItemDescription>עגבניות מרוסקות עם ב</ManufacturerItemDescription><SoldByWeight/><Quantity>280.00</Quantity><UnitOfMeasure>גרם     </UnitOfMeasure><QtyInPackage>לא ידוע</QtyInPackage><UnitOfMeasurePrice>0.0211</UnitOfMeasurePrice><AllowDiscount>1</AllowDiscount><ItemStatus>1</ItemStatus><ItemPrice>5.90</ItemPrice></item><item><PriceUpdateDate>2016-03-29 06:17:29</PriceUpdateDate><ItemCode>7290013284884</ItemCode><ItemType>1</ItemType><ItemName>תרכיז עגבניות  SUN T</ItemName><ManufacturerName>פריניר</ManufacturerName><ManufactureCountry>לא ידוע</ManufactureCountry><ManufacturerItemDescription>תרכיז עגבניות  SUN T</ManufacturerItemDescription><SoldByWeight/><Quantity>580.00</Quantity><UnitOfMeasure>גרם     </UnitOfMeasure><QtyInPackage>לא ידוע</QtyInPackage><UnitOfMeasurePrice>0.0136</UnitOfMeasurePrice><AllowDiscount>1</AllowDiscount><ItemStatus>1</ItemStatus><ItemPrice>7.90</ItemPrice></item><item><PriceUpdateDate>2016-03-01 06:43:47</PriceUpdateDate><ItemCode>7290013310378</ItemCode><ItemType>1</ItemType><ItemName>כפפות ניטריל מידה S</ItemName><ManufacturerName>איזי טאצ</ManufacturerName><ManufactureCountry>ישראל</ManufactureCountry><ManufacturerItemDescription>כפפות ניטריל מידה S</ManufacturerItemDescription><SoldByWeight/><Quantity>80.00</Quantity><UnitOfMeasure>יח'</UnitOfMeasure><QtyInPackage>לא ידוע</QtyInPackage><UnitOfMeasurePrice>0.4300</UnitOfMeasurePrice><AllowDiscount>1</AllowDiscount><ItemStatus>1</ItemStatus><ItemPrice>34.40</ItemPrice></item><item><PriceUpdateDate>2016-03-01 06:43:47</PriceUpdateDate><ItemCode>7290013310385</ItemCode><ItemType>1</ItemType><ItemName>כפפות ניטריל מידה M</ItemName><ManufacturerName>איזי טאצ</ManufacturerName><ManufactureCountry>ישראל</ManufactureCountry><ManufacturerItemDescription>כפפות ניטריל מידה M</ManufacturerItemDescription><SoldByWeight/><Quantity>80.00</Quantity><UnitOfMeasure>יח'</UnitOfMeasure><QtyInPackage>לא ידוע</QtyInPackage><UnitOfMeasurePrice>0.4300</UnitOfMeasurePrice><AllowDiscount>1</AllowDiscount><ItemStatus>1</ItemStatus><ItemPrice>34.40</ItemPrice></item><item><PriceUpdateDate>2016-03-01 06:43:47</PriceUpdateDate><ItemCode>7290013310392</ItemCode><ItemType>1</ItemType><ItemName>כפפות ניטריל מידה L</ItemName><ManufacturerName>איזי טאצ</ManufacturerName><ManufactureCountry>ישראל</ManufactureCountry><ManufacturerItemDescription>כפפות ניטריל מידה L</ManufacturerItemDescription><SoldByWeight/><Quantity>80.00</Quantity><UnitOfMeasure>יח'</UnitOfMeasure><QtyInPackage>לא ידוע</QtyInPackage><UnitOfMeasurePrice>0.4300</UnitOfMeasurePrice><AllowDiscount>1</AllowDiscount><ItemStatus>1</ItemStatus><ItemPrice>34.40</ItemPrice></item><item><PriceUpdateDate>2016-05-01 21:47:04</PriceUpdateDate><ItemCode>7290013310477</ItemCode><ItemType>1</ItemType><ItemName>שיפודי במבוק ג'מבו ש</ItemName><ManufacturerName>לא ממותג</ManufacturerName><ManufactureCountry>ישראל</ManufactureCountry><ManufacturerItemDescription>שיפודי במבוק ג'מבו ש</ManufacturerItemDescription><SoldByWeight/><Quantity>24.00</Quantity><UnitOfMeasure>בודד</UnitOfMeasure><QtyInPackage>לא ידוע</QtyInPackage><UnitOfMeasurePrice>0.4125</UnitOfMeasurePrice><AllowDiscount>1</AllowDiscount><ItemStatus>1</ItemStatus><ItemPrice>9.90</ItemPrice></item><item><PriceUpdateDate>2016-05-01 21:47:04</PriceUpdateDate><ItemCode>7290013358356</ItemCode><ItemType>1</ItemType><ItemName>מנה פרורי לחם מוזהבי</ItemName><ManufacturerName>מנה</ManufacturerName><ManufactureCountry>ישראל</ManufactureCountry><ManufacturerItemDescription>מנה פרורי לחם מוזהבי</ManufacturerItemDescription><SoldByWeight/><Quantity>350.00</Quantity><UnitOfMeasure>גרם     </UnitOfMeasure><QtyInPackage>לא ידוע</QtyInPackage><UnitOfMeasurePrice>0.0397</UnitOfMeasurePrice><AllowDiscount>1</AllowDiscount><ItemStatus>1</ItemStatus><ItemPrice>13.90</ItemPrice></item><item><PriceUpdateDate>2015-12-01 08:42:03</PriceUpdateDate><ItemCode>7290013358363</ItemCode><ItemType>1</ItemType><ItemName>מב פרורי לחם מנה מוז</ItemName><ManufacturerName>מנה</ManufacturerName><ManufactureCountry>ישראל</ManufactureCountry><ManufacturerItemDescription>פירורי לחם יפנים פנקו 300</ManufacturerItemDescription><SoldByWeight/><Quantity>300.00</Quantity><UnitOfMeasure>גרם     </UnitOfMeasure><QtyInPackage>לא ידוע</QtyInPackage><UnitOfMeasurePrice>0.0363</UnitOfMeasurePrice><AllowDiscount>1</AllowDiscount><ItemStatus>1</ItemStatus><ItemPrice>10.90</ItemPrice></item><item><PriceUpdateDate>2015-12-01 08:42:03</PriceUpdateDate><ItemCode>7290013358370</ItemCode><ItemType>1</ItemType><ItemName>מב פרורי לחם מנה 300</ItemName><ManufacturerName>מנה</ManufacturerName><ManufactureCountry>ישראל</ManufactureCountry><ManufacturerItemDescription>פירורי לחם יפנים טעם שום</ManufacturerItemDescription><SoldByWeight/><Quantity>300.00</Quantity><UnitOfMeasure>גרם     </UnitOfMeasure><QtyInPackage>לא ידוע</QtyInPackage><UnitOfMeasurePrice>0.0363</UnitOfMeasurePrice><AllowDiscount>1</AllowDiscount><ItemStatus>1</ItemStatus><ItemPrice>10.90</ItemPrice></item><item><PriceUpdateDate>2016-05-30 22:04:45</PriceUpdateDate><ItemCode>7290013358387</ItemCode><ItemType>1</ItemType><ItemName>מב מנה קמח אפייה מקצ</ItemName><ManufacturerName>מנה</ManufacturerName><ManufactureCountry>ישראל</ManufactureCountry><ManufacturerItemDescription>מב מנה קמח אפייה מקצ</ManufacturerItemDescription><SoldByWeight/><Quantity>1000.00</Quantity><UnitOfMeasure>גרם     </UnitOfMeasure><QtyInPackage>לא ידוע</QtyInPackage><UnitOfMeasurePrice>0.0065</UnitOfMeasurePrice><AllowDiscount>1</AllowDiscount><ItemStatus>1</ItemStatus><ItemPrice>6.50</ItemPrice></item><item><PriceUpdateDate>2016-05-30 22:04:45</PriceUpdateDate><ItemCode>7290013358394</ItemCode><ItemType>1</ItemType><ItemName>מב מנה קמח קונדיטור</ItemName><ManufacturerName>מנה</ManufacturerName><ManufactureCountry>ישראל</ManufactureCountry><ManufacturerItemDescription>מב מנה קמח קונדיטור</ManufacturerItemDescription><SoldByWeight/><Quantity>1000.00</Quantity><UnitOfMeasure>גרם     </UnitOfMeasure><QtyInPackage>לא ידוע</QtyInPackage><UnitOfMeasurePrice>0.0065</UnitOfMeasurePrice><AllowDiscount>1</AllowDiscount><ItemStatus>1</ItemStatus><ItemPrice>6.50</ItemPrice></item><item><PriceUpdateDate>2016-05-30 22:04:45</PriceUpdateDate><ItemCode>7290013358448</ItemCode><ItemType>1</ItemType><ItemName>מב קרוטונים לסלט אקס</ItemName><ManufacturerName>מנה</ManufacturerName><ManufactureCountry>ישראל</ManufactureCountry><ManufacturerItemDescription>מב קרוטונים לסלט אקס</ManufacturerItemDescription><SoldByWeight/><Quantity>200.00</Quantity><UnitOfMeasure>גרם     </UnitOfMeasure><QtyInPackage>לא ידוע</QtyInPackage><UnitOfMeasurePrice>0.0445</UnitOfMeasurePrice><AllowDiscount>1</AllowDiscount><ItemStatus>1</ItemStatus><ItemPrice>8.90</ItemPrice></item><item><PriceUpdateDate>2016-01-05 08:49:45</PriceUpdateDate><ItemCode>7290013358486</ItemCode><ItemType>1</ItemType><ItemName>מאסטר שף פירורי לחם</ItemName><ManufacturerName>לא ממותג</ManufacturerName><ManufactureCountry>ישראל</ManufactureCountry><ManufacturerItemDescription>פירורי לחם ללא צורך בביצה</ManufacturerItemDescription><SoldByWeight/><Quantity>300.00</Quantity><UnitOfMeasure>גרם     </UnitOfMeasure><QtyInPackage>לא ידוע</QtyInPackage><UnitOfMeasurePrice>0.0397</UnitOfMeasurePrice><AllowDiscount>1</AllowDiscount><ItemStatus>1</ItemStatus><ItemPrice>11.90</ItemPrice></item><item><PriceUpdateDate>2016-03-01 06:43:47</PriceUpdateDate><ItemCode>7290013358509</ItemCode><ItemType>1</ItemType><ItemName>מאסטר שף מיקסלט 200</ItemName><ManufacturerName>מאסטר שף</ManufacturerName><ManufactureCountry>ישראל</ManufactureCountry><ManufacturerItemDescription>מיקסלט 200 גרם</ManufacturerItemDescription><SoldByWeight/><Quantity>200.00</Quantity><UnitOfMeasure>גרם     </UnitOfMeasure><QtyInPackage>לא ידוע</QtyInPackage><UnitOfMeasurePrice>0.0845</UnitOfMeasurePrice><AllowDiscount>1</AllowDiscount><ItemStatus>1</ItemStatus><ItemPrice>16.90</ItemPrice></item><item><PriceUpdateDate>2015-07-27 21:01:35</PriceUpdateDate><ItemCode>7290013358523</ItemCode><ItemType>1</ItemType><ItemName>מאסטר שף שבבי בצל מט</ItemName><ManufacturerName>לא ממותג</ManufacturerName><ManufactureCountry>ישראל</ManufactureCountry><ManufacturerItemDescription>שבבי בצל מטוגן  15גרם</ManufacturerItemDescription><SoldByWeight/><Quantity>150.00</Quantity><UnitOfMeasure>גרם     </UnitOfMeasure><QtyInPackage>לא ידוע</QtyInPackage><UnitOfMeasurePrice>0.0993</UnitOfMeasurePrice><AllowDiscount>1</AllowDiscount><ItemStatus>1</ItemStatus><ItemPrice>14.90</ItemPrice></item><item><PriceUpdateDate>2015-11-11 08:02:36</PriceUpdateDate><ItemCode>7290013358905</ItemCode><ItemType>1</ItemType><ItemName>קראנצ'וס טורטיה רולס</ItemName><ManufacturerName>קראנצ'וס</ManufacturerName><ManufactureCountry>לא ידוע</ManufactureCountry><ManufacturerItemDescription>קראנצ'וס טורטיה רולס</ManufacturerItemDescription><SoldByWeight/><Quantity>70.00</Quantity><UnitOfMeasure>גרם     </UnitOfMeasure><QtyInPackage>לא ידוע</QtyInPackage><UnitOfMeasurePrice>0.0571</UnitOfMeasurePrice><AllowDiscount>1</AllowDiscount><ItemStatus>1</ItemStatus><ItemPrice>4.00</ItemPrice></item><item><PriceUpdateDate>2015-11-11 08:02:36</PriceUpdateDate><ItemCode>7290013358912</ItemCode><ItemType>1</ItemType><ItemName>קראנצ'וס טורטיה רולס</ItemName><ManufacturerName>קראנצ'וס</ManufacturerName><ManufactureCountry>לא ידוע</ManufactureCountry><ManufacturerItemDescription>קראנצ'וס טורטיה רולס</ManufacturerItemDescription><SoldByWeight/><Quantity>70.00</Quantity><UnitOfMeasure>גרם     </UnitOfMeasure><QtyInPackage>לא ידוע</QtyInPackage><UnitOfMeasurePrice>0.0571</UnitOfMeasurePrice><AllowDiscount>1</AllowDiscount><ItemStatus>1</ItemStatus><ItemPrice>4.00</ItemPrice></item><item><PriceUpdateDate>2015-02-17 09:43:54</PriceUpdateDate><ItemCode>7290013361806</ItemCode><ItemType>1</ItemType><ItemName>קטשופ 750 גרם המותג</ItemName><ManufacturerName>"המותג"</ManufacturerName><ManufactureCountry>ישראל</ManufactureCountry><ManufacturerItemDescription>קטשופ 750 גרם המותג</ManufacturerItemDescription><SoldByWeight/><Quantity>750.00</Quantity><UnitOfMeasure>גרם     </UnitOfMeasure><QtyInPackage>לא ידוע</QtyInPackage><UnitOfMeasurePrice>0.0119</UnitOfMeasurePrice><AllowDiscount>1</AllowDiscount><ItemStatus>1</ItemStatus><ItemPrice>8.90</ItemPrice></item><item><PriceUpdateDate>2015-10-21 13:56:51</PriceUpdateDate><ItemCode>7290013389855</ItemCode><ItemType>1</ItemType><ItemName>נודלס בכוס טעם ירקות</ItemName><ManufacturerName>לא ממותג</ManufacturerName><ManufactureCountry>ישראל</ManufactureCountry><ManufacturerItemDescription>נודלס בכוס טעם ירקות</ManufacturerItemDescription><SoldByWeight/><Quantity>65.00</Quantity><UnitOfMeasure>גרם     </UnitOfMeasure><QtyInPackage>לא ידוע</QtyInPackage><UnitOfMeasurePrice>0.0831</UnitOfMeasurePrice><AllowDiscount>1</AllowDiscount><ItemStatus>1</ItemStatus><ItemPrice>5.40</ItemPrice></item><item><PriceUpdateDate>2015-10-21 13:56:51</PriceUpdateDate><ItemCode>7290013389862</ItemCode><ItemType>1</ItemType><ItemName>נודלס בכוס טעם עוף 6</ItemName><ManufacturerName>לא ממותג</ManufacturerName><ManufactureCountry>ישראל</ManufactureCountry><ManufacturerItemDescription>נודלס בכוס טעם עוף 6</ManufacturerItemDescription><SoldByWeight/><Quantity>65.00</Quantity><UnitOfMeasure>גרם     </UnitOfMeasure><QtyInPackage>לא ידוע</QtyInPackage><UnitOfMeasurePrice>0.0831</UnitOfMeasurePrice><AllowDiscount>1</AllowDiscount><ItemStatus>1</ItemStatus><ItemPrice>5.40</ItemPrice></item><item><PriceUpdateDate>2016-03-29 06:36:51</PriceUpdateDate><ItemCode>7290013462794</ItemCode><ItemType>1</ItemType><ItemName>מב אולטרסול ספריי רצ</ItemName><ManufacturerName>אולטרסול</ManufacturerName><ManufactureCountry>ישראל</ManufactureCountry><ManufacturerItemDescription>אולטרסול ספריי רציף שמן ג</ManufacturerItemDescription><SoldByWeight/><Quantity>200.00</Quantity><UnitOfMeasure>מ"ל</UnitOfMeasure><QtyInPackage>לא ידוע</QtyInPackage><UnitOfMeasurePrice>0.2495</UnitOfMeasurePrice><AllowDiscount>1</AllowDiscount><ItemStatus>1</ItemStatus><ItemPrice>49.90</ItemPrice></item><item><PriceUpdateDate>2015-10-21 08:40:13</PriceUpdateDate><ItemCode>7290013472199</ItemCode><ItemType>1</ItemType><ItemName>ערמונים קלופים וקלוי</ItemName><ManufacturerName>וילי פוד</ManufacturerName><ManufactureCountry>סין</ManufactureCountry><ManufacturerItemDescription>משחת שיניים     ס 100מ"ל</ManufacturerItemDescription><SoldByWeight/><Quantity>105.00</Quantity><UnitOfMeasure>גרם     </UnitOfMeasure><QtyInPackage>לא ידוע</QtyInPackage><UnitOfMeasurePrice>0.0771</UnitOfMeasurePrice><AllowDiscount>1</AllowDiscount><ItemStatus>1</ItemStatus><ItemPrice>8.10</ItemPrice></item><item><PriceUpdateDate>2015-11-12 14:28:21</PriceUpdateDate><ItemCode>7290013474155</ItemCode><ItemType>1</ItemType><ItemName>מאגדת דג דג 6*40 גרם</ItemName><ManufacturerName>בייגל בייגל</ManufacturerName><ManufactureCountry>ישראל</ManufactureCountry><ManufacturerItemDescription>מאגדת דג דג 6*40 גרם</ManufacturerItemDescription><SoldByWeight/><Quantity>240.00</Quantity><UnitOfMeasure>גרם     </UnitOfMeasure><QtyInPackage>לא ידוע</QtyInPackage><UnitOfMeasurePrice>0.0550</UnitOfMeasurePrice><AllowDiscount>1</AllowDiscount><ItemStatus>1</ItemStatus><ItemPrice>13.20</ItemPrice></item><item><PriceUpdateDate>2016-05-01 21:47:05</PriceUpdateDate><ItemCode>7290013474377</ItemCode><ItemType>1</ItemType><ItemName>בייגלה דקים דקים מלח</ItemName><ManufacturerName>בייגל בייגל</ManufacturerName><ManufactureCountry>ישראל</ManufactureCountry><ManufacturerItemDescription>בייגלה דקים דקים מלח ים 3</ManufacturerItemDescription><SoldByWeight/><Quantity>300.00</Quantity><UnitOfMeasure>גרם     </UnitOfMeasure><QtyInPackage>לא ידוע</QtyInPackage><UnitOfMeasurePrice>0.0440</UnitOfMeasurePrice><AllowDiscount>1</AllowDiscount><ItemStatus>1</ItemStatus><ItemPrice>13.20</ItemPrice></item><item><PriceUpdateDate>2016-05-01 21:47:05</PriceUpdateDate><ItemCode>7290013474384</ItemCode><ItemType>1</ItemType><ItemName>בייגלה דקים דקים שמנ</ItemName><ManufacturerName>בייגל בייגל</ManufacturerName><ManufactureCountry>ישראל</ManufactureCountry><ManufacturerItemDescription>בייגלה דקים דקים שמנת בצל</ManufacturerItemDescription><SoldByWeight/><Quantity>300.00</Quantity><UnitOfMeasure>גרם     </UnitOfMeasure><QtyInPackage>לא ידוע</QtyInPackage><UnitOfMeasurePrice>0.0440</UnitOfMeasurePrice><AllowDiscount>1</AllowDiscount><ItemStatus>1</ItemStatus><ItemPrice>13.20</ItemPrice></item><item><PriceUpdateDate>2014-11-27 08:41:04</PriceUpdateDate><ItemCode>7290013504456</ItemCode><ItemType>1</ItemType><ItemName>נופר ספוג שומר טריות</ItemName><ManufacturerName>לא ממותג</ManufacturerName><ManufactureCountry>ישראל</ManufactureCountry><ManufacturerItemDescription>נופר ספוג שומר טריות</ManufacturerItemDescription><SoldByWeight/><Quantity>0.00</Quantity><UnitOfMeasure>0</UnitOfMeasure><QtyInPackage>לא ידוע</QtyInPackage><UnitOfMeasurePrice>0.0000</UnitOfMeasurePrice><AllowDiscount>1</AllowDiscount><ItemStatus>1</ItemStatus><ItemPrice>12.90</ItemPrice></item><item><PriceUpdateDate>2016-03-09 12:01:08</PriceUpdateDate><ItemCode>7290013504708</ItemCode><ItemType>1</ItemType><ItemName>מטאטא נצנץ + מקל מתכ</ItemName><ManufacturerName>לא ממותג</ManufacturerName><ManufactureCountry>ישראל</ManufactureCountry><ManufacturerItemDescription>מטאטא נצנץ + מקל מתכ</ManufacturerItemDescription><SoldByWeight/><Quantity>0.00</Quantity><UnitOfMeasure>0</UnitOfMeasure><QtyInPackage>לא ידוע</QtyInPackage><UnitOfMeasurePrice>0.0000</UnitOfMeasurePrice><AllowDiscount>1</AllowDiscount><ItemStatus>1</ItemStatus><ItemPrice>23.90</ItemPrice></item><item><PriceUpdateDate>2015-10-11 18:10:55</PriceUpdateDate><ItemCode>7290013525277</ItemCode><ItemType>1</ItemType><ItemName>סלט מטבוחה 160 גרם</ItemName><ManufacturerName>סלטי שמיר</ManufacturerName><ManufactureCountry>ישראל</ManufactureCountry><ManufacturerItemDescription>סלט מטבוחה 160 גרם</ManufacturerItemDescription><SoldByWeight/><Quantity>160.00</Quantity><UnitOfMeasure>גרם     </UnitOfMeasure><QtyInPackage>לא ידוע</QtyInPackage><UnitOfMeasurePrice>0.0313</UnitOfMeasurePrice><AllowDiscount>1</AllowDiscount><ItemStatus>1</ItemStatus><ItemPrice>5.00</ItemPrice></item><item><PriceUpdateDate>2016-05-01 21:47:05</PriceUpdateDate><ItemCode>7290013535207</ItemCode><ItemType>1</ItemType><ItemName>נוזל כלים תפוח 1.5 ל</ItemName><ManufacturerName>"המותג"</ManufacturerName><ManufactureCountry>ישראל</ManufactureCountry><ManufacturerItemDescription>נוזל כלים תפוח 1.5 ל</ManufacturerItemDescription><SoldByWeight/><Quantity>1500.00</Quantity><UnitOfMeasure>מ"ל</UnitOfMeasure><QtyInPackage>לא ידוע</QtyInPackage><UnitOfMeasurePrice>0.0067</UnitOfMeasurePrice><AllowDiscount>1</AllowDiscount><ItemStatus>1</ItemStatus><ItemPrice>10.10</ItemPrice></item><item><PriceUpdateDate>2016-05-01 21:47:05</PriceUpdateDate><ItemCode>7290013535214</ItemCode><ItemType>1</ItemType><ItemName>נוזל כלים לימון 1.5</ItemName><ManufacturerName>"המותג"</ManufacturerName><ManufactureCountry>ישראל</ManufactureCountry><ManufacturerItemDescription>נוזל כלים לימון 1.5</ManufacturerItemDescription><SoldByWeight/><Quantity>1500.00</Quantity><UnitOfMeasure>מ"ל</UnitOfMeasure><QtyInPackage>לא ידוע</QtyInPackage><UnitOfMeasurePrice>0.0067</UnitOfMeasurePrice><AllowDiscount>1</AllowDiscount><ItemStatus>1</ItemStatus><ItemPrice>10.10</ItemPrice></item><item><PriceUpdateDate>2016-02-02 06:51:33</PriceUpdateDate><ItemCode>7290013535511</ItemCode><ItemType>1</ItemType><ItemName>ג'ל כביסה ירוק 3 ליט</ItemName><ManufacturerName>"המותג"</ManufacturerName><ManufactureCountry>ישראל</ManufactureCountry><ManufacturerItemDescription>ג'ל כביסה ירוק 3 ליט</ManufacturerItemDescription><SoldByWeight/><Quantity>3000.00</Quantity><UnitOfMeasure>מ"ל</UnitOfMeasure><QtyInPackage>לא ידוע</QtyInPackage><UnitOfMeasurePrice>0.0066</UnitOfMeasurePrice><AllowDiscount>1</AllowDiscount><ItemStatus>1</ItemStatus><ItemPrice>19.90</ItemPrice></item><item><PriceUpdateDate>2016-05-30 22:04:46</PriceUpdateDate><ItemCode>7290013584182</ItemCode><ItemType>1</ItemType><ItemName>ספרייט 1.5 ליטר 40%</ItemName><ManufacturerName>ספרייט</ManufacturerName><ManufactureCountry>ישראל</ManufactureCountry><ManufacturerItemDescription>ספרייט 1.5 ליטר</ManufacturerItemDescription><SoldByWeight/><Quantity>1500.00</Quantity><UnitOfMeasure>מ"ל</UnitOfMeasure><QtyInPackage>לא ידוע</QtyInPackage><UnitOfMeasurePrice>0.0045</UnitOfMeasurePrice><AllowDiscount>1</AllowDiscount><ItemStatus>1</ItemStatus><ItemPrice>6.80</ItemPrice></item><item><PriceUpdateDate>2016-05-30 22:04:46</PriceUpdateDate><ItemCode>7290013585240</ItemCode><ItemType>1</ItemType><ItemName>ספרייט ZERO בקבוק 1.</ItemName><ManufacturerName>דיאט ספרייט</ManufacturerName><ManufactureCountry>ישראל</ManufactureCountry><ManufacturerItemDescription>ספרייט דיאט 1.5 ל</ManufacturerItemDescription><SoldByWeight/><Quantity>1500.00</Quantity><UnitOfMeasure>מ"ל</UnitOfMeasure><QtyInPackage>לא ידוע</QtyInPackage><UnitOfMeasurePrice>0.0045</UnitOfMeasurePrice><AllowDiscount>1</AllowDiscount><ItemStatus>1</ItemStatus><ItemPrice>6.80</ItemPrice></item><item><PriceUpdateDate>2015-10-11 18:10:55</PriceUpdateDate><ItemCode>7290013585257</ItemCode><ItemType>1</ItemType><ItemName>ספרייט ZERO 0.5 ליטר</ItemName><ManufacturerName>דיאט ספרייט</ManufacturerName><ManufactureCountry>ישראל</ManufactureCountry><ManufacturerItemDescription>ספרייט דיאט בקבוק 500 מל</ManufacturerItemDescription><SoldByWeight/><Quantity>500.00</Quantity><UnitOfMeasure>מ"ל</UnitOfMeasure><QtyInPackage>לא ידוע</QtyInPackage><UnitOfMeasurePrice>0.0146</UnitOfMeasurePrice><AllowDiscount>1</AllowDiscount><ItemStatus>1</ItemStatus><ItemPrice>7.30</ItemPrice></item><item><PriceUpdateDate>2016-05-30 22:04:46</PriceUpdateDate><ItemCode>7290013585356</ItemCode><ItemType>1</ItemType><ItemName>FUZA TEA פירות יער 1</ItemName><ManufacturerName>לא ממותג</ManufacturerName><ManufactureCountry>ישראל</ManufactureCountry><ManufacturerItemDescription>תה קר FUZE TEA מנגו אננס</ManufacturerItemDescription><SoldByWeight/><Quantity>1500.00</Quantity><UnitOfMeasure>מ"ל</UnitOfMeasure><QtyInPackage>לא ידוע</QtyInPackage><UnitOfMeasurePrice>0.0046</UnitOfMeasurePrice><AllowDiscount>1</AllowDiscount><ItemStatus>1</ItemStatus><ItemPrice>6.90</ItemPrice></item><item><PriceUpdateDate>2015-10-20 17:11:33</PriceUpdateDate><ItemCode>7290013585387</ItemCode><ItemType>1</ItemType><ItemName>קולה זירו 1 ליטר</ItemName><ManufacturerName>קוקה קולה</ManufacturerName><ManufactureCountry>ישראל</ManufactureCountry><ManufacturerItemDescription>קולה 1 ZERO ליטר</ManufacturerItemDescription><SoldByWeight/><Quantity>1000.00</Quantity><UnitOfMeasure>מ"ל</UnitOfMeasure><QtyInPackage>לא ידוע</QtyInPackage><UnitOfMeasurePrice>0.0061</UnitOfMeasurePrice><AllowDiscount>1</AllowDiscount><ItemStatus>1</ItemStatus><ItemPrice>6.10</ItemPrice></item><item><PriceUpdateDate>2015-10-11 18:10:55</PriceUpdateDate><ItemCode>7290013585394</ItemCode><ItemType>1</ItemType><ItemName>קוקה קולה 1 ליטר</ItemName><ManufacturerName>קוקה קולה</ManufacturerName><ManufactureCountry>ישראל</ManufactureCountry><ManufacturerItemDescription>קוקה קולה 1 ליטר</ManufacturerItemDescription><SoldByWeight/><Quantity>1000.00</Quantity><UnitOfMeasure>מ"ל</UnitOfMeasure><QtyInPackage>לא ידוע</QtyInPackage><UnitOfMeasurePrice>0.0061</UnitOfMeasurePrice><AllowDiscount>1</AllowDiscount><ItemStatus>1</ItemStatus><ItemPrice>6.10</ItemPrice></item><item><PriceUpdateDate>2016-05-16 06:44:41</PriceUpdateDate><ItemCode>7290013586117</ItemCode><ItemType>1</ItemType><ItemName>מב מארז פחיות ספרייט</ItemName><ManufacturerName>קוקה קולה</ManufacturerName><ManufactureCountry>ישראל</ManufactureCountry><ManufacturerItemDescription>מב מארז פחיות ספרייט</ManufacturerItemDescription><SoldByWeight/><Quantity>1980.00</Quantity><UnitOfMeasure>מ"ל</UnitOfMeasure><QtyInPackage>לא ידוע</QtyInPackage><UnitOfMeasurePrice>0.0101</UnitOfMeasurePrice><AllowDiscount>1</AllowDiscount><ItemStatus>1</ItemStatus><ItemPrice>19.90</ItemPrice></item><item><PriceUpdateDate>2016-06-13 13:03:32</PriceUpdateDate><ItemCode>7290013608017</ItemCode><ItemType>1</ItemType><ItemName>פרימור סחוט פירות הד</ItemName><ManufacturerName>פרימור</ManufacturerName><ManufactureCountry>ישראל</ManufactureCountry><ManufacturerItemDescription>פרימור סחוט פירות הד</ManufacturerItemDescription><SoldByWeight/><Quantity>2000.00</Quantity><UnitOfMeasure>מ"ל</UnitOfMeasure><QtyInPackage>לא ידוע</QtyInPackage><UnitOfMeasurePrice>0.0124</UnitOfMeasurePrice><AllowDiscount>1</AllowDiscount><ItemStatus>1</ItemStatus><ItemPrice>24.90</ItemPrice></item><item><PriceUpdateDate>2016-03-29 06:17:30</PriceUpdateDate><ItemCode>7290013608086</ItemCode><ItemType>1</ItemType><ItemName>מיץ סחוט פירות הדר 1</ItemName><ManufacturerName>פרימור</ManufacturerName><ManufactureCountry>ישראל</ManufactureCountry><ManufacturerItemDescription>מיץ פירות הדר 100% סחוט 1</ManufacturerItemDescription><SoldByWeight/><Quantity>1000.00</Quantity><UnitOfMeasure>מ"ל</UnitOfMeasure><QtyInPackage>לא ידוע</QtyInPackage><UnitOfMeasurePrice>0.0152</UnitOfMeasurePrice><AllowDiscount>1</AllowDiscount><ItemStatus>1</ItemStatus><ItemPrice>15.20</ItemPrice></item><item><PriceUpdateDate>2016-03-29 06:36:51</PriceUpdateDate><ItemCode>7290013652072</ItemCode><ItemType>1</ItemType><ItemName>מב נטורל קר אל סבון</ItemName><ManufacturerName>ד"ר פישר</ManufacturerName><ManufactureCountry>ישראל</ManufactureCountry><ManufacturerItemDescription>מב נטורל קר אל סבון</ManufacturerItemDescription><SoldByWeight/><Quantity>700.00</Quantity><UnitOfMeasure>מ"ל</UnitOfMeasure><QtyInPackage>לא ידוע</QtyInPackage><UnitOfMeasurePrice>0.0213</UnitOfMeasurePrice><AllowDiscount>1</AllowDiscount><ItemStatus>1</ItemStatus><ItemPrice>14.90</ItemPrice></item><item><PriceUpdateDate>2015-11-03 08:39:00</PriceUpdateDate><ItemCode>7290013652836</ItemCode><ItemType>1</ItemType><ItemName>נטורל קר קרם ידיים ר</ItemName><ManufacturerName>ד"ר פישר</ManufacturerName><ManufactureCountry>ישראל</ManufactureCountry><ManufacturerItemDescription>נטורל קר קרם ידיים ר</ManufacturerItemDescription><SoldByWeight/><Quantity>150.00</Quantity><UnitOfMeasure>מ"ל</UnitOfMeasure><QtyInPackage>לא ידוע</QtyInPackage><UnitOfMeasurePrice>0.1093</UnitOfMeasurePrice><AllowDiscount>1</AllowDiscount><ItemStatus>1</ItemStatus><ItemPrice>16.40</ItemPrice></item><item><PriceUpdateDate>2015-10-21 13:53:42</PriceUpdateDate><ItemCode>7290013677259</ItemCode><ItemType>1</ItemType><ItemName>זעתר 50 גרם שקית</ItemName><ManufacturerName>מיה</ManufacturerName><ManufactureCountry>ישראל</ManufactureCountry><ManufacturerItemDescription>זעתר 50 גרם שקית</ManufacturerItemDescription><SoldByWeight/><Quantity>50.00</Quantity><UnitOfMeasure>גרם     </UnitOfMeasure><QtyInPackage>לא ידוע</QtyInPackage><UnitOfMeasurePrice>0.1100</UnitOfMeasurePrice><AllowDiscount>1</AllowDiscount><ItemStatus>1</ItemStatus><ItemPrice>5.50</ItemPrice></item><item><PriceUpdateDate>2015-10-21 13:53:42</PriceUpdateDate><ItemCode>7290013677310</ItemCode><ItemType>1</ItemType><ItemName>גריל בשר 80 גרם שקית</ItemName><ManufacturerName>מיה</ManufacturerName><ManufactureCountry>ישראל</ManufactureCountry><ManufacturerItemDescription>גריל בשר 80 גרם שקית</ManufacturerItemDescription><SoldByWeight/><Quantity>80.00</Quantity><UnitOfMeasure>גרם     </UnitOfMeasure><QtyInPackage>לא ידוע</QtyInPackage><UnitOfMeasurePrice>0.0688</UnitOfMeasurePrice><AllowDiscount>1</AllowDiscount><ItemStatus>1</ItemStatus><ItemPrice>5.50</ItemPrice></item><item><PriceUpdateDate>2015-10-21 13:53:42</PriceUpdateDate><ItemCode>7290013677327</ItemCode><ItemType>1</ItemType><ItemName>אבקת קארי 80 גרם שקי</ItemName><ManufacturerName>מיה</ManufacturerName><ManufactureCountry>ישראל</ManufactureCountry><ManufacturerItemDescription>אבקת קארי 80 גרם שקי</ManufacturerItemDescription><SoldByWeight/><Quantity>80.00</Quantity><UnitOfMeasure>גרם     </UnitOfMeasure><QtyInPackage>לא ידוע</QtyInPackage><UnitOfMeasurePrice>0.0688</UnitOfMeasurePrice><AllowDiscount>1</AllowDiscount><ItemStatus>1</ItemStatus><ItemPrice>5.50</ItemPrice></item><item><PriceUpdateDate>2015-10-21 13:53:42</PriceUpdateDate><ItemCode>7290013677334</ItemCode><ItemType>1</ItemType><ItemName>תבלין על האש 50 גרם</ItemName><ManufacturerName>מיה</ManufacturerName><ManufactureCountry>ישראל</ManufactureCountry><ManufacturerItemDescription>תבלין על האש 50 גרם</ManufacturerItemDescription><SoldByWeight/><Quantity>50.00</Quantity><UnitOfMeasure>גרם     </UnitOfMeasure><QtyInPackage>לא ידוע</QtyInPackage><UnitOfMeasurePrice>0.1100</UnitOfMeasurePrice><AllowDiscount>1</AllowDiscount><ItemStatus>1</ItemStatus><ItemPrice>5.50</ItemPrice></item><item><PriceUpdateDate>2016-03-29 06:17:30</PriceUpdateDate><ItemCode>7290013677822</ItemCode><ItemType>1</ItemType><ItemName>גריסי פנינה 1 ק"ג</ItemName><ManufacturerName>לא ממותג</ManufacturerName><ManufactureCountry>ישראל</ManufactureCountry><ManufacturerItemDescription>גריסי פנינה 1 ק"ג</ManufacturerItemDescription><SoldByWeight/><Quantity>1000.00</Quantity><UnitOfMeasure>גרם     </UnitOfMeasure><QtyInPackage>לא ידוע</QtyInPackage><UnitOfMeasurePrice>0.0136</UnitOfMeasurePrice><AllowDiscount>1</AllowDiscount><ItemStatus>1</ItemStatus><ItemPrice>13.60</ItemPrice></item><item><PriceUpdateDate>2016-05-01 21:47:05</PriceUpdateDate><ItemCode>7290013702005</ItemCode><ItemType>1</ItemType><ItemName>שוופס ווטר פירות יער</ItemName><ManufacturerName>שוופס וואטר</ManufacturerName><ManufactureCountry>ישראל</ManufactureCountry><ManufacturerItemDescription>שוופס ווטר פירות יער</ManufacturerItemDescription><SoldByWeight/><Quantity>1500.00</Quantity><UnitOfMeasure>גרם     </UnitOfMeasure><QtyInPackage>לא ידוע</QtyInPackage><UnitOfMeasurePrice>0.0051</UnitOfMeasurePrice><AllowDiscount>1</AllowDiscount><ItemStatus>1</ItemStatus><ItemPrice>7.70</ItemPrice></item><item><PriceUpdateDate>2016-05-01 21:47:05</PriceUpdateDate><ItemCode>7290013702029</ItemCode><ItemType>1</ItemType><ItemName>שוופס ווטר אפרסק 1.5</ItemName><ManufacturerName>שוופס וואטר</ManufacturerName><ManufactureCountry>ישראל</ManufactureCountry><ManufacturerItemDescription>שוופס ווטר אפרסק 1.5</ManufacturerItemDescription><SoldByWeight/><Quantity>1500.00</Quantity><UnitOfMeasure>גרם     </UnitOfMeasure><QtyInPackage>לא ידוע</QtyInPackage><UnitOfMeasurePrice>0.0051</UnitOfMeasurePrice><AllowDiscount>1</AllowDiscount><ItemStatus>1</ItemStatus><ItemPrice>7.70</ItemPrice></item><item><PriceUpdateDate>2016-05-01 21:47:05</PriceUpdateDate><ItemCode>7290013702043</ItemCode><ItemType>1</ItemType><ItemName>שוופס ווטר ענבים 1.5</ItemName><ManufacturerName>שוופס וואטר</ManufacturerName><ManufactureCountry>ישראל</ManufactureCountry><ManufacturerItemDescription>שוופס ווטר ענבים 1.5</ManufacturerItemDescription><SoldByWeight/><Quantity>1500.00</Quantity><UnitOfMeasure>גרם     </UnitOfMeasure><QtyInPackage>לא ידוע</QtyInPackage><UnitOfMeasurePrice>0.0051</UnitOfMeasurePrice><AllowDiscount>1</AllowDiscount><ItemStatus>1</ItemStatus><ItemPrice>7.70</ItemPrice></item><item><PriceUpdateDate>2016-05-30 22:04:47</PriceUpdateDate><ItemCode>7290013702463</ItemCode><ItemType>1</ItemType><ItemName>שוופס מוגז לימונייד</ItemName><ManufacturerName>שוופס</ManufacturerName><ManufactureCountry>ישראל</ManufactureCountry><ManufacturerItemDescription>שוופס מוגז למונייד 1.5 לי</ManufacturerItemDescription><SoldByWeight/><Quantity>1500.00</Quantity><UnitOfMeasure>מ"ל</UnitOfMeasure><QtyInPackage>לא ידוע</QtyInPackage><UnitOfMeasurePrice>0.0053</UnitOfMeasurePrice><AllowDiscount>1</AllowDiscount><ItemStatus>1</ItemStatus><ItemPrice>7.90</ItemPrice></item><item><PriceUpdateDate>2016-05-30 22:04:47</PriceUpdateDate><ItemCode>7290013702470</ItemCode><ItemType>1</ItemType><ItemName>שוופס מוגז לימונדה ו</ItemName><ManufacturerName>שוופס</ManufacturerName><ManufactureCountry>ישראל</ManufactureCountry><ManufacturerItemDescription>שוופס מוגז לימונדה ורודה</ManufacturerItemDescription><SoldByWeight/><Quantity>1500.00</Quantity><UnitOfMeasure>מ"ל</UnitOfMeasure><QtyInPackage>לא ידוע</QtyInPackage><UnitOfMeasurePrice>0.0053</UnitOfMeasurePrice><AllowDiscount>1</AllowDiscount><ItemStatus>1</ItemStatus><ItemPrice>7.90</ItemPrice></item><item><PriceUpdateDate>2016-05-30 22:04:47</PriceUpdateDate><ItemCode>7290013702555</ItemCode><ItemType>1</ItemType><ItemName>שוופס מוגז עדין אננס</ItemName><ManufacturerName>שוופס</ManufacturerName><ManufactureCountry>ישראל</ManufactureCountry><ManufacturerItemDescription>שוופס מוגז עדין אננס</ManufacturerItemDescription><SoldByWeight/><Quantity>1500.00</Quantity><UnitOfMeasure>מ"ל</UnitOfMeasure><QtyInPackage>לא ידוע</QtyInPackage><UnitOfMeasurePrice>0.0053</UnitOfMeasurePrice><AllowDiscount>1</AllowDiscount><ItemStatus>1</ItemStatus><ItemPrice>7.90</ItemPrice></item><item><PriceUpdateDate>2016-05-30 22:04:48</PriceUpdateDate><ItemCode>7290013702999</ItemCode><ItemType>1</ItemType><ItemName>שוופס פרוטס גוארנה 1</ItemName><ManufacturerName>שוופס</ManufacturerName><ManufactureCountry>ישראל</ManufactureCountry><ManufacturerItemDescription>שוופס פרוטס גוארנה 1</ManufacturerItemDescription><SoldByWeight/><Quantity>1500.00</Quantity><UnitOfMeasure>מ"ל</UnitOfMeasure><QtyInPackage>לא ידוע</QtyInPackage><UnitOfMeasurePrice>0.0053</UnitOfMeasurePrice><AllowDiscount>1</AllowDiscount><ItemStatus>1</ItemStatus><ItemPrice>7.90</ItemPrice></item><item><PriceUpdateDate>2016-03-24 13:53:57</PriceUpdateDate><ItemCode>7290013711649</ItemCode><ItemType>1</ItemType><ItemName>גרעיני תירס מתוק 550</ItemName><ManufacturerName>"המותג"</ManufacturerName><ManufactureCountry>ישראל</ManufactureCountry><ManufacturerItemDescription>גרעיני תירס מתוק 550</ManufacturerItemDescription><SoldByWeight/><Quantity>550.00</Quantity><UnitOfMeasure>גרם     </UnitOfMeasure><QtyInPackage>לא ידוע</QtyInPackage><UnitOfMeasurePrice>0.0107</UnitOfMeasurePrice><AllowDiscount>1</AllowDiscount><ItemStatus>1</ItemStatus><ItemPrice>5.90</ItemPrice></item><item><PriceUpdateDate>2015-09-30 23:37:49</PriceUpdateDate><ItemCode>7290013711656</ItemCode><ItemType>1</ItemType><ItemName>גרעיני תירס מתוק 340</ItemName><ManufacturerName>"המותג"</ManufacturerName><ManufactureCountry>ישראל</ManufactureCountry><ManufacturerItemDescription>גרעיני תירס מתוק 340</ManufacturerItemDescription><SoldByWeight/><Quantity>340.00</Quantity><UnitOfMeasure>גרם     </UnitOfMeasure><QtyInPackage>לא ידוע</QtyInPackage><UnitOfMeasurePrice>0.0153</UnitOfMeasurePrice><AllowDiscount>1</AllowDiscount><ItemStatus>1</ItemStatus><ItemPrice>5.20</ItemPrice></item><item><PriceUpdateDate>2016-03-24 13:53:57</PriceUpdateDate><ItemCode>7290013711670</ItemCode><ItemType>1</ItemType><ItemName>אפונת גינה 550 גרם ה</ItemName><ManufacturerName>"המותג"</ManufacturerName><ManufactureCountry>ישראל</ManufactureCountry><ManufacturerItemDescription>אפונת גינה 550 גרם ה</ManufacturerItemDescription><SoldByWeight/><Quantity>550.00</Quantity><UnitOfMeasure>גרם     </UnitOfMeasure><QtyInPackage>לא ידוע</QtyInPackage><UnitOfMeasurePrice>0.0104</UnitOfMeasurePrice><AllowDiscount>1</AllowDiscount><ItemStatus>1</ItemStatus><ItemPrice>5.70</ItemPrice></item><item><PriceUpdateDate>2015-10-22 16:07:49</PriceUpdateDate><ItemCode>7290013711694</ItemCode><ItemType>1</ItemType><ItemName>שעועית לבנה אפויה בר</ItemName><ManufacturerName>"המותג"</ManufacturerName><ManufactureCountry>ישראל</ManufactureCountry><ManufacturerItemDescription>שעועית לבנה אפויה בר</ManufacturerItemDescription><SoldByWeight/><Quantity>550.00</Quantity><UnitOfMeasure>גרם     </UnitOfMeasure><QtyInPackage>לא ידוע</QtyInPackage><UnitOfMeasurePrice>0.0098</UnitOfMeasurePrice><AllowDiscount>1</AllowDiscount><ItemStatus>1</ItemStatus><ItemPrice>5.40</ItemPrice></item><item><PriceUpdateDate>2015-11-11 07:57:01</PriceUpdateDate><ItemCode>7290013711717</ItemCode><ItemType>1</ItemType><ItemName>פול מיצרי מוכן לאכיל</ItemName><ManufacturerName>"המותג"</ManufacturerName><ManufactureCountry>ישראל</ManufactureCountry><ManufacturerItemDescription>פול מיצרי מוכן לאכיל</ManufacturerItemDescription><SoldByWeight/><Quantity>560.00</Quantity><UnitOfMeasure>גרם     </UnitOfMeasure><QtyInPackage>לא ידוע</QtyInPackage><UnitOfMeasurePrice>0.0096</UnitOfMeasurePrice><AllowDiscount>1</AllowDiscount><ItemStatus>1</ItemStatus><ItemPrice>5.40</ItemPrice></item><item><PriceUpdateDate>2015-03-03 09:51:41</PriceUpdateDate><ItemCode>7290013711748</ItemCode><ItemType>1</ItemType><ItemName>צ'יפס זיג זג 2 ק"ג ה</ItemName><ManufacturerName>"המותג"</ManufacturerName><ManufactureCountry>ישראל</ManufactureCountry><ManufacturerItemDescription>צ'יפס זיג זג 2 ק"ג ה</ManufacturerItemDescription><SoldByWeight/><Quantity>2000.00</Quantity><UnitOfMeasure>גרם     </UnitOfMeasure><QtyInPackage>לא ידוע</QtyInPackage><UnitOfMeasurePrice>0.0109</UnitOfMeasurePrice><AllowDiscount>1</AllowDiscount><ItemStatus>1</ItemStatus><ItemPrice>21.90</ItemPrice></item><item><PriceUpdateDate>2015-08-31 12:39:05</PriceUpdateDate><ItemCode>7290013724632</ItemCode><ItemType>1</ItemType><ItemName>קשיו טבעי 200 גרם המ</ItemName><ManufacturerName>"המותג"</ManufacturerName><ManufactureCountry>לא ידוע</ManufactureCountry><ManufacturerItemDescription>קשיו טבעי 200 גרם המ</ManufacturerItemDescription><SoldByWeight/><Quantity>200.00</Quantity><UnitOfMeasure>גרם     </UnitOfMeasure><QtyInPackage>לא ידוע</QtyInPackage><UnitOfMeasurePrice>0.0945</UnitOfMeasurePrice><AllowDiscount>1</AllowDiscount><ItemStatus>1</ItemStatus><ItemPrice>18.90</ItemPrice></item><item><PriceUpdateDate>2016-05-30 22:04:48</PriceUpdateDate><ItemCode>7290013771131</ItemCode><ItemType>1</ItemType><ItemName>לאבנה עיזים 5% 250 ג</ItemName><ManufacturerName>מחלבת השומרון</ManufacturerName><ManufactureCountry>ישראל</ManufactureCountry><ManufacturerItemDescription>לאבנה עיזים 5% 250 ג</ManufacturerItemDescription><SoldByWeight/><Quantity>250.00</Quantity><UnitOfMeasure>גרם     </UnitOfMeasure><QtyInPackage>לא ידוע</QtyInPackage><UnitOfMeasurePrice>0.0808</UnitOfMeasurePrice><AllowDiscount>1</AllowDiscount><ItemStatus>1</ItemStatus><ItemPrice>20.20</ItemPrice></item><item><PriceUpdateDate>2016-02-22 09:25:24</PriceUpdateDate><ItemCode>7290013847102</ItemCode><ItemType>1</ItemType><ItemName>טונה סטארקיסט בשמן 8</ItemName><ManufacturerName>סטארקיסט</ManufacturerName><ManufactureCountry>ישראל</ManufactureCountry><ManufacturerItemDescription>טונה סטארקיסט בשמן 8</ManufacturerItemDescription><SoldByWeight/><Quantity>240.00</Quantity><UnitOfMeasure>גרם     </UnitOfMeasure><QtyInPackage>לא ידוע</QtyInPackage><UnitOfMeasurePrice>0.0621</UnitOfMeasurePrice><AllowDiscount>1</AllowDiscount><ItemStatus>1</ItemStatus><ItemPrice>14.90</ItemPrice></item><item><PriceUpdateDate>2016-02-15 08:39:33</PriceUpdateDate><ItemCode>7290013847621</ItemCode><ItemType>1</ItemType><ItemName>סטארקיסט לה סלט ברוט</ItemName><ManufacturerName>סטארקיסט</ManufacturerName><ManufactureCountry>לא ידוע</ManufactureCountry><ManufacturerItemDescription>סטארקיסט לה סלט ברוט</ManufacturerItemDescription><SoldByWeight/><Quantity>160.00</Quantity><UnitOfMeasure>גרם     </UnitOfMeasure><QtyInPackage>לא ידוע</QtyInPackage><UnitOfMeasurePrice>0.0494</UnitOfMeasurePrice><AllowDiscount>1</AllowDiscount><ItemStatus>1</ItemStatus><ItemPrice>7.90</ItemPrice></item><item><PriceUpdateDate>2016-06-14 15:39:27</PriceUpdateDate><ItemCode>7290013847652</ItemCode><ItemType>1</ItemType><ItemName>סטארקיסט לה סנדביץ ע</ItemName><ManufacturerName>סטארקיסט</ManufacturerName><ManufactureCountry>לא ידוע</ManufactureCountry><ManufacturerItemDescription>סטארקיסט לה סנדביץ ע</ManufacturerItemDescription><SoldByWeight/><Quantity>200.00</Quantity><UnitOfMeasure>גרם     </UnitOfMeasure><QtyInPackage>לא ידוע</QtyInPackage><UnitOfMeasurePrice>0.0495</UnitOfMeasurePrice><AllowDiscount>1</AllowDiscount><ItemStatus>1</ItemStatus><ItemPrice>9.90</ItemPrice></item><item><PriceUpdateDate>2016-05-01 21:47:06</PriceUpdateDate><ItemCode>7290013848130</ItemCode><ItemType>1</ItemType><ItemName>מב תחליב רחצה כיף או</ItemName><ManufacturerName>כיף</ManufacturerName><ManufactureCountry>ישראל</ManufactureCountry><ManufacturerItemDescription>מב תחליב רחצה כיף או</ManufacturerItemDescription><SoldByWeight/><Quantity>750.00</Quantity><UnitOfMeasure>מ"ל</UnitOfMeasure><QtyInPackage>לא ידוע</QtyInPackage><UnitOfMeasurePrice>0.0145</UnitOfMeasurePrice><AllowDiscount>1</AllowDiscount><ItemStatus>1</ItemStatus><ItemPrice>10.90</ItemPrice></item><item><PriceUpdateDate>2016-02-08 08:59:53</PriceUpdateDate><ItemCode>7290013848284</ItemCode><ItemType>1</ItemType><ItemName>קרם גוף כיף לבנדר 20</ItemName><ManufacturerName>כיף</ManufacturerName><ManufactureCountry>ישראל</ManufactureCountry><ManufacturerItemDescription>קרם גוף כיף לבנדר 20</ManufacturerItemDescription><SoldByWeight/><Quantity>200.00</Quantity><UnitOfMeasure>מ"ל</UnitOfMeasure><QtyInPackage>לא ידוע</QtyInPackage><UnitOfMeasurePrice>0.0645</UnitOfMeasurePrice><AllowDiscount>1</AllowDiscount><ItemStatus>1</ItemStatus><ItemPrice>12.90</ItemPrice></item><item><PriceUpdateDate>2016-02-08 08:59:53</PriceUpdateDate><ItemCode>7290013848291</ItemCode><ItemType>1</ItemType><ItemName>קרם גוף כיף קוקוס ונ</ItemName><ManufacturerName>כיף</ManufacturerName><ManufactureCountry>ישראל</ManufactureCountry><ManufacturerItemDescription>קרם גוף כיף קוקוס ונ</ManufacturerItemDescription><SoldByWeight/><Quantity>200.00</Quantity><UnitOfMeasure>מ"ל</UnitOfMeasure><QtyInPackage>לא ידוע</QtyInPackage><UnitOfMeasurePrice>0.0645</UnitOfMeasurePrice><AllowDiscount>1</AllowDiscount><ItemStatus>1</ItemStatus><ItemPrice>12.90</ItemPrice></item><item><PriceUpdateDate>2016-02-02 06:51:35</PriceUpdateDate><ItemCode>7290013848970</ItemCode><ItemType>1</ItemType><ItemName>מב דאו' קרמה ספריי ק</ItemName><ManufacturerName>קרמה</ManufacturerName><ManufactureCountry>ישראל</ManufactureCountry><ManufacturerItemDescription>מב דאו' קרמה ספריי ק</ManufacturerItemDescription><SoldByWeight/><Quantity>150.00</Quantity><UnitOfMeasure>מ"ל</UnitOfMeasure><QtyInPackage>לא ידוע</QtyInPackage><UnitOfMeasurePrice>0.0927</UnitOfMeasurePrice><AllowDiscount>1</AllowDiscount><ItemStatus>1</ItemStatus><ItemPrice>13.90</ItemPrice></item><item><PriceUpdateDate>2016-02-02 06:51:35</PriceUpdateDate><ItemCode>7290013848987</ItemCode><ItemType>1</ItemType><ItemName>מב דאו' קרמה ספריי מ</ItemName><ManufacturerName>קרמה</ManufacturerName><ManufactureCountry>ישראל</ManufactureCountry><ManufacturerItemDescription>מב דאו' קרמה ספריי מ</ManufacturerItemDescription><SoldByWeight/><Quantity>150.00</Quantity><UnitOfMeasure>מ"ל</UnitOfMeasure><QtyInPackage>לא ידוע</QtyInPackage><UnitOfMeasurePrice>0.0927</UnitOfMeasurePrice><AllowDiscount>1</AllowDiscount><ItemStatus>1</ItemStatus><ItemPrice>13.90</ItemPrice></item><item><PriceUpdateDate>2016-05-01 21:47:06</PriceUpdateDate><ItemCode>7290013867285</ItemCode><ItemType>1</ItemType><ItemName>ממרח אגוזי לוז 350 ג</ItemName><ManufacturerName>"המותג"</ManufacturerName><ManufactureCountry>לא ידוע</ManufactureCountry><ManufacturerItemDescription>ממרח אגוזי לוז 350 ג</ManufacturerItemDescription><SoldByWeight/><Quantity>350.00</Quantity><UnitOfMeasure>גרם     </UnitOfMeasure><QtyInPackage>לא ידוע</QtyInPackage><UnitOfMeasurePrice>0.0283</UnitOfMeasurePrice><AllowDiscount>1</AllowDiscount><ItemStatus>1</ItemStatus><ItemPrice>9.90</ItemPrice></item><item><PriceUpdateDate>2016-05-30 22:04:48</PriceUpdateDate><ItemCode>7290013867292</ItemCode><ItemType>1</ItemType><ItemName>מב ממרח אגוזי לוז 75</ItemName><ManufacturerName>"המותג"</ManufacturerName><ManufactureCountry>לא ידוע</ManufactureCountry><ManufacturerItemDescription>מב ממרח אגוזי לוז 75</ManufacturerItemDescription><SoldByWeight/><Quantity>750.00</Quantity><UnitOfMeasure>גרם     </UnitOfMeasure><QtyInPackage>לא ידוע</QtyInPackage><UnitOfMeasurePrice>0.0212</UnitOfMeasurePrice><AllowDiscount>1</AllowDiscount><ItemStatus>1</ItemStatus><ItemPrice>15.90</ItemPrice></item><item><PriceUpdateDate>2014-11-03 06:37:30</PriceUpdateDate><ItemCode>7290013883148</ItemCode><ItemType>1</ItemType><ItemName>הפי סופג ריחות במקרר</ItemName><ManufacturerName>הפי</ManufacturerName><ManufactureCountry>ישראל</ManufactureCountry><ManufacturerItemDescription>הפי סופג ריחות במקרר</ManufacturerItemDescription><SoldByWeight/><Quantity>0.00</Quantity><UnitOfMeasure>יח'</UnitOfMeasure><QtyInPackage>לא ידוע</QtyInPackage><UnitOfMeasurePrice>0.0000</UnitOfMeasurePrice><AllowDiscount>1</AllowDiscount><ItemStatus>1</ItemStatus><ItemPrice>15.40</ItemPrice></item><item><PriceUpdateDate>2016-05-30 22:04:48</PriceUpdateDate><ItemCode>7290013883407</ItemCode><ItemType>1</ItemType><ItemName>דזיטול ספריי מחטא ומ</ItemName><ManufacturerName>דזיטול</ManufacturerName><ManufactureCountry>ישראל</ManufactureCountry><ManufacturerItemDescription>דזיטול ספריי מחטא ומ</ManufacturerItemDescription><SoldByWeight/><Quantity>500.00</Quantity><UnitOfMeasure>מ"ל</UnitOfMeasure><QtyInPackage>לא ידוע</QtyInPackage><UnitOfMeasurePrice>0.0398</UnitOfMeasurePrice><AllowDiscount>1</AllowDiscount><ItemStatus>1</ItemStatus><ItemPrice>19.90</ItemPrice></item><item><PriceUpdateDate>2016-05-30 22:04:48</PriceUpdateDate><ItemCode>7290013883445</ItemCode><ItemType>1</ItemType><ItemName>מב אסטוניש קרם למטבח</ItemName><ManufacturerName>אסטוניש</ManufacturerName><ManufactureCountry>ישראל</ManufactureCountry><ManufacturerItemDescription>מב אסטוניש קרם למטבח</ManufacturerItemDescription><SoldByWeight/><Quantity>550.00</Quantity><UnitOfMeasure>מ"ל</UnitOfMeasure><QtyInPackage>לא ידוע</QtyInPackage><UnitOfMeasurePrice>0.0271</UnitOfMeasurePrice><AllowDiscount>1</AllowDiscount><ItemStatus>1</ItemStatus><ItemPrice>14.90</ItemPrice></item><item><PriceUpdateDate>2016-05-30 22:04:49</PriceUpdateDate><ItemCode>7290013883452</ItemCode><ItemType>1</ItemType><ItemName>מב אסטוניש קרם אקונו</ItemName><ManufacturerName>אסטוניש</ManufacturerName><ManufactureCountry>ישראל</ManufactureCountry><ManufacturerItemDescription>מב אסטוניש קרם אקונו</ManufacturerItemDescription><SoldByWeight/><Quantity>550.00</Quantity><UnitOfMeasure>מ"ל</UnitOfMeasure><QtyInPackage>לא ידוע</QtyInPackage><UnitOfMeasurePrice>0.0271</UnitOfMeasurePrice><AllowDiscount>1</AllowDiscount><ItemStatus>1</ItemStatus><ItemPrice>14.90</ItemPrice></item><item><PriceUpdateDate>2016-05-30 22:04:49</PriceUpdateDate><ItemCode>7290013883469</ItemCode><ItemType>1</ItemType><ItemName>מב אסטוניש קרם אמבט</ItemName><ManufacturerName>אסטוניש</ManufacturerName><ManufactureCountry>ישראל</ManufactureCountry><ManufacturerItemDescription>מב אסטוניש קרם אמבט</ManufacturerItemDescription><SoldByWeight/><Quantity>550.00</Quantity><UnitOfMeasure>מ"ל</UnitOfMeasure><QtyInPackage>לא ידוע</QtyInPackage><UnitOfMeasurePrice>0.0271</UnitOfMeasurePrice><AllowDiscount>1</AllowDiscount><ItemStatus>1</ItemStatus><ItemPrice>14.90</ItemPrice></item><item><PriceUpdateDate>2016-05-30 22:04:49</PriceUpdateDate><ItemCode>7290013883490</ItemCode><ItemType>1</ItemType><ItemName>קוביות דלק הפי מוצק</ItemName><ManufacturerName>הפי</ManufacturerName><ManufactureCountry>ישראל</ManufactureCountry><ManufacturerItemDescription>קוביות דלק הפי מוצק</ManufacturerItemDescription><SoldByWeight/><Quantity>0.00</Quantity><UnitOfMeasure>יח'</UnitOfMeasure><QtyInPackage>לא ידוע</QtyInPackage><UnitOfMeasurePrice>0.0000</UnitOfMeasurePrice><AllowDiscount>1</AllowDiscount><ItemStatus>1</ItemStatus><ItemPrice>11.20</ItemPrice></item><item><PriceUpdateDate>2014-11-03 06:38:41</PriceUpdateDate><ItemCode>7290013904201</ItemCode><ItemType>1</ItemType><ItemName>נודלס בירקות 250 גרם</ItemName><ManufacturerName>מבושלת</ManufacturerName><ManufactureCountry>ישראל</ManufactureCountry><ManufacturerItemDescription>נודלס בירקות 250 גר</ManufacturerItemDescription><SoldByWeight/><Quantity>250.00</Quantity><UnitOfMeasure>גרם     </UnitOfMeasure><QtyInPackage>לא ידוע</QtyInPackage><UnitOfMeasurePrice>0.0604</UnitOfMeasurePrice><AllowDiscount>1</AllowDiscount><ItemStatus>1</ItemStatus><ItemPrice>15.10</ItemPrice></item><item><PriceUpdateDate>2014-11-03 06:38:41</PriceUpdateDate><ItemCode>7290013904645</ItemCode><ItemType>1</ItemType><ItemName>ספגטי בולונז 300 גרם</ItemName><ManufacturerName>מבושלת</ManufacturerName><ManufactureCountry>ישראל</ManufactureCountry><ManufacturerItemDescription>ספגטי בולונז 300 גר</ManufacturerItemDescription><SoldByWeight/><Quantity>300.00</Quantity><UnitOfMeasure>גרם     </UnitOfMeasure><QtyInPackage>לא ידוע</QtyInPackage><UnitOfMeasurePrice>0.0807</UnitOfMeasurePrice><AllowDiscount>1</AllowDiscount><ItemStatus>1</ItemStatus><ItemPrice>24.20</ItemPrice></item><item><PriceUpdateDate>2014-11-03 06:38:41</PriceUpdateDate><ItemCode>7290013904713</ItemCode><ItemType>1</ItemType><ItemName>רצועות עוף בטראיקי ע</ItemName><ManufacturerName>מבושלת</ManufacturerName><ManufactureCountry>ישראל</ManufactureCountry><ManufacturerItemDescription>רצועות עוף בטריאקי עם אור</ManufacturerItemDescription><SoldByWeight/><Quantity>280.00</Quantity><UnitOfMeasure>גרם     </UnitOfMeasure><QtyInPackage>לא ידוע</QtyInPackage><UnitOfMeasurePrice>0.0864</UnitOfMeasurePrice><AllowDiscount>1</AllowDiscount><ItemStatus>1</ItemStatus><ItemPrice>24.20</ItemPrice></item><item><PriceUpdateDate>2015-11-03 08:39:02</PriceUpdateDate><ItemCode>7290013904799</ItemCode><ItemType>1</ItemType><ItemName>גפילטעפיש 400 גרם "מ</ItemName><ManufacturerName>מבושלת</ManufacturerName><ManufactureCountry>ישראל</ManufactureCountry><ManufacturerItemDescription>גפילטע פיש 400 גר</ManufacturerItemDescription><SoldByWeight/><Quantity>400.00</Quantity><UnitOfMeasure>גרם     </UnitOfMeasure><QtyInPackage>לא ידוע</QtyInPackage><UnitOfMeasurePrice>0.0688</UnitOfMeasurePrice><AllowDiscount>1</AllowDiscount><ItemStatus>1</ItemStatus><ItemPrice>27.50</ItemPrice></item><item><PriceUpdateDate>2014-11-03 06:38:41</PriceUpdateDate><ItemCode>7290013904898</ItemCode><ItemType>1</ItemType><ItemName>שווארמה עם אורז מג'ד</ItemName><ManufacturerName>מבושלת</ManufacturerName><ManufactureCountry>ישראל</ManufactureCountry><ManufacturerItemDescription>שווארמה עם אורז מגדרה 250</ManufacturerItemDescription><SoldByWeight/><Quantity>280.00</Quantity><UnitOfMeasure>גרם     </UnitOfMeasure><QtyInPackage>לא ידוע</QtyInPackage><UnitOfMeasurePrice>0.0875</UnitOfMeasurePrice><AllowDiscount>1</AllowDiscount><ItemStatus>1</ItemStatus><ItemPrice>24.50</ItemPrice></item><item><PriceUpdateDate>2016-06-01 06:30:20</PriceUpdateDate><ItemCode>7290013906687</ItemCode><ItemType>1</ItemType><ItemName>צמד כפרית ברביקיו וד</ItemName><ManufacturerName>טירת צבי</ManufacturerName><ManufactureCountry>לא ידוע</ManufactureCountry><ManufacturerItemDescription>צמד כפרית ברביקיו וד</ManufacturerItemDescription><SoldByWeight/><Quantity>600.00</Quantity><UnitOfMeasure>גרם     </UnitOfMeasure><QtyInPackage>לא ידוע</QtyInPackage><UnitOfMeasurePrice>0.0498</UnitOfMeasurePrice><AllowDiscount>1</AllowDiscount><ItemStatus>1</ItemStatus><ItemPrice>29.90</ItemPrice></item><item><PriceUpdateDate>2016-06-06 11:48:16</PriceUpdateDate><ItemCode>7290013906762</ItemCode><ItemType>1</ItemType><ItemName>מב פסטרמה בדבש וסילא</ItemName><ManufacturerName>טירת צבי</ManufacturerName><ManufactureCountry>ישראל</ManufactureCountry><ManufacturerItemDescription>מב פסטרמה בדבש וסילא</ManufacturerItemDescription><SoldByWeight/><Quantity>200.00</Quantity><UnitOfMeasure>גרם     </UnitOfMeasure><QtyInPackage>לא ידוע</QtyInPackage><UnitOfMeasurePrice>0.0745</UnitOfMeasurePrice><AllowDiscount>1</AllowDiscount><ItemStatus>1</ItemStatus><ItemPrice>14.90</ItemPrice></item><item><PriceUpdateDate>2016-06-06 11:48:16</PriceUpdateDate><ItemCode>7290013906779</ItemCode><ItemType>1</ItemType><ItemName>מב פסטרמה  בפפריקה מ</ItemName><ManufacturerName>טירת צבי</ManufacturerName><ManufactureCountry>ישראל</ManufactureCountry><ManufacturerItemDescription>מב פסטרמה  בפפריקה מ</ManufacturerItemDescription><SoldByWeight/><Quantity>200.00</Quantity><UnitOfMeasure>גרם     </UnitOfMeasure><QtyInPackage>לא ידוע</QtyInPackage><UnitOfMeasurePrice>0.0745</UnitOfMeasurePrice><AllowDiscount>1</AllowDiscount><ItemStatus>1</ItemStatus><ItemPrice>14.90</ItemPrice></item><item><PriceUpdateDate>2016-05-30 22:04:50</PriceUpdateDate><ItemCode>7290013906793</ItemCode><ItemType>1</ItemType><ItemName>מב נקניקיות עוף 700</ItemName><ManufacturerName>זוגלובק</ManufacturerName><ManufactureCountry>ישראל</ManufactureCountry><ManufacturerItemDescription>מב נקניקיות עוף 700</ManufacturerItemDescription><SoldByWeight/><Quantity>700.00</Quantity><UnitOfMeasure>גרם     </UnitOfMeasure><QtyInPackage>לא ידוע</QtyInPackage><UnitOfMeasurePrice>0.0256</UnitOfMeasurePrice><AllowDiscount>1</AllowDiscount><ItemStatus>1</ItemStatus><ItemPrice>17.90</ItemPrice></item><item><PriceUpdateDate>2016-05-10 10:58:49</PriceUpdateDate><ItemCode>7290013927026</ItemCode><ItemType>1</ItemType><ItemName>מב דיקליות וניל 400</ItemName><ManufacturerName>אחווה</ManufacturerName><ManufactureCountry>ישראל</ManufactureCountry><ManufacturerItemDescription>מב דיקליות וניל 400</ManufacturerItemDescription><SoldByWeight/><Quantity>400.00</Quantity><UnitOfMeasure>גרם     </UnitOfMeasure><QtyInPackage>לא ידוע</QtyInPackage><UnitOfMeasurePrice>0.0323</UnitOfMeasurePrice><AllowDiscount>1</AllowDiscount><ItemStatus>1</ItemStatus><ItemPrice>12.90</ItemPrice></item><item><PriceUpdateDate>2015-11-12 15:04:32</PriceUpdateDate><ItemCode>7290013927033</ItemCode><ItemType>1</ItemType><ItemName>עוגיות מעמול 600 גרם</ItemName><ManufacturerName>אחוה</ManufacturerName><ManufactureCountry>ישראל</ManufactureCountry><ManufacturerItemDescription>עוגיות מעמול 600 גרם</ManufacturerItemDescription><SoldByWeight/><Quantity>600.00</Quantity><UnitOfMeasure>גרם     </UnitOfMeasure><QtyInPackage>לא ידוע</QtyInPackage><UnitOfMeasurePrice>0.0312</UnitOfMeasurePrice><AllowDiscount>1</AllowDiscount><ItemStatus>1</ItemStatus><ItemPrice>18.70</ItemPrice></item><item><PriceUpdateDate>2016-05-01 21:47:06</PriceUpdateDate><ItemCode>7290013946232</ItemCode><ItemType>1</ItemType><ItemName>שמפו רצפות בריח פרחי</ItemName><ManufacturerName>"המותג"</ManufacturerName><ManufactureCountry>ישראל</ManufactureCountry><ManufacturerItemDescription>שמפו רצפות בריח פרחי</ManufacturerItemDescription><SoldByWeight/><Quantity>4000.00</Quantity><UnitOfMeasure>מ"ל</UnitOfMeasure><QtyInPackage>לא ידוע</QtyInPackage><UnitOfMeasurePrice>0.0028</UnitOfMeasurePrice><AllowDiscount>1</AllowDiscount><ItemStatus>1</ItemStatus><ItemPrice>11.20</ItemPrice></item><item><PriceUpdateDate>2015-11-12 17:42:14</PriceUpdateDate><ItemCode>7290013997180</ItemCode><ItemType>1</ItemType><ItemName>טבעול נקניקיה דלישס</ItemName><ManufacturerName>טבעול</ManufacturerName><ManufactureCountry>ישראל</ManufactureCountry><ManufacturerItemDescription>טבעול נקניקיה דלישס</ManufacturerItemDescription><SoldByWeight/><Quantity>1000.00</Quantity><UnitOfMeasure>קג</UnitOfMeasure><QtyInPackage>לא ידוע</QtyInPackage><UnitOfMeasurePrice>0.0464</UnitOfMeasurePrice><AllowDiscount>1</AllowDiscount><ItemStatus>1</ItemStatus><ItemPrice>46.40</ItemPrice></item><item><PriceUpdateDate>2015-11-12 17:42:14</PriceUpdateDate><ItemCode>7290013997937</ItemCode><ItemType>1</ItemType><ItemName>טבעול מיני המבורגר פ</ItemName><ManufacturerName>טבעול</ManufacturerName><ManufactureCountry>ישראל</ManufactureCountry><ManufacturerItemDescription>טבעול מיני המבורגר פטריות</ManufacturerItemDescription><SoldByWeight/><Quantity>540.00</Quantity><UnitOfMeasure>גרם     </UnitOfMeasure><QtyInPackage>לא ידוע</QtyInPackage><UnitOfMeasurePrice>0.0565</UnitOfMeasurePrice><AllowDiscount>1</AllowDiscount><ItemStatus>1</ItemStatus><ItemPrice>30.50</ItemPrice></item><item><PriceUpdateDate>2016-06-14 15:39:28</PriceUpdateDate><ItemCode>7290014002197</ItemCode><ItemType>1</ItemType><ItemName>חליטת קמומיל ולימוני</ItemName><ManufacturerName>גן הקסום</ManufacturerName><ManufactureCountry>ישראל</ManufactureCountry><ManufacturerItemDescription>חליטת קמומיל ולימוני</ManufacturerItemDescription><SoldByWeight/><Quantity>75.00</Quantity><UnitOfMeasure>גרם     </UnitOfMeasure><QtyInPackage>לא ידוע</QtyInPackage><UnitOfMeasurePrice>0.2653</UnitOfMeasurePrice><AllowDiscount>1</AllowDiscount><ItemStatus>1</ItemStatus><ItemPrice>19.90</ItemPrice></item><item><PriceUpdateDate>2016-03-29 13:00:36</PriceUpdateDate><ItemCode>7290014002586</ItemCode><ItemType>1</ItemType><ItemName>חליטת חורף ג'ינג'ר ו</ItemName><ManufacturerName>גן הקסום</ManufacturerName><ManufactureCountry>ישראל</ManufactureCountry><ManufacturerItemDescription>חליטת חורף גינגר ודבש</ManufacturerItemDescription><SoldByWeight/><Quantity>20.00</Quantity><UnitOfMeasure>יח'</UnitOfMeasure><QtyInPackage>לא ידוע</QtyInPackage><UnitOfMeasurePrice>1.0150</UnitOfMeasurePrice><AllowDiscount>1</AllowDiscount><ItemStatus>1</ItemStatus><ItemPrice>20.30</ItemPrice></item><item><PriceUpdateDate>2015-08-11 08:28:02</PriceUpdateDate><ItemCode>729001400264</ItemCode><ItemType>1</ItemType><ItemName>תה ירוק לימונית לואי</ItemName><ManufacturerName>ויסוצקי</ManufacturerName><ManufactureCountry>לא ידוע</ManufactureCountry><ManufacturerItemDescription>תה ירוק לימונית לואי</ManufacturerItemDescription><SoldByWeight/><Quantity>23.00</Quantity><UnitOfMeasure>גרם     </UnitOfMeasure><QtyInPackage>לא ידוע</QtyInPackage><UnitOfMeasurePrice>0.6913</UnitOfMeasurePrice><AllowDiscount>1</AllowDiscount><ItemStatus>1</ItemStatus><ItemPrice>15.90</ItemPrice></item><item><PriceUpdateDate>2016-03-29 13:00:36</PriceUpdateDate><ItemCode>7290014002678</ItemCode><ItemType>1</ItemType><ItemName>חליטת חורף אכינצאה ס</ItemName><ManufacturerName>גן הקסום</ManufacturerName><ManufactureCountry>ישראל</ManufactureCountry><ManufacturerItemDescription>חליטת חורף אכינצאה סמבוק</ManufacturerItemDescription><SoldByWeight/><Quantity>20.00</Quantity><UnitOfMeasure>יח'</UnitOfMeasure><QtyInPackage>לא ידוע</QtyInPackage><UnitOfMeasurePrice>1.0150</UnitOfMeasurePrice><AllowDiscount>1</AllowDiscount><ItemStatus>1</ItemStatus><ItemPrice>20.30</ItemPrice></item><item><PriceUpdateDate>2016-06-14 15:39:28</PriceUpdateDate><ItemCode>7290014002944</ItemCode><ItemType>1</ItemType><ItemName>חליטת פירות וצמחים-'</ItemName><ManufacturerName>גן הקסום</ManufacturerName><ManufactureCountry>ישראל</ManufactureCountry><ManufacturerItemDescription>חליטת פירות וצמחים-'</ManufacturerItemDescription><SoldByWeight/><Quantity>0.00</Quantity><UnitOfMeasure>גרם     </UnitOfMeasure><QtyInPackage>לא ידוע</QtyInPackage><UnitOfMeasurePrice>0.0000</UnitOfMeasurePrice><AllowDiscount>1</AllowDiscount><ItemStatus>1</ItemStatus><ItemPrice>19.90</ItemPrice></item><item><PriceUpdateDate>2016-05-01 21:47:06</PriceUpdateDate><ItemCode>7290014002982</ItemCode><ItemType>1</ItemType><ItemName>תה ירוק לימונית לואי</ItemName><ManufacturerName>ויסוצקי</ManufacturerName><ManufactureCountry>ישראל</ManufactureCountry><ManufacturerItemDescription>תה ירוק בתוספת סטיביה</ManufacturerItemDescription><SoldByWeight/><Quantity>38.00</Quantity><UnitOfMeasure>גרם     </UnitOfMeasure><QtyInPackage>לא ידוע</QtyInPackage><UnitOfMeasurePrice>0.6553</UnitOfMeasurePrice><AllowDiscount>1</AllowDiscount><ItemStatus>1</ItemStatus><ItemPrice>24.90</ItemPrice></item><item><PriceUpdateDate>2016-03-01 06:43:51</PriceUpdateDate><ItemCode>7290014046016</ItemCode><ItemType>1</ItemType><ItemName>מב פסטרמה של פעם  10</ItemName><ManufacturerName>יחיעם</ManufacturerName><ManufactureCountry>ישראל</ManufactureCountry><ManufacturerItemDescription>מב פסטרמה של פעם  10</ManufacturerItemDescription><SoldByWeight/><Quantity>250.00</Quantity><UnitOfMeasure>גרם     </UnitOfMeasure><QtyInPackage>לא ידוע</QtyInPackage><UnitOfMeasurePrice>0.0996</UnitOfMeasurePrice><AllowDiscount>1</AllowDiscount><ItemStatus>1</ItemStatus><ItemPrice>24.90</ItemPrice></item><item><PriceUpdateDate>2015-11-12 17:19:32</PriceUpdateDate><ItemCode>7290014046443</ItemCode><ItemType>1</ItemType><ItemName>זוג קבנוס 250 גרם</ItemName><ManufacturerName>יחיעם</ManufacturerName><ManufactureCountry>ישראל</ManufactureCountry><ManufacturerItemDescription>זוג קבנוס 250 גרם</ManufacturerItemDescription><SoldByWeight/><Quantity>250.00</Quantity><UnitOfMeasure>גרם     </UnitOfMeasure><QtyInPackage>לא ידוע</QtyInPackage><UnitOfMeasurePrice>0.0976</UnitOfMeasurePrice><AllowDiscount>1</AllowDiscount><ItemStatus>1</ItemStatus><ItemPrice>24.40</ItemPrice></item><item><PriceUpdateDate>2016-03-29 06:36:54</PriceUpdateDate><ItemCode>7290014046511</ItemCode><ItemType>1</ItemType><ItemName>מב פסטרמה בדבש דק דק</ItemName><ManufacturerName>יחיעם</ManufacturerName><ManufactureCountry>ישראל</ManufactureCountry><ManufacturerItemDescription>פסטרמה בדבש דק דק 140 גר</ManufacturerItemDescription><SoldByWeight/><Quantity>140.00</Quantity><UnitOfMeasure>גרם     </UnitOfMeasure><QtyInPackage>לא ידוע</QtyInPackage><UnitOfMeasurePrice>0.0850</UnitOfMeasurePrice><AllowDiscount>1</AllowDiscount><ItemStatus>1</ItemStatus><ItemPrice>11.90</ItemPrice></item><item><PriceUpdateDate>2016-04-22 15:25:39</PriceUpdateDate><ItemCode>7290014066137</ItemCode><ItemType>1</ItemType><ItemName>מארז לנדוור קפה לבוק</ItemName><ManufacturerName>טורקי עלית</ManufacturerName><ManufactureCountry>לא ידוע</ManufactureCountry><ManufacturerItemDescription>מארז לנדוור קפה לבוק</ManufacturerItemDescription><SoldByWeight/><Quantity>200.00</Quantity><UnitOfMeasure>גרם     </UnitOfMeasure><QtyInPackage>לא ידוע</QtyInPackage><UnitOfMeasurePrice>0.0660</UnitOfMeasurePrice><AllowDiscount>1</AllowDiscount><ItemStatus>1</ItemStatus><ItemPrice>13.20</ItemPrice></item><item><PriceUpdateDate>2016-02-08 09:03:52</PriceUpdateDate><ItemCode>7290014083424</ItemCode><ItemType>1</ItemType><ItemName>אורז פרסי מובחר 1 ק'</ItemName><ManufacturerName>לא ממותג</ManufacturerName><ManufactureCountry>ישראל</ManufactureCountry><ManufacturerItemDescription>אורז פרסי 1 קג ויליפוד</ManufacturerItemDescription><SoldByWeight/><Quantity>1000.00</Quantity><UnitOfMeasure>גרם     </UnitOfMeasure><QtyInPackage>לא ידוע</QtyInPackage><UnitOfMeasurePrice>0.0069</UnitOfMeasurePrice><AllowDiscount>1</AllowDiscount><ItemStatus>1</ItemStatus><ItemPrice>6.90</ItemPrice></item><item><PriceUpdateDate>2016-05-30 22:04:51</PriceUpdateDate><ItemCode>7290014083561</ItemCode><ItemType>1</ItemType><ItemName>מב שלישיית עגבניות</ItemName><ManufacturerName>לא ממותג</ManufacturerName><ManufactureCountry>ישראל</ManufactureCountry><ManufacturerItemDescription>מב שלישיית עגבניות</ManufacturerItemDescription><SoldByWeight/><Quantity>1200.00</Quantity><UnitOfMeasure>גרם     </UnitOfMeasure><QtyInPackage>לא ידוע</QtyInPackage><UnitOfMeasurePrice>0.0124</UnitOfMeasurePrice><AllowDiscount>1</AllowDiscount><ItemStatus>1</ItemStatus><ItemPrice>14.90</ItemPrice></item><item><PriceUpdateDate>2016-05-30 22:04:51</PriceUpdateDate><ItemCode>7290014083783</ItemCode><ItemType>1</ItemType><ItemName>מב שלישיית עגבניות</ItemName><ManufacturerName>לא ממותג</ManufacturerName><ManufactureCountry>ישראל</ManufactureCountry><ManufacturerItemDescription>מב שלישיית עגבניות</ManufacturerItemDescription><SoldByWeight/><Quantity>1200.00</Quantity><UnitOfMeasure>גרם     </UnitOfMeasure><QtyInPackage>לא ידוע</QtyInPackage><UnitOfMeasurePrice>0.0124</UnitOfMeasurePrice><AllowDiscount>1</AllowDiscount><ItemStatus>1</ItemStatus><ItemPrice>14.90</ItemPrice></item><item><PriceUpdateDate>2016-05-30 22:04:51</PriceUpdateDate><ItemCode>7290014083806</ItemCode><ItemType>1</ItemType><ItemName>מב עוגיות בטעם חמאה</ItemName><ManufacturerName>לא ממותג</ManufacturerName><ManufactureCountry>ישראל</ManufactureCountry><ManufacturerItemDescription>מב עוגיות בטעם חמאה</ManufacturerItemDescription><SoldByWeight/><Quantity>350.00</Quantity><UnitOfMeasure>גרם     </UnitOfMeasure><QtyInPackage>לא ידוע</QtyInPackage><UnitOfMeasurePrice>0.0311</UnitOfMeasurePrice><AllowDiscount>1</AllowDiscount><ItemStatus>1</ItemStatus><ItemPrice>10.90</ItemPrice></item><item><PriceUpdateDate>2014-11-03 06:37:10</PriceUpdateDate><ItemCode>7290014083813</ItemCode><ItemType>1</ItemType><ItemName>שפרוטים 190 גרם</ItemName><ManufacturerName>לא ממותג</ManufacturerName><ManufactureCountry>ישראל</ManufactureCountry><ManufacturerItemDescription>שפרוטים 190 גרם</ManufacturerItemDescription><SoldByWeight/><Quantity>190.00</Quantity><UnitOfMeasure>גרם     </UnitOfMeasure><QtyInPackage>לא ידוע</QtyInPackage><UnitOfMeasurePrice>0.0521</UnitOfMeasurePrice><AllowDiscount>1</AllowDiscount><ItemStatus>1</ItemStatus><ItemPrice>9.90</ItemPrice></item><item><PriceUpdateDate>2016-01-14 09:15:37</PriceUpdateDate><ItemCode>7290014094741</ItemCode><ItemType>1</ItemType><ItemName>קשיו קלוי 170 גרם המ</ItemName><ManufacturerName>"המותג"</ManufacturerName><ManufactureCountry>לא ידוע</ManufactureCountry><ManufacturerItemDescription>קשיו קלוי 170 גרם המ</ManufacturerItemDescription><SoldByWeight/><Quantity>170.00</Quantity><UnitOfMeasure>גרם     </UnitOfMeasure><QtyInPackage>לא ידוע</QtyInPackage><UnitOfMeasurePrice>0.0588</UnitOfMeasurePrice><AllowDiscount>1</AllowDiscount><ItemStatus>1</ItemStatus><ItemPrice>10.00</ItemPrice></item><item><PriceUpdateDate>2015-11-16 08:58:37</PriceUpdateDate><ItemCode>7290014094765</ItemCode><ItemType>1</ItemType><ItemName>תערובת פיצוחים 170 ג</ItemName><ManufacturerName>"המותג"</ManufacturerName><ManufactureCountry>לא ידוע</ManufactureCountry><ManufacturerItemDescription>תערובת פיצוחים 170 ג</ManufacturerItemDescription><SoldByWeight/><Quantity>170.00</Quantity><UnitOfMeasure>גרם     </UnitOfMeasure><QtyInPackage>לא ידוע</QtyInPackage><UnitOfMeasurePrice>0.0588</UnitOfMeasurePrice><AllowDiscount>1</AllowDiscount><ItemStatus>1</ItemStatus><ItemPrice>10.00</ItemPrice></item><item><PriceUpdateDate>2015-12-25 09:27:39</PriceUpdateDate><ItemCode>7290014094772</ItemCode><ItemType>1</ItemType><ItemName>גרעין אבטיח קלוי 170</ItemName><ManufacturerName>"המותג"</ManufacturerName><ManufactureCountry>לא ידוע</ManufactureCountry><ManufacturerItemDescription>גרעין אבטיח קלוי 170</ManufacturerItemDescription><SoldByWeight/><Quantity>170.00</Quantity><UnitOfMeasure>גרם     </UnitOfMeasure><QtyInPackage>לא ידוע</QtyInPackage><UnitOfMeasurePrice>0.0588</UnitOfMeasurePrice><AllowDiscount>1</AllowDiscount><ItemStatus>1</ItemStatus><ItemPrice>10.00</ItemPrice></item><item><PriceUpdateDate>2015-11-12 17:55:32</PriceUpdateDate><ItemCode>7290014095861</ItemCode><ItemType>1</ItemType><ItemName>שיבולת שועל דקה 500</ItemName><ManufacturerName>השקדיה</ManufacturerName><ManufactureCountry>ישראל</ManufactureCountry><ManufacturerItemDescription>שיבולת שועל דקה 500 גרם</ManufacturerItemDescription><SoldByWeight/><Quantity>500.00</Quantity><UnitOfMeasure>גרם     </UnitOfMeasure><QtyInPackage>לא ידוע</QtyInPackage><UnitOfMeasurePrice>0.0216</UnitOfMeasurePrice><AllowDiscount>1</AllowDiscount><ItemStatus>1</ItemStatus><ItemPrice>10.80</ItemPrice></item><item><PriceUpdateDate>2015-08-18 06:44:03</PriceUpdateDate><ItemCode>7290014095878</ItemCode><ItemType>1</ItemType><ItemName>שיבולת שועל דקה להכנ</ItemName><ManufacturerName>"המותג"</ManufacturerName><ManufactureCountry>לא ידוע</ManufactureCountry><ManufacturerItemDescription>שיבולת שועל דקה להכנ</ManufacturerItemDescription><SoldByWeight/><Quantity>500.00</Quantity><UnitOfMeasure>גרם     </UnitOfMeasure><QtyInPackage>לא ידוע</QtyInPackage><UnitOfMeasurePrice>0.0138</UnitOfMeasurePrice><AllowDiscount>1</AllowDiscount><ItemStatus>1</ItemStatus><ItemPrice>6.90</ItemPrice></item><item><PriceUpdateDate>2015-08-18 06:44:03</PriceUpdateDate><ItemCode>7290014095885</ItemCode><ItemType>1</ItemType><ItemName>שיבולת שועל עבה להכנ</ItemName><ManufacturerName>"המותג"</ManufacturerName><ManufactureCountry>לא ידוע</ManufactureCountry><ManufacturerItemDescription>שיבולת שועל עבה להכנ</ManufacturerItemDescription><SoldByWeight/><Quantity>500.00</Quantity><UnitOfMeasure>גרם     </UnitOfMeasure><QtyInPackage>לא ידוע</QtyInPackage><UnitOfMeasurePrice>0.0138</UnitOfMeasurePrice><AllowDiscount>1</AllowDiscount><ItemStatus>1</ItemStatus><ItemPrice>6.90</ItemPrice></item><item><PriceUpdateDate>2015-11-12 17:28:19</PriceUpdateDate><ItemCode>7290014126237</ItemCode><ItemType>1</ItemType><ItemName>מיסטר מאסל פרחי בר 1</ItemName><ManufacturerName>מיסטר מאסל</ManufacturerName><ManufactureCountry>ישראל</ManufactureCountry><ManufacturerItemDescription>מיסטר מאסל לניקוי פרחי בר</ManufacturerItemDescription><SoldByWeight/><Quantity>1000.00</Quantity><UnitOfMeasure>מ"ל</UnitOfMeasure><QtyInPackage>לא ידוע</QtyInPackage><UnitOfMeasurePrice>0.0197</UnitOfMeasurePrice><AllowDiscount>1</AllowDiscount><ItemStatus>1</ItemStatus><ItemPrice>19.70</ItemPrice></item><item><PriceUpdateDate>2015-12-02 07:06:25</PriceUpdateDate><ItemCode>7290014126459</ItemCode><ItemType>1</ItemType><ItemName>מרמולייט סוכרלוז בתו</ItemName><ManufacturerName>סוכרלוז</ManufacturerName><ManufactureCountry>ישראל</ManufactureCountry><ManufacturerItemDescription>סוכרלוז מרמולייט 100 שקיו</ManufacturerItemDescription><SoldByWeight/><Quantity>104.00</Quantity><UnitOfMeasure>גרם     </UnitOfMeasure><QtyInPackage>לא ידוע</QtyInPackage><UnitOfMeasurePrice>0.2875</UnitOfMeasurePrice><AllowDiscount>1</AllowDiscount><ItemStatus>1</ItemStatus><ItemPrice>29.90</ItemPrice></item><item><PriceUpdateDate>2016-03-29 06:36:55</PriceUpdateDate><ItemCode>7290014126718</ItemCode><ItemType>1</ItemType><ItemName>מב עוגיות מואי חלב ק</ItemName><ManufacturerName>מואי</ManufacturerName><ManufactureCountry>פולין</ManufactureCountry><ManufacturerItemDescription>חטיפי דגנים 6 יחנה ותמר</ManufacturerItemDescription><SoldByWeight/><Quantity>180.00</Quantity><UnitOfMeasure>גרם     </UnitOfMeasure><QtyInPackage>לא ידוע</QtyInPackage><UnitOfMeasurePrice>0.0717</UnitOfMeasurePrice><AllowDiscount>1</AllowDiscount><ItemStatus>1</ItemStatus><ItemPrice>12.90</ItemPrice></item><item><PriceUpdateDate>2016-03-01 06:55:06</PriceUpdateDate><ItemCode>7290014204003</ItemCode><ItemType>1</ItemType><ItemName>מב שמפו פנינה לשיער</ItemName><ManufacturerName>פנינה רוזנבלום</ManufacturerName><ManufactureCountry>ישראל</ManufactureCountry><ManufacturerItemDescription>מב שמפו פנינה לשיער</ManufacturerItemDescription><SoldByWeight/><Quantity>750.00</Quantity><UnitOfMeasure>מ"ל</UnitOfMeasure><QtyInPackage>לא ידוע</QtyInPackage><UnitOfMeasurePrice>0.0119</UnitOfMeasurePrice><AllowDiscount>1</AllowDiscount><ItemStatus>1</ItemStatus><ItemPrice>8.90</ItemPrice></item><item><PriceUpdateDate>2014-11-03 06:37:27</PriceUpdateDate><ItemCode>7290014217010</ItemCode><ItemType>1</ItemType><ItemName>מיכל T-BUL דגים 90 ג</ItemName><ManufacturerName>לא ממותג</ManufacturerName><ManufactureCountry>ישראל</ManufactureCountry><ManufacturerItemDescription>מיכל T-BUL דגים 90 ג</ManufacturerItemDescription><SoldByWeight/><Quantity>90.00</Quantity><UnitOfMeasure>גרם     </UnitOfMeasure><QtyInPackage>לא ידוע</QtyInPackage><UnitOfMeasurePrice>0.1633</UnitOfMeasurePrice><AllowDiscount>1</AllowDiscount><ItemStatus>1</ItemStatus><ItemPrice>14.70</ItemPrice></item><item><PriceUpdateDate>2015-01-05 09:41:20</PriceUpdateDate><ItemCode>7290014217164</ItemCode><ItemType>1</ItemType><ItemName>פטרוזיליה 20 גרם</ItemName><ManufacturerName>טעם וריח</ManufacturerName><ManufactureCountry>ישראל</ManufactureCountry><ManufacturerItemDescription>פטרוזיליה 20 גרם</ManufacturerItemDescription><SoldByWeight/><Quantity>20.00</Quantity><UnitOfMeasure>גרם     </UnitOfMeasure><QtyInPackage>לא ידוע</QtyInPackage><UnitOfMeasurePrice>0.4450</UnitOfMeasurePrice><AllowDiscount>1</AllowDiscount><ItemStatus>1</ItemStatus><ItemPrice>8.90</ItemPrice></item><item><PriceUpdateDate>2014-11-03 06:37:27</PriceUpdateDate><ItemCode>7290014217225</ItemCode><ItemType>1</ItemType><ItemName>מיכל גריל עוף 120 גר</ItemName><ManufacturerName>תבליני טעם וריח</ManufacturerName><ManufactureCountry>ישראל</ManufactureCountry><ManufacturerItemDescription>גריל עוף מיכל 120 גרם</ManufacturerItemDescription><SoldByWeight/><Quantity>120.00</Quantity><UnitOfMeasure>גרם     </UnitOfMeasure><QtyInPackage>לא ידוע</QtyInPackage><UnitOfMeasurePrice>0.0825</UnitOfMeasurePrice><AllowDiscount>1</AllowDiscount><ItemStatus>1</ItemStatus><ItemPrice>9.90</ItemPrice></item><item><PriceUpdateDate>2014-11-03 06:37:27</PriceUpdateDate><ItemCode>7290014217324</ItemCode><ItemType>1</ItemType><ItemName>מיכל גריל עוף ללא מו</ItemName><ManufacturerName>תבליני טעם וריח</ManufacturerName><ManufactureCountry>ישראל</ManufactureCountry><ManufacturerItemDescription>מיכל גריל עוף ללא מו</ManufacturerItemDescription><SoldByWeight/><Quantity>100.00</Quantity><UnitOfMeasure>גרם     </UnitOfMeasure><QtyInPackage>לא ידוע</QtyInPackage><UnitOfMeasurePrice>0.1100</UnitOfMeasurePrice><AllowDiscount>1</AllowDiscount><ItemStatus>1</ItemStatus><ItemPrice>11.00</ItemPrice></item><item><PriceUpdateDate>2014-11-03 06:37:27</PriceUpdateDate><ItemCode>7290014217348</ItemCode><ItemType>1</ItemType><ItemName>מיכל צ'ילי כתוש 70 ג</ItemName><ManufacturerName>תבליני טעם וריח</ManufacturerName><ManufactureCountry>ישראל</ManufactureCountry><ManufacturerItemDescription>מיכל צ'ילי כתוש 70 ג</ManufacturerItemDescription><SoldByWeight/><Quantity>70.00</Quantity><UnitOfMeasure>גרם     </UnitOfMeasure><QtyInPackage>לא ידוע</QtyInPackage><UnitOfMeasurePrice>0.1700</UnitOfMeasurePrice><AllowDiscount>1</AllowDiscount><ItemStatus>1</ItemStatus><ItemPrice>11.90</ItemPrice></item><item><PriceUpdateDate>2016-05-30 22:04:52</PriceUpdateDate><ItemCode>7290014218130</ItemCode><ItemType>1</ItemType><ItemName>מב פיצה דקה מעדנות 3</ItemName><ManufacturerName>מעדנות</ManufacturerName><ManufactureCountry>לא ידוע</ManufactureCountry><ManufacturerItemDescription>מב פיצה דקה מעדנות 3</ManufacturerItemDescription><SoldByWeight/><Quantity>380.00</Quantity><UnitOfMeasure>גרם     </UnitOfMeasure><QtyInPackage>לא ידוע</QtyInPackage><UnitOfMeasurePrice>0.0366</UnitOfMeasurePrice><AllowDiscount>1</AllowDiscount><ItemStatus>1</ItemStatus><ItemPrice>13.90</ItemPrice></item><item><PriceUpdateDate>2016-05-30 22:04:53</PriceUpdateDate><ItemCode>7290014256910</ItemCode><ItemType>1</ItemType><ItemName>מב יין מוסקטו BUZZ</ItemName><ManufacturerName>לא ממותג</ManufacturerName><ManufactureCountry>ישראל</ManufactureCountry><ManufacturerItemDescription>יין מוסקטו 750 BUZZ מל</ManufacturerItemDescription><SoldByWeight/><Quantity>750.00</Quantity><UnitOfMeasure>מ"ל</UnitOfMeasure><QtyInPackage>לא ידוע</QtyInPackage><UnitOfMeasurePrice>0.0332</UnitOfMeasurePrice><AllowDiscount>1</AllowDiscount><ItemStatus>1</ItemStatus><ItemPrice>24.90</ItemPrice></item><item><PriceUpdateDate>2016-01-13 08:20:59</PriceUpdateDate><ItemCode>7290014256941</ItemCode><ItemType>1</ItemType><ItemName>יין סובניון בלאן סלק</ItemName><ManufacturerName>סלקטד יקבי כרמל</ManufacturerName><ManufactureCountry>ישראל</ManufactureCountry><ManufacturerItemDescription>יין סובניון בלאן סלק</ManufacturerItemDescription><SoldByWeight/><Quantity>750.00</Quantity><UnitOfMeasure>מ"ל</UnitOfMeasure><QtyInPackage>לא ידוע</QtyInPackage><UnitOfMeasurePrice>0.0399</UnitOfMeasurePrice><AllowDiscount>1</AllowDiscount><ItemStatus>1</ItemStatus><ItemPrice>29.90</ItemPrice></item><item><PriceUpdateDate>2016-05-30 22:04:53</PriceUpdateDate><ItemCode>7290014256989</ItemCode><ItemType>1</ItemType><ItemName>מיץ תירוש אדום 1 ליט</ItemName><ManufacturerName>תירוש יקבי כרמל</ManufacturerName><ManufactureCountry>ישראל</ManufactureCountry><ManufacturerItemDescription>מיץ ענבים תירוש אדום 1 ל</ManufacturerItemDescription><SoldByWeight/><Quantity>1000.00</Quantity><UnitOfMeasure>מ"ל</UnitOfMeasure><QtyInPackage>לא ידוע</QtyInPackage><UnitOfMeasurePrice>0.0177</UnitOfMeasurePrice><AllowDiscount>1</AllowDiscount><ItemStatus>1</ItemStatus><ItemPrice>17.70</ItemPrice></item><item><PriceUpdateDate>2015-11-10 13:38:20</PriceUpdateDate><ItemCode>7290014258532</ItemCode><ItemType>1</ItemType><ItemName>מטרנה דייסת דגנים 37</ItemName><ManufacturerName>מטרנה</ManufacturerName><ManufactureCountry>ישראל</ManufactureCountry><ManufacturerItemDescription>מטרנה דייסת דגנים 37</ManufacturerItemDescription><SoldByWeight/><Quantity>375.00</Quantity><UnitOfMeasure>גרם     </UnitOfMeasure><QtyInPackage>לא ידוע</QtyInPackage><UnitOfMeasurePrice>0.0677</UnitOfMeasurePrice><AllowDiscount>1</AllowDiscount><ItemStatus>1</ItemStatus><ItemPrice>25.40</ItemPrice></item><item><PriceUpdateDate>2016-05-30 22:04:53</PriceUpdateDate><ItemCode>7290014325012</ItemCode><ItemType>1</ItemType><ItemName>זרעי צ'יה 200 גרם</ItemName><ManufacturerName>מיה</ManufacturerName><ManufactureCountry>לא ידוע</ManufactureCountry><ManufacturerItemDescription>זרעי צ'יה 200 גרם</ManufacturerItemDescription><SoldByWeight/><Quantity>200.00</Quantity><UnitOfMeasure>גרם     </UnitOfMeasure><QtyInPackage>לא ידוע</QtyInPackage><UnitOfMeasurePrice>0.0645</UnitOfMeasurePrice><AllowDiscount>1</AllowDiscount><ItemStatus>1</ItemStatus><ItemPrice>12.90</ItemPrice></item><item><PriceUpdateDate>2016-05-30 22:04:53</PriceUpdateDate><ItemCode>7290014373563</ItemCode><ItemType>1</ItemType><ItemName>עוגיות לחמי מעמול תמ</ItemName><ManufacturerName>לחמי</ManufacturerName><ManufactureCountry>ישראל</ManufactureCountry><ManufacturerItemDescription>עוגיות מעמול 250 גרם</ManufacturerItemDescription><SoldByWeight/><Quantity>250.00</Quantity><UnitOfMeasure>גרם     </UnitOfMeasure><QtyInPackage>לא ידוע</QtyInPackage><UnitOfMeasurePrice>0.0796</UnitOfMeasurePrice><AllowDiscount>1</AllowDiscount><ItemStatus>1</ItemStatus><ItemPrice>19.90</ItemPrice></item><item><PriceUpdateDate>2016-05-30 22:04:54</PriceUpdateDate><ItemCode>7290014397286</ItemCode><ItemType>1</ItemType><ItemName>מב מרכך כביסה מקסימה</ItemName><ManufacturerName>סנו מקסימה</ManufacturerName><ManufactureCountry>ישראל</ManufactureCountry><ManufacturerItemDescription>מב מרכך כביסה מקסימה</ManufacturerItemDescription><SoldByWeight/><Quantity>1000.00</Quantity><UnitOfMeasure>מ"ל</UnitOfMeasure><QtyInPackage>לא ידוע</QtyInPackage><UnitOfMeasurePrice>0.0159</UnitOfMeasurePrice><AllowDiscount>1</AllowDiscount><ItemStatus>1</ItemStatus><ItemPrice>15.90</ItemPrice></item><item><PriceUpdateDate>2016-02-02 06:51:39</PriceUpdateDate><ItemCode>7290014397675</ItemCode><ItemType>1</ItemType><ItemName>מב מרכך כביסה מקסימה</ItemName><ManufacturerName>סנו מקסימה</ManufacturerName><ManufactureCountry>ישראל</ManufactureCountry><ManufacturerItemDescription>מב מרכך כביסה מקסימה</ManufacturerItemDescription><SoldByWeight/><Quantity>4000.00</Quantity><UnitOfMeasure>מ"ל</UnitOfMeasure><QtyInPackage>לא ידוע</QtyInPackage><UnitOfMeasurePrice>0.0055</UnitOfMeasurePrice><AllowDiscount>1</AllowDiscount><ItemStatus>1</ItemStatus><ItemPrice>21.90</ItemPrice></item><item><PriceUpdateDate>2016-05-30 22:04:55</PriceUpdateDate><ItemCode>7290014397712</ItemCode><ItemType>1</ItemType><ItemName>מב סנובון ג'ל לאסלה</ItemName><ManufacturerName>סנובון</ManufacturerName><ManufactureCountry>ישראל</ManufactureCountry><ManufacturerItemDescription>מב סנובון ג'ל לאסלה</ManufacturerItemDescription><SoldByWeight/><Quantity>55.00</Quantity><UnitOfMeasure>מ"ל</UnitOfMeasure><QtyInPackage>לא ידוע</QtyInPackage><UnitOfMeasurePrice>0.1255</UnitOfMeasurePrice><AllowDiscount>1</AllowDiscount><ItemStatus>1</ItemStatus><ItemPrice>6.90</ItemPrice></item><item><PriceUpdateDate>2016-02-02 06:51:39</PriceUpdateDate><ItemCode>7290014397736</ItemCode><ItemType>1</ItemType><ItemName>מב מרכך כביסה מקסימה</ItemName><ManufacturerName>סנו מקסימה</ManufacturerName><ManufactureCountry>ישראל</ManufactureCountry><ManufacturerItemDescription>מב מרכך כביסה מקסימה</ManufacturerItemDescription><SoldByWeight/><Quantity>4000.00</Quantity><UnitOfMeasure>מ"ל</UnitOfMeasure><QtyInPackage>לא ידוע</QtyInPackage><UnitOfMeasurePrice>0.0055</UnitOfMeasurePrice><AllowDiscount>1</AllowDiscount><ItemStatus>1</ItemStatus><ItemPrice>21.90</ItemPrice></item><item><PriceUpdateDate>2015-11-03 08:39:04</PriceUpdateDate><ItemCode>7290014397767</ItemCode><ItemType>1</ItemType><ItemName>סנו ריצפז פרש הום כו</ItemName><ManufacturerName>ריצפז</ManufacturerName><ManufactureCountry>ישראל</ManufactureCountry><ManufacturerItemDescription>סנו ריצפז פרש הום כו</ManufacturerItemDescription><SoldByWeight/><Quantity>2000.00</Quantity><UnitOfMeasure>מ"ל</UnitOfMeasure><QtyInPackage>לא ידוע</QtyInPackage><UnitOfMeasurePrice>0.0137</UnitOfMeasurePrice><AllowDiscount>1</AllowDiscount><ItemStatus>1</ItemStatus><ItemPrice>27.40</ItemPrice></item><item><PriceUpdateDate>2015-11-03 08:39:04</PriceUpdateDate><ItemCode>7290014397781</ItemCode><ItemType>1</ItemType><ItemName>סנו ריצפז פרש הום סב</ItemName><ManufacturerName>ריצפז</ManufacturerName><ManufactureCountry>ישראל</ManufactureCountry><ManufacturerItemDescription>סנו ריצפז פרש הום סב</ManufacturerItemDescription><SoldByWeight/><Quantity>2000.00</Quantity><UnitOfMeasure>מ"ל</UnitOfMeasure><QtyInPackage>לא ידוע</QtyInPackage><UnitOfMeasurePrice>0.0137</UnitOfMeasurePrice><AllowDiscount>1</AllowDiscount><ItemStatus>1</ItemStatus><ItemPrice>27.40</ItemPrice></item><item><PriceUpdateDate>2015-05-03 20:51:38</PriceUpdateDate><ItemCode>7290014397903</ItemCode><ItemType>1</ItemType><ItemName>סנו מקסימה מבשם בגדי</ItemName><ManufacturerName>סנו</ManufacturerName><ManufactureCountry>ישראל</ManufactureCountry><ManufacturerItemDescription>סנו מקסימה מבשם בגדי</ManufacturerItemDescription><SoldByWeight/><Quantity>350.00</Quantity><UnitOfMeasure>מ"ל</UnitOfMeasure><QtyInPackage>לא ידוע</QtyInPackage><UnitOfMeasurePrice>0.0683</UnitOfMeasurePrice><AllowDiscount>1</AllowDiscount><ItemStatus>1</ItemStatus><ItemPrice>23.90</ItemPrice></item><item><PriceUpdateDate>2016-05-01 21:47:08</PriceUpdateDate><ItemCode>7290014426061</ItemCode><ItemType>1</ItemType><ItemName>משחת שיניים לילדים ה</ItemName><ManufacturerName>כצט</ManufacturerName><ManufactureCountry>לא ידוע</ManufactureCountry><ManufacturerItemDescription>משחת שיניים לילדים ה</ManufacturerItemDescription><SoldByWeight/><Quantity>50.00</Quantity><UnitOfMeasure>מ"ל</UnitOfMeasure><QtyInPackage>לא ידוע</QtyInPackage><UnitOfMeasurePrice>0.2780</UnitOfMeasurePrice><AllowDiscount>1</AllowDiscount><ItemStatus>1</ItemStatus><ItemPrice>13.90</ItemPrice></item><item><PriceUpdateDate>2015-10-21 16:48:41</PriceUpdateDate><ItemCode>7290014435346</ItemCode><ItemType>1</ItemType><ItemName>סלט חציל מרוקאי 250</ItemName><ManufacturerName>סלטי שמיר</ManufacturerName><ManufactureCountry>ישראל</ManufactureCountry><ManufacturerItemDescription>סלט חציל מרוקאי 250</ManufacturerItemDescription><SoldByWeight/><Quantity>250.00</Quantity><UnitOfMeasure>גרם     </UnitOfMeasure><QtyInPackage>לא ידוע</QtyInPackage><UnitOfMeasurePrice>0.0648</UnitOfMeasurePrice><AllowDiscount>1</AllowDiscount><ItemStatus>1</ItemStatus><ItemPrice>16.20</ItemPrice></item><item><PriceUpdateDate>2016-05-30 22:04:55</PriceUpdateDate><ItemCode>7290014455078</ItemCode><ItemType>1</ItemType><ItemName>גבינת שמנת ניו יורק</ItemName><ManufacturerName>גד</ManufacturerName><ManufactureCountry>ישראל</ManufactureCountry><ManufacturerItemDescription>קרם שמנת 5% בזיליקום</ManufacturerItemDescription><SoldByWeight/><Quantity>200.00</Quantity><UnitOfMeasure>גרם     </UnitOfMeasure><QtyInPackage>לא ידוע</QtyInPackage><UnitOfMeasurePrice>0.0660</UnitOfMeasurePrice><AllowDiscount>1</AllowDiscount><ItemStatus>1</ItemStatus><ItemPrice>13.20</ItemPrice></item><item><PriceUpdateDate>2016-01-06 08:14:22</PriceUpdateDate><ItemCode>7290014455467</ItemCode><ItemType>1</ItemType><ItemName>מעדן שיבולת שועל וחל</ItemName><ManufacturerName>גד</ManufacturerName><ManufactureCountry>ישראל</ManufactureCountry><ManufacturerItemDescription>מעדן חלב עם אורז 150 - 3%</ManufacturerItemDescription><SoldByWeight/><Quantity>150.00</Quantity><UnitOfMeasure>מ"ל</UnitOfMeasure><QtyInPackage>לא ידוע</QtyInPackage><UnitOfMeasurePrice>0.0393</UnitOfMeasurePrice><AllowDiscount>1</AllowDiscount><ItemStatus>1</ItemStatus><ItemPrice>5.90</ItemPrice></item><item><PriceUpdateDate>2016-05-10 10:55:35</PriceUpdateDate><ItemCode>7290014466128</ItemCode><ItemType>1</ItemType><ItemName>יין הר חרמון אינדיגו</ItemName><ManufacturerName>יקבי רמת הגולן</ManufacturerName><ManufactureCountry>ישראל</ManufactureCountry><ManufacturerItemDescription>יין הר חרמון אינדיגו 750</ManufacturerItemDescription><SoldByWeight/><Quantity>750.00</Quantity><UnitOfMeasure>מ"ל</UnitOfMeasure><QtyInPackage>לא ידוע</QtyInPackage><UnitOfMeasurePrice>0.0439</UnitOfMeasurePrice><AllowDiscount>1</AllowDiscount><ItemStatus>1</ItemStatus><ItemPrice>32.90</ItemPrice></item><item><PriceUpdateDate>2015-12-30 07:12:58</PriceUpdateDate><ItemCode>7290014466555</ItemCode><ItemType>1</ItemType><ItemName>מב יין גמלא קברנה סו</ItemName><ManufacturerName>גמלא-רמת הגולן</ManufacturerName><ManufactureCountry>ישראל</ManufactureCountry><ManufacturerItemDescription>מב יין גמלא קברנה סו</ManufacturerItemDescription><SoldByWeight/><Quantity>750.00</Quantity><UnitOfMeasure>מ"ל</UnitOfMeasure><QtyInPackage>לא ידוע</QtyInPackage><UnitOfMeasurePrice>0.0932</UnitOfMeasurePrice><AllowDiscount>1</AllowDiscount><ItemStatus>1</ItemStatus><ItemPrice>69.90</ItemPrice></item><item><PriceUpdateDate>2016-06-02 12:22:04</PriceUpdateDate><ItemCode>7290014466579</ItemCode><ItemType>1</ItemType><ItemName>מב יין גמלא סנג'ובזה</ItemName><ManufacturerName>יקבי רמת הגולן</ManufacturerName><ManufactureCountry>ישראל</ManufactureCountry><ManufacturerItemDescription>מב יין גמלא סנג'ובזה</ManufacturerItemDescription><SoldByWeight/><Quantity>750.00</Quantity><UnitOfMeasure>מ"ל</UnitOfMeasure><QtyInPackage>לא ידוע</QtyInPackage><UnitOfMeasurePrice>0.0745</UnitOfMeasurePrice><AllowDiscount>1</AllowDiscount><ItemStatus>1</ItemStatus><ItemPrice>55.90</ItemPrice></item><item><PriceUpdateDate>2015-11-17 08:22:40</PriceUpdateDate><ItemCode>7290014471191</ItemCode><ItemType>1</ItemType><ItemName>חמוציות 200 גרם המות</ItemName><ManufacturerName>"המותג"</ManufacturerName><ManufactureCountry>לא ידוע</ManufactureCountry><ManufacturerItemDescription>חמוציות 200 גרם המות</ManufacturerItemDescription><SoldByWeight/><Quantity>200.00</Quantity><UnitOfMeasure>גרם     </UnitOfMeasure><QtyInPackage>לא ידוע</QtyInPackage><UnitOfMeasurePrice>0.0500</UnitOfMeasurePrice><AllowDiscount>1</AllowDiscount><ItemStatus>1</ItemStatus><ItemPrice>10.00</ItemPrice></item><item><PriceUpdateDate>2016-02-02 06:51:39</PriceUpdateDate><ItemCode>7290014534001</ItemCode><ItemType>1</ItemType><ItemName>מב תרסיס שמן קנולה ל</ItemName><ManufacturerName>לא ממותג</ManufacturerName><ManufactureCountry>ישראל</ManufactureCountry><ManufacturerItemDescription>מב תרסיס שמן קנולה ל</ManufacturerItemDescription><SoldByWeight/><Quantity>170.00</Quantity><UnitOfMeasure>גרם     </UnitOfMeasure><QtyInPackage>לא ידוע</QtyInPackage><UnitOfMeasurePrice>0.0641</UnitOfMeasurePrice><AllowDiscount>1</AllowDiscount><ItemStatus>1</ItemStatus><ItemPrice>10.90</ItemPrice></item><item><PriceUpdateDate>2016-02-02 06:51:40</PriceUpdateDate><ItemCode>7290014534025</ItemCode><ItemType>1</ItemType><ItemName>מב תרסיס שמן חמניות</ItemName><ManufacturerName>לא ממותג</ManufacturerName><ManufactureCountry>ישראל</ManufactureCountry><ManufacturerItemDescription>מב תרסיס שמן חמניות</ManufacturerItemDescription><SoldByWeight/><Quantity>170.00</Quantity><UnitOfMeasure>גרם     </UnitOfMeasure><QtyInPackage>לא ידוע</QtyInPackage><UnitOfMeasurePrice>0.0641</UnitOfMeasurePrice><AllowDiscount>1</AllowDiscount><ItemStatus>1</ItemStatus><ItemPrice>10.90</ItemPrice></item><item><PriceUpdateDate>2016-01-05 08:49:52</PriceUpdateDate><ItemCode>7290014555099</ItemCode><ItemType>1</ItemType><ItemName>מרכך כביסה מרוכז 1 ל</ItemName><ManufacturerName>"המותג"</ManufacturerName><ManufactureCountry>ישראל</ManufactureCountry><ManufacturerItemDescription>מרכך כביסה מרוכז 1 ל</ManufacturerItemDescription><SoldByWeight/><Quantity>1000.00</Quantity><UnitOfMeasure>מ"ל</UnitOfMeasure><QtyInPackage>לא ידוע</QtyInPackage><UnitOfMeasurePrice>0.0109</UnitOfMeasurePrice><AllowDiscount>1</AllowDiscount><ItemStatus>1</ItemStatus><ItemPrice>10.90</ItemPrice></item><item><PriceUpdateDate>2015-10-11 18:10:56</PriceUpdateDate><ItemCode>7290014603004</ItemCode><ItemType>1</ItemType><ItemName>מאגדת מיני סולרו תות</ItemName><ManufacturerName>שטראוס גלידה</ManufacturerName><ManufactureCountry>ישראל</ManufactureCountry><ManufacturerItemDescription>מאגדת סולרו מיני תות 5 יח</ManufacturerItemDescription><SoldByWeight/><Quantity>295.00</Quantity><UnitOfMeasure>גרם     </UnitOfMeasure><QtyInPackage>לא ידוע</QtyInPackage><UnitOfMeasurePrice>0.0902</UnitOfMeasurePrice><AllowDiscount>1</AllowDiscount><ItemStatus>1</ItemStatus><ItemPrice>26.60</ItemPrice></item><item><PriceUpdateDate>2016-01-05 08:49:52</PriceUpdateDate><ItemCode>7290014603110</ItemCode><ItemType>1</ItemType><ItemName>מב גלידת קארט דור שו</ItemName><ManufacturerName>שטראוס גלידה</ManufacturerName><ManufactureCountry>ישראל</ManufactureCountry><ManufacturerItemDescription>קארט דור שוקולד פאדג</ManufacturerItemDescription><SoldByWeight/><Quantity>520.00</Quantity><UnitOfMeasure>מ"ל</UnitOfMeasure><QtyInPackage>לא ידוע</QtyInPackage><UnitOfMeasurePrice>0.0287</UnitOfMeasurePrice><AllowDiscount>1</AllowDiscount><ItemStatus>1</ItemStatus><ItemPrice>14.90</ItemPrice></item><item><PriceUpdateDate>2016-05-30 22:04:56</PriceUpdateDate><ItemCode>7290014603547</ItemCode><ItemType>1</ItemType><ItemName>גלידות קרמיסימו סנדי</ItemName><ManufacturerName>קרמיסימו</ManufacturerName><ManufactureCountry>ישראל</ManufactureCountry><ManufacturerItemDescription>קרמיסימו סנדיי וניל שוקול</ManufacturerItemDescription><SoldByWeight/><Quantity>1330.00</Quantity><UnitOfMeasure>מ"ל</UnitOfMeasure><QtyInPackage>לא ידוע</QtyInPackage><UnitOfMeasurePrice>0.0150</UnitOfMeasurePrice><AllowDiscount>1</AllowDiscount><ItemStatus>1</ItemStatus><ItemPrice>19.90</ItemPrice></item><item><PriceUpdateDate>2015-01-08 07:52:15</PriceUpdateDate><ItemCode>7290014603646</ItemCode><ItemType>1</ItemType><ItemName>שוגי ללא גלוטן 375 ג</ItemName><ManufacturerName>תלמה</ManufacturerName><ManufactureCountry>ישראל</ManufactureCountry><ManufacturerItemDescription>שוגי ללא גלוטן 375 ג</ManufacturerItemDescription><SoldByWeight/><Quantity>375.00</Quantity><UnitOfMeasure>גרם     </UnitOfMeasure><QtyInPackage>לא ידוע</QtyInPackage><UnitOfMeasurePrice>0.0904</UnitOfMeasurePrice><AllowDiscount>1</AllowDiscount><ItemStatus>1</ItemStatus><ItemPrice>33.90</ItemPrice></item><item><PriceUpdateDate>2016-05-01 21:47:09</PriceUpdateDate><ItemCode>7290014603660</ItemCode><ItemType>1</ItemType><ItemName>מאגדת מיני מגנום ברא</ItemName><ManufacturerName>שטראוס גלידה</ManufacturerName><ManufactureCountry>ישראל</ManufactureCountry><ManufacturerItemDescription>מאגדת מיני מגנום בראוניז</ManufacturerItemDescription><SoldByWeight/><Quantity>310.00</Quantity><UnitOfMeasure>גרם     </UnitOfMeasure><QtyInPackage>לא ידוע</QtyInPackage><UnitOfMeasurePrice>0.0965</UnitOfMeasurePrice><AllowDiscount>1</AllowDiscount><ItemStatus>1</ItemStatus><ItemPrice>29.90</ItemPrice></item><item><PriceUpdateDate>2016-05-30 22:04:56</PriceUpdateDate><ItemCode>7290014603813</ItemCode><ItemType>1</ItemType><ItemName>גלידות קרמיסימו מסטי</ItemName><ManufacturerName>שטראוס גלידה</ManufacturerName><ManufactureCountry>ישראל</ManufactureCountry><ManufacturerItemDescription>גלידה קרמיסימו וניל מסטיק</ManufacturerItemDescription><SoldByWeight/><Quantity>665.00</Quantity><UnitOfMeasure>גרם     </UnitOfMeasure><QtyInPackage>לא ידוע</QtyInPackage><UnitOfMeasurePrice>0.0299</UnitOfMeasurePrice><AllowDiscount>1</AllowDiscount><ItemStatus>1</ItemStatus><ItemPrice>19.90</ItemPrice></item><item><PriceUpdateDate>2016-01-05 08:49:52</PriceUpdateDate><ItemCode>7290014603974</ItemCode><ItemType>1</ItemType><ItemName>מב גלידת קארט דור אל</ItemName><ManufacturerName>שטראוס גלידה</ManufacturerName><ManufactureCountry>ישראל</ManufactureCountry><ManufacturerItemDescription>קארט דור אלפחורס</ManufacturerItemDescription><SoldByWeight/><Quantity>520.00</Quantity><UnitOfMeasure>מ"ל</UnitOfMeasure><QtyInPackage>לא ידוע</QtyInPackage><UnitOfMeasurePrice>0.0287</UnitOfMeasurePrice><AllowDiscount>1</AllowDiscount><ItemStatus>1</ItemStatus><ItemPrice>14.90</ItemPrice></item><item><PriceUpdateDate>2016-01-05 08:49:52</PriceUpdateDate><ItemCode>7290014603981</ItemCode><ItemType>1</ItemType><ItemName>מב גלידת קארט דור טי</ItemName><ManufacturerName>שטראוס גלידה</ManufacturerName><ManufactureCountry>ישראל</ManufactureCountry><ManufacturerItemDescription>קארט דור טירמיסו</ManufacturerItemDescription><SoldByWeight/><Quantity>520.00</Quantity><UnitOfMeasure>מ"ל</UnitOfMeasure><QtyInPackage>לא ידוע</QtyInPackage><UnitOfMeasurePrice>0.0287</UnitOfMeasurePrice><AllowDiscount>1</AllowDiscount><ItemStatus>1</ItemStatus><ItemPrice>14.90</ItemPrice></item><item><PriceUpdateDate>2016-01-05 08:49:52</PriceUpdateDate><ItemCode>7290014603998</ItemCode><ItemType>1</ItemType><ItemName>מב גלידת קארט דור בר</ItemName><ManufacturerName>שטראוס גלידה</ManufacturerName><ManufactureCountry>ישראל</ManufactureCountry><ManufacturerItemDescription>קארט דור בראוניז</ManufacturerItemDescription><SoldByWeight/><Quantity>520.00</Quantity><UnitOfMeasure>מ"ל</UnitOfMeasure><QtyInPackage>לא ידוע</QtyInPackage><UnitOfMeasurePrice>0.0287</UnitOfMeasurePrice><AllowDiscount>1</AllowDiscount><ItemStatus>1</ItemStatus><ItemPrice>14.90</ItemPrice></item><item><PriceUpdateDate>2016-05-30 22:04:56</PriceUpdateDate><ItemCode>7290014692015</ItemCode><ItemType>1</ItemType><ItemName>קפה נמס מיובש בהקפאה</ItemName><ManufacturerName>לא ממותג</ManufacturerName><ManufactureCountry>ישראל</ManufactureCountry><ManufacturerItemDescription>קפה נמס מיובש בהקפאה</ManufacturerItemDescription><SoldByWeight/><Quantity>200.00</Quantity><UnitOfMeasure>גרם     </UnitOfMeasure><QtyInPackage>לא ידוע</QtyInPackage><UnitOfMeasurePrice>0.1265</UnitOfMeasurePrice><AllowDiscount>1</AllowDiscount><ItemStatus>1</ItemStatus><ItemPrice>25.30</ItemPrice></item><item><PriceUpdateDate>2016-05-30 22:04:56</PriceUpdateDate><ItemCode>7290014692305</ItemCode><ItemType>1</ItemType><ItemName>מב גבינת קממבר 125 ג</ItemName><ManufacturerName>וילי פוד</ManufacturerName><ManufactureCountry>ישראל</ManufactureCountry><ManufacturerItemDescription>מב גבינת קממבר 125 ג</ManufacturerItemDescription><SoldByWeight/><Quantity>125.00</Quantity><UnitOfMeasure>גרם     </UnitOfMeasure><QtyInPackage>לא ידוע</QtyInPackage><UnitOfMeasurePrice>0.1432</UnitOfMeasurePrice><AllowDiscount>1</AllowDiscount><ItemStatus>1</ItemStatus><ItemPrice>17.90</ItemPrice></item><item><PriceUpdateDate>2016-03-31 10:18:40</PriceUpdateDate><ItemCode>7290014692541</ItemCode><ItemType>1</ItemType><ItemName>מב EMMA אודם מגורדת</ItemName><ManufacturerName>וילי פוד</ManufacturerName><ManufactureCountry>ישראל</ManufactureCountry><ManufacturerItemDescription>מב EMMA אודם מגורדת</ManufacturerItemDescription><SoldByWeight/><Quantity>500.00</Quantity><UnitOfMeasure>גרם     </UnitOfMeasure><QtyInPackage>לא ידוע</QtyInPackage><UnitOfMeasurePrice>0.0338</UnitOfMeasurePrice><AllowDiscount>1</AllowDiscount><ItemStatus>1</ItemStatus><ItemPrice>16.90</ItemPrice></item><item><PriceUpdateDate>2015-11-16 11:40:33</PriceUpdateDate><ItemCode>7290014692565</ItemCode><ItemType>1</ItemType><ItemName>גרעיני תירס מתוק 285</ItemName><ManufacturerName>לא ממותג</ManufacturerName><ManufactureCountry>ישראל</ManufactureCountry><ManufacturerItemDescription>גרעיני תירס מתוק 285</ManufacturerItemDescription><SoldByWeight/><Quantity>320.00</Quantity><UnitOfMeasure>גרם     </UnitOfMeasure><QtyInPackage>לא ידוע</QtyInPackage><UnitOfMeasurePrice>0.0194</UnitOfMeasurePrice><AllowDiscount>1</AllowDiscount><ItemStatus>1</ItemStatus><ItemPrice>6.20</ItemPrice></item><item><PriceUpdateDate>2015-03-09 08:27:45</PriceUpdateDate><ItemCode>7290014725294</ItemCode><ItemType>1</ItemType><ItemName>סוכרזית סוכרלוז 100</ItemName><ManufacturerName>סוכרזית</ManufacturerName><ManufactureCountry>ישראל</ManufactureCountry><ManufacturerItemDescription>סוכרלוז מותר לשבת 100 שקי</ManufacturerItemDescription><SoldByWeight/><Quantity>100.00</Quantity><UnitOfMeasure>שק'</UnitOfMeasure><QtyInPackage>לא ידוע</QtyInPackage><UnitOfMeasurePrice>0.2190</UnitOfMeasurePrice><AllowDiscount>1</AllowDiscount><ItemStatus>1</ItemStatus><ItemPrice>21.90</ItemPrice></item><item><PriceUpdateDate>2016-02-02 06:51:40</PriceUpdateDate><ItemCode>7290014745551</ItemCode><ItemType>1</ItemType><ItemName>עוף טוב שניצל מספרים</ItemName><ManufacturerName>עוף טוב</ManufacturerName><ManufactureCountry>ישראל</ManufactureCountry><ManufacturerItemDescription>שניצל עוף מספרים 700 100%</ManufacturerItemDescription><SoldByWeight/><Quantity>700.00</Quantity><UnitOfMeasure>גרם     </UnitOfMeasure><QtyInPackage>לא ידוע</QtyInPackage><UnitOfMeasurePrice>0.0526</UnitOfMeasurePrice><AllowDiscount>1</AllowDiscount><ItemStatus>1</ItemStatus><ItemPrice>36.80</ItemPrice></item><item><PriceUpdateDate>2016-03-29 06:36:56</PriceUpdateDate><ItemCode>7290014745599</ItemCode><ItemType>1</ItemType><ItemName>מב שניצל עוף אמיתי ב</ItemName><ManufacturerName>עוף טוב</ManufacturerName><ManufactureCountry>ישראל</ManufactureCountry><ManufacturerItemDescription>שניצל עוף ביתי ציפוי ציפס</ManufacturerItemDescription><SoldByWeight/><Quantity>700.00</Quantity><UnitOfMeasure>גרם     </UnitOfMeasure><QtyInPackage>לא ידוע</QtyInPackage><UnitOfMeasurePrice>0.0456</UnitOfMeasurePrice><AllowDiscount>1</AllowDiscount><ItemStatus>1</ItemStatus><ItemPrice>31.90</ItemPrice></item><item><PriceUpdateDate>2014-11-03 06:36:35</PriceUpdateDate><ItemCode>7290014745933</ItemCode><ItemType>1</ItemType><ItemName>שניצל להכנה ביתית עו</ItemName><ManufacturerName>עוף טוב</ManufacturerName><ManufactureCountry>ישראל</ManufactureCountry><ManufacturerItemDescription>שניצל להכנה ביתית 500 גר</ManufacturerItemDescription><SoldByWeight/><Quantity>500.00</Quantity><UnitOfMeasure>גרם     </UnitOfMeasure><QtyInPackage>לא ידוע</QtyInPackage><UnitOfMeasurePrice>0.0698</UnitOfMeasurePrice><AllowDiscount>1</AllowDiscount><ItemStatus>1</ItemStatus><ItemPrice>34.90</ItemPrice></item><item><PriceUpdateDate>2016-05-30 22:04:56</PriceUpdateDate><ItemCode>7290014758100</ItemCode><ItemType>1</ItemType><ItemName>מב מאגדת שמיניה יוגו</ItemName><ManufacturerName>תנובה</ManufacturerName><ManufactureCountry>ישראל</ManufactureCountry><ManufacturerItemDescription>מב מאגדת שמיניה יוגו</ManufacturerItemDescription><SoldByWeight/><Quantity>1200.00</Quantity><UnitOfMeasure>גרם     </UnitOfMeasure><QtyInPackage>לא ידוע</QtyInPackage><UnitOfMeasurePrice>0.0108</UnitOfMeasurePrice><AllowDiscount>1</AllowDiscount><ItemStatus>1</ItemStatus><ItemPrice>12.90</ItemPrice></item><item><PriceUpdateDate>2016-05-30 22:04:56</PriceUpdateDate><ItemCode>7290014758117</ItemCode><ItemType>1</ItemType><ItemName>מב מאגדת שמיניה יוגו</ItemName><ManufacturerName>תנובה</ManufacturerName><ManufactureCountry>ישראל</ManufactureCountry><ManufacturerItemDescription>מב מאגדת שמיניה יוגו</ManufacturerItemDescription><SoldByWeight/><Quantity>1200.00</Quantity><UnitOfMeasure>גרם     </UnitOfMeasure><QtyInPackage>לא ידוע</QtyInPackage><UnitOfMeasurePrice>0.0108</UnitOfMeasurePrice><AllowDiscount>1</AllowDiscount><ItemStatus>1</ItemStatus><ItemPrice>12.90</ItemPrice></item><item><PriceUpdateDate>2015-11-12 14:34:26</PriceUpdateDate><ItemCode>7290014758308</ItemCode><ItemType>1</ItemType><ItemName>פיראוס יוגורט עיזים</ItemName><ManufacturerName>פיראוס</ManufacturerName><ManufactureCountry>ישראל</ManufactureCountry><ManufacturerItemDescription>יוגורט עיזים 150 גרם</ManufacturerItemDescription><SoldByWeight/><Quantity>150.00</Quantity><UnitOfMeasure>גרם     </UnitOfMeasure><QtyInPackage>לא ידוע</QtyInPackage><UnitOfMeasurePrice>0.0427</UnitOfMeasurePrice><AllowDiscount>1</AllowDiscount><ItemStatus>1</ItemStatus><ItemPrice>6.40</ItemPrice></item><item><PriceUpdateDate>2015-10-20 16:43:03</PriceUpdateDate><ItemCode>7290014758346</ItemCode><ItemType>1</ItemType><ItemName>מאגדת מעדן סויה שוקו</ItemName><ManufacturerName>מעדן תנובה</ManufacturerName><ManufactureCountry>ישראל</ManufactureCountry><ManufacturerItemDescription>מאגדת זוג מעדני סויה עם ש</ManufacturerItemDescription><SoldByWeight/><Quantity>250.00</Quantity><UnitOfMeasure>גרם     </UnitOfMeasure><QtyInPackage>לא ידוע</QtyInPackage><UnitOfMeasurePrice>0.0348</UnitOfMeasurePrice><AllowDiscount>1</AllowDiscount><ItemStatus>1</ItemStatus><ItemPrice>8.70</ItemPrice></item><item><PriceUpdateDate>2015-10-20 16:43:03</PriceUpdateDate><ItemCode>7290014758353</ItemCode><ItemType>1</ItemType><ItemName>מאגדת מעדן סויה במתי</ItemName><ManufacturerName>מעדן תנובה</ManufacturerName><ManufactureCountry>ישראל</ManufactureCountry><ManufacturerItemDescription>מאגדת מעדן סויה במתי</ManufacturerItemDescription><SoldByWeight/><Quantity>250.00</Quantity><UnitOfMeasure>גרם     </UnitOfMeasure><QtyInPackage>לא ידוע</QtyInPackage><UnitOfMeasurePrice>0.0348</UnitOfMeasurePrice><AllowDiscount>1</AllowDiscount><ItemStatus>1</ItemStatus><ItemPrice>8.70</ItemPrice></item><item><PriceUpdateDate>2015-10-20 16:43:03</PriceUpdateDate><ItemCode>7290014758360</ItemCode><ItemType>1</ItemType><ItemName>מאגדת מעדן סויה תות</ItemName><ManufacturerName>מעדן תנובה</ManufacturerName><ManufactureCountry>ישראל</ManufactureCountry><ManufacturerItemDescription>מאגדת זוג מעדני סויה עם ת</ManufacturerItemDescription><SoldByWeight/><Quantity>250.00</Quantity><UnitOfMeasure>גרם     </UnitOfMeasure><QtyInPackage>לא ידוע</QtyInPackage><UnitOfMeasurePrice>0.0348</UnitOfMeasurePrice><AllowDiscount>1</AllowDiscount><ItemStatus>1</ItemStatus><ItemPrice>8.70</ItemPrice></item><item><PriceUpdateDate>2015-10-20 16:43:03</PriceUpdateDate><ItemCode>7290014758377</ItemCode><ItemType>1</ItemType><ItemName>מאגדת מעדן סויה אפרס</ItemName><ManufacturerName>מעדן תנובה</ManufacturerName><ManufactureCountry>ישראל</ManufactureCountry><ManufacturerItemDescription>מאגדת זוג מעדני סויה עם א</ManufacturerItemDescription><SoldByWeight/><Quantity>250.00</Quantity><UnitOfMeasure>גרם     </UnitOfMeasure><QtyInPackage>לא ידוע</QtyInPackage><UnitOfMeasurePrice>0.0348</UnitOfMeasurePrice><AllowDiscount>1</AllowDiscount><ItemStatus>1</ItemStatus><ItemPrice>8.70</ItemPrice></item><item><PriceUpdateDate>2015-09-30 23:37:49</PriceUpdateDate><ItemCode>7290014758681</ItemCode><ItemType>1</ItemType><ItemName>קוטג' 1% בגביע 250 ג</ItemName><ManufacturerName>קוטג תנובה</ManufacturerName><ManufactureCountry>ישראל</ManufactureCountry><ManufacturerItemDescription>קוטג 250 1% גרם</ManufacturerItemDescription><SoldByWeight/><Quantity>250.00</Quantity><UnitOfMeasure>גרם     </UnitOfMeasure><QtyInPackage>לא ידוע</QtyInPackage><UnitOfMeasurePrice>0.0228</UnitOfMeasurePrice><AllowDiscount>1</AllowDiscount><ItemStatus>1</ItemStatus><ItemPrice>5.70</ItemPrice></item><item><PriceUpdateDate>2016-06-02 12:15:27</PriceUpdateDate><ItemCode>7290014759084</ItemCode><ItemType>1</ItemType><ItemName>מב גבינת נפוליאון טב</ItemName><ManufacturerName>נפוליאון</ManufacturerName><ManufactureCountry>ישראל</ManufactureCountry><ManufacturerItemDescription>גבינה שמנת נפוליאון 225 ג</ManufacturerItemDescription><SoldByWeight/><Quantity>225.00</Quantity><UnitOfMeasure>גרם     </UnitOfMeasure><QtyInPackage>לא ידוע</QtyInPackage><UnitOfMeasurePrice>0.0444</UnitOfMeasurePrice><AllowDiscount>1</AllowDiscount><ItemStatus>1</ItemStatus><ItemPrice>10.00</ItemPrice></item><item><PriceUpdateDate>2016-03-29 06:17:33</PriceUpdateDate><ItemCode>7290014759534</ItemCode><ItemType>1</ItemType><ItemName>בולגרית למריחה פיראו</ItemName><ManufacturerName>פיראוס</ManufacturerName><ManufactureCountry>ישראל</ManufactureCountry><ManufacturerItemDescription>בולגרית למריחה</ManufacturerItemDescription><SoldByWeight/><Quantity>200.00</Quantity><UnitOfMeasure>גרם     </UnitOfMeasure><QtyInPackage>לא ידוע</QtyInPackage><UnitOfMeasurePrice>0.0710</UnitOfMeasurePrice><AllowDiscount>1</AllowDiscount><ItemStatus>1</ItemStatus><ItemPrice>14.20</ItemPrice></item><item><PriceUpdateDate>2016-06-13 13:03:32</PriceUpdateDate><ItemCode>7290014759978</ItemCode><ItemType>1</ItemType><ItemName>גבינת קולאז' קצ'קבל</ItemName><ManufacturerName>גבינות תנובה</ManufacturerName><ManufactureCountry>ישראל</ManufactureCountry><ManufacturerItemDescription>קצקבל פלח 200 גרם</ManufacturerItemDescription><SoldByWeight/><Quantity>200.00</Quantity><UnitOfMeasure>גרם     </UnitOfMeasure><QtyInPackage>לא ידוע</QtyInPackage><UnitOfMeasurePrice>0.1370</UnitOfMeasurePrice><AllowDiscount>1</AllowDiscount><ItemStatus>1</ItemStatus><ItemPrice>27.40</ItemPrice></item><item><PriceUpdateDate>2016-06-13 13:03:32</PriceUpdateDate><ItemCode>7290014759985</ItemCode><ItemType>1</ItemType><ItemName>גבינת קולאז' פרמזן פ</ItemName><ManufacturerName>גבינות תנובה</ManufacturerName><ManufactureCountry>ישראל</ManufactureCountry><ManufacturerItemDescription>פרמזן פלח 200 גרם</ManufacturerItemDescription><SoldByWeight/><Quantity>200.00</Quantity><UnitOfMeasure>קג</UnitOfMeasure><QtyInPackage>לא ידוע</QtyInPackage><UnitOfMeasurePrice>0.1425</UnitOfMeasurePrice><AllowDiscount>1</AllowDiscount><ItemStatus>1</ItemStatus><ItemPrice>28.50</ItemPrice></item><item><PriceUpdateDate>2015-10-11 12:50:08</PriceUpdateDate><ItemCode>7290014760820</ItemCode><ItemType>1</ItemType><ItemName>יופלה פקאן סיני מצופ</ItemName><ManufacturerName>יופלה</ManufacturerName><ManufactureCountry>ישראל</ManufactureCountry><ManufacturerItemDescription>יופלה פקאן סיני מצופ</ManufacturerItemDescription><SoldByWeight/><Quantity>175.00</Quantity><UnitOfMeasure>גרם     </UnitOfMeasure><QtyInPackage>לא ידוע</QtyInPackage><UnitOfMeasurePrice>0.0326</UnitOfMeasurePrice><AllowDiscount>1</AllowDiscount><ItemStatus>1</ItemStatus><ItemPrice>5.70</ItemPrice></item><item><PriceUpdateDate>2016-02-15 08:36:53</PriceUpdateDate><ItemCode>7290014760837</ItemCode><ItemType>1</ItemType><ItemName>יופלה דיאט תות בתחתי</ItemName><ManufacturerName>חלב תנובה</ManufacturerName><ManufactureCountry>לא ידוע</ManufactureCountry><ManufacturerItemDescription>יופלה דיאט תות בתחתי</ManufacturerItemDescription><SoldByWeight/><Quantity>150.00</Quantity><UnitOfMeasure>גרם     </UnitOfMeasure><QtyInPackage>לא ידוע</QtyInPackage><UnitOfMeasurePrice>0.0353</UnitOfMeasurePrice><AllowDiscount>1</AllowDiscount><ItemStatus>1</ItemStatus><ItemPrice>5.30</ItemPrice></item><item><PriceUpdateDate>2016-02-15 08:36:53</PriceUpdateDate><ItemCode>7290014760844</ItemCode><ItemType>1</ItemType><ItemName>יופלה דיאט אפרסק פסי</ItemName><ManufacturerName>חלב תנובה</ManufacturerName><ManufactureCountry>לא ידוע</ManufactureCountry><ManufacturerItemDescription>יופלה דיאט אפרסק פסי</ManufacturerItemDescription><SoldByWeight/><Quantity>150.00</Quantity><UnitOfMeasure>גרם     </UnitOfMeasure><QtyInPackage>לא ידוע</QtyInPackage><UnitOfMeasurePrice>0.0353</UnitOfMeasurePrice><AllowDiscount>1</AllowDiscount><ItemStatus>1</ItemStatus><ItemPrice>5.30</ItemPrice></item><item><PriceUpdateDate>2015-10-11 12:50:08</PriceUpdateDate><ItemCode>7290014761056</ItemCode><ItemType>1</ItemType><ItemName>מעדן שוקולד חלב מעול</ItemName><ManufacturerName>מעדן תנובה</ManufacturerName><ManufactureCountry>ישראל</ManufactureCountry><ManufacturerItemDescription>YOLOשוקולד חלב מעולה</ManufacturerItemDescription><SoldByWeight/><Quantity>123.00</Quantity><UnitOfMeasure>גרם     </UnitOfMeasure><QtyInPackage>לא ידוע</QtyInPackage><UnitOfMeasurePrice>0.0374</UnitOfMeasurePrice><AllowDiscount>1</AllowDiscount><ItemStatus>1</ItemStatus><ItemPrice>4.60</ItemPrice></item><item><PriceUpdateDate>2015-10-11 12:50:08</PriceUpdateDate><ItemCode>7290014761063</ItemCode><ItemType>1</ItemType><ItemName>מעדן שוקולד מריר  12</ItemName><ManufacturerName>מעדן תנובה</ManufacturerName><ManufactureCountry>ישראל</ManufactureCountry><ManufacturerItemDescription>YOLOשוקולד מריר מעולה</ManufacturerItemDescription><SoldByWeight/><Quantity>123.00</Quantity><UnitOfMeasure>גרם     </UnitOfMeasure><QtyInPackage>לא ידוע</QtyInPackage><UnitOfMeasurePrice>0.0374</UnitOfMeasurePrice><AllowDiscount>1</AllowDiscount><ItemStatus>1</ItemStatus><ItemPrice>4.60</ItemPrice></item><item><PriceUpdateDate>2015-10-11 12:50:08</PriceUpdateDate><ItemCode>7290014761070</ItemCode><ItemType>1</ItemType><ItemName>מעדן YOLO שוקולד לבן</ItemName><ManufacturerName>מעדן תנובה</ManufacturerName><ManufactureCountry>ישראל</ManufactureCountry><ManufacturerItemDescription>YOLOשוקולד לבן מעולה</ManufacturerItemDescription><SoldByWeight/><Quantity>123.00</Quantity><UnitOfMeasure>גרם     </UnitOfMeasure><QtyInPackage>לא ידוע</QtyInPackage><UnitOfMeasurePrice>0.0374</UnitOfMeasurePrice><AllowDiscount>1</AllowDiscount><ItemStatus>1</ItemStatus><ItemPrice>4.60</ItemPrice></item><item><PriceUpdateDate>2016-03-29 06:17:33</PriceUpdateDate><ItemCode>7290014761681</ItemCode><ItemType>1</ItemType><ItemName>בולגרית למריחה בטעם</ItemName><ManufacturerName>פיראוס</ManufacturerName><ManufactureCountry>ישראל</ManufactureCountry><ManufacturerItemDescription>בולגרית למריחה בטעם ציזיק</ManufacturerItemDescription><SoldByWeight/><Quantity>0.00</Quantity><UnitOfMeasure>גרם     </UnitOfMeasure><QtyInPackage>לא ידוע</QtyInPackage><UnitOfMeasurePrice>0.0000</UnitOfMeasurePrice><AllowDiscount>1</AllowDiscount><ItemStatus>1</ItemStatus><ItemPrice>13.90</ItemPrice></item><item><PriceUpdateDate>2015-11-12 14:34:27</PriceUpdateDate><ItemCode>7290014761858</ItemCode><ItemType>1</ItemType><ItemName>שטוזים וניל מוקצף בו</ItemName><ManufacturerName>חלב תנובה</ManufacturerName><ManufactureCountry>לא ידוע</ManufactureCountry><ManufacturerItemDescription>שטוזים וניל מוקצף בו</ManufacturerItemDescription><SoldByWeight/><Quantity>84.00</Quantity><UnitOfMeasure>גרם     </UnitOfMeasure><QtyInPackage>לא ידוע</QtyInPackage><UnitOfMeasurePrice>0.0333</UnitOfMeasurePrice><AllowDiscount>1</AllowDiscount><ItemStatus>1</ItemStatus><ItemPrice>2.80</ItemPrice></item><item><PriceUpdateDate>2015-11-12 14:34:27</PriceUpdateDate><ItemCode>7290014761865</ItemCode><ItemType>1</ItemType><ItemName>שטוזים תות מוקצף בוד</ItemName><ManufacturerName>חלב תנובה</ManufacturerName><ManufactureCountry>לא ידוע</ManufactureCountry><ManufacturerItemDescription>שטוזים תות מוקצף בוד</ManufacturerItemDescription><SoldByWeight/><Quantity>84.00</Quantity><UnitOfMeasure>גרם     </UnitOfMeasure><QtyInPackage>לא ידוע</QtyInPackage><UnitOfMeasurePrice>0.0333</UnitOfMeasurePrice><AllowDiscount>1</AllowDiscount><ItemStatus>1</ItemStatus><ItemPrice>2.80</ItemPrice></item><item><PriceUpdateDate>2016-02-28 12:08:50</PriceUpdateDate><ItemCode>7290014762626</ItemCode><ItemType>1</ItemType><ItemName>גבינת עמק 28%  200 ג</ItemName><ManufacturerName>גבינות תנובה</ManufacturerName><ManufactureCountry>ישראל</ManufactureCountry><ManufacturerItemDescription>גבינת עמק 28%  200 ג</ManufacturerItemDescription><SoldByWeight/><Quantity>200.00</Quantity><UnitOfMeasure>גרם     </UnitOfMeasure><QtyInPackage>לא ידוע</QtyInPackage><UnitOfMeasurePrice>0.0765</UnitOfMeasurePrice><AllowDiscount>1</AllowDiscount><ItemStatus>1</ItemStatus><ItemPrice>15.30</ItemPrice></item><item><PriceUpdateDate>2016-03-31 10:18:40</PriceUpdateDate><ItemCode>7290014762633</ItemCode><ItemType>1</ItemType><ItemName>גבינת עמק 28%  200 ג</ItemName><ManufacturerName>גבינות תנובה</ManufacturerName><ManufactureCountry>ישראל</ManufactureCountry><ManufacturerItemDescription>גבינת עמק 28%  200 ג</ManufacturerItemDescription><SoldByWeight/><Quantity>200.00</Quantity><UnitOfMeasure>גרם     </UnitOfMeasure><QtyInPackage>לא ידוע</QtyInPackage><UnitOfMeasurePrice>0.0765</UnitOfMeasurePrice><AllowDiscount>1</AllowDiscount><ItemStatus>1</ItemStatus><ItemPrice>15.30</ItemPrice></item><item><PriceUpdateDate>2016-06-03 06:55:45</PriceUpdateDate><ItemCode>7290014762756</ItemCode><ItemType>1</ItemType><ItemName>מב גבינת נפוליאון  1</ItemName><ManufacturerName>נפוליאון</ManufacturerName><ManufactureCountry>ישראל</ManufactureCountry><ManufacturerItemDescription>גבינה שמנת נפוליאון 225 ג</ManufacturerItemDescription><SoldByWeight/><Quantity>225.00</Quantity><UnitOfMeasure>גרם     </UnitOfMeasure><QtyInPackage>לא ידוע</QtyInPackage><UnitOfMeasurePrice>0.0444</UnitOfMeasurePrice><AllowDiscount>1</AllowDiscount><ItemStatus>1</ItemStatus><ItemPrice>10.00</ItemPrice></item><item><PriceUpdateDate>2016-05-30 22:04:57</PriceUpdateDate><ItemCode>7290014763098</ItemCode><ItemType>1</ItemType><ItemName>מב קרם גבינת שמנת 5%</ItemName><ManufacturerName>גבינות תנובה</ManufacturerName><ManufactureCountry>ישראל</ManufactureCountry><ManufacturerItemDescription>גבינת שמנת 200 5% גרם</ManufacturerItemDescription><SoldByWeight/><Quantity>200.00</Quantity><UnitOfMeasure>גרם     </UnitOfMeasure><QtyInPackage>לא ידוע</QtyInPackage><UnitOfMeasurePrice>0.0445</UnitOfMeasurePrice><AllowDiscount>1</AllowDiscount><ItemStatus>1</ItemStatus><ItemPrice>8.90</ItemPrice></item><item><PriceUpdateDate>2016-04-13 07:26:01</PriceUpdateDate><ItemCode>7290014789913</ItemCode><ItemType>1</ItemType><ItemName>מארז שלישיה עוגיות א</ItemName><ManufacturerName>אוראו</ManufacturerName><ManufactureCountry>ספרד</ManufactureCountry><ManufacturerItemDescription>סבון פלמוליב    שחור750מ</ManufacturerItemDescription><SoldByWeight/><Quantity>528.00</Quantity><UnitOfMeasure>גרם     </UnitOfMeasure><QtyInPackage>לא ידוע</QtyInPackage><UnitOfMeasurePrice>0.0472</UnitOfMeasurePrice><AllowDiscount>1</AllowDiscount><ItemStatus>1</ItemStatus><ItemPrice>24.90</ItemPrice></item><item><PriceUpdateDate>2016-03-01 06:55:07</PriceUpdateDate><ItemCode>7290014791077</ItemCode><ItemType>1</ItemType><ItemName>ספרינג טי ענבים 1.5</ItemName><ManufacturerName>ספרינג טי</ManufacturerName><ManufactureCountry>ישראל</ManufactureCountry><ManufacturerItemDescription>ספרינג טי ענבים 1.5</ManufacturerItemDescription><SoldByWeight/><Quantity>1500.00</Quantity><UnitOfMeasure>מ"ל</UnitOfMeasure><QtyInPackage>לא ידוע</QtyInPackage><UnitOfMeasurePrice>0.0046</UnitOfMeasurePrice><AllowDiscount>1</AllowDiscount><ItemStatus>1</ItemStatus><ItemPrice>6.90</ItemPrice></item><item><PriceUpdateDate>2016-05-30 22:04:57</PriceUpdateDate><ItemCode>7290014791565</ItemCode><ItemType>1</ItemType><ItemName>שוופס ענבים 1.5 ליטר</ItemName><ManufacturerName>שוופס</ManufacturerName><ManufactureCountry>ישראל</ManufactureCountry><ManufacturerItemDescription>שוופס ענבים 1.5 ליטר</ManufacturerItemDescription><SoldByWeight/><Quantity>1500.00</Quantity><UnitOfMeasure>מ"ל</UnitOfMeasure><QtyInPackage>לא ידוע</QtyInPackage><UnitOfMeasurePrice>0.0053</UnitOfMeasurePrice><AllowDiscount>1</AllowDiscount><ItemStatus>1</ItemStatus><ItemPrice>7.90</ItemPrice></item><item><PriceUpdateDate>2016-03-01 06:55:07</PriceUpdateDate><ItemCode>7290014791589</ItemCode><ItemType>1</ItemType><ItemName>תפוזינה לימונדה MIX</ItemName><ManufacturerName>תפוזינה</ManufacturerName><ManufactureCountry>ישראל</ManufactureCountry><ManufacturerItemDescription>תפוזינה לימונדה MIX</ManufacturerItemDescription><SoldByWeight/><Quantity>1500.00</Quantity><UnitOfMeasure>מ"ל</UnitOfMeasure><QtyInPackage>לא ידוע</QtyInPackage><UnitOfMeasurePrice>0.0050</UnitOfMeasurePrice><AllowDiscount>1</AllowDiscount><ItemStatus>1</ItemStatus><ItemPrice>7.50</ItemPrice></item><item><PriceUpdateDate>2016-05-30 22:04:57</PriceUpdateDate><ItemCode>7290014860094</ItemCode><ItemType>1</ItemType><ItemName>מקלוני אורז ללא גלוט</ItemName><ManufacturerName>לא ממותג</ManufacturerName><ManufactureCountry>ישראל</ManufactureCountry><ManufacturerItemDescription>מקלוני אורז ללא גלוט</ManufacturerItemDescription><SoldByWeight/><Quantity>454.00</Quantity><UnitOfMeasure>גרם     </UnitOfMeasure><QtyInPackage>לא ידוע</QtyInPackage><UnitOfMeasurePrice>0.0240</UnitOfMeasurePrice><AllowDiscount>1</AllowDiscount><ItemStatus>1</ItemStatus><ItemPrice>10.90</ItemPrice></item><item><PriceUpdateDate>2015-03-19 08:30:17</PriceUpdateDate><ItemCode>7290014860988</ItemCode><ItemType>1</ItemType><ItemName>שימורי קרם קוקוס 400</ItemName><ManufacturerName>לא ממותג</ManufacturerName><ManufactureCountry>ישראל</ManufactureCountry><ManufacturerItemDescription>שימורי קרם קוקוס 400</ManufacturerItemDescription><SoldByWeight/><Quantity>400.00</Quantity><UnitOfMeasure>מ"ל</UnitOfMeasure><QtyInPackage>לא ידוע</QtyInPackage><UnitOfMeasurePrice>0.0273</UnitOfMeasurePrice><AllowDiscount>1</AllowDiscount><ItemStatus>1</ItemStatus><ItemPrice>10.90</ItemPrice></item><item><PriceUpdateDate>2016-05-30 22:04:58</PriceUpdateDate><ItemCode>7290014905160</ItemCode><ItemType>1</ItemType><ItemName>מב פניני ריח יעקובי</ItemName><ManufacturerName>הפי</ManufacturerName><ManufactureCountry>ישראל</ManufactureCountry><ManufacturerItemDescription>מב פניני ריח יעקובי</ManufacturerItemDescription><SoldByWeight/><Quantity>200.00</Quantity><UnitOfMeasure>מ"ל</UnitOfMeasure><QtyInPackage>לא ידוע</QtyInPackage><UnitOfMeasurePrice>0.0495</UnitOfMeasurePrice><AllowDiscount>1</AllowDiscount><ItemStatus>1</ItemStatus><ItemPrice>9.90</ItemPrice></item><item><PriceUpdateDate>2015-11-03 08:39:07</PriceUpdateDate><ItemCode>7290014905177</ItemCode><ItemType>1</ItemType><ItemName>אסטוניש סבון נוזלי ל</ItemName><ManufacturerName>יעקבי</ManufacturerName><ManufactureCountry>ישראל</ManufactureCountry><ManufacturerItemDescription>אסטוניש סבון נוזלי ל</ManufacturerItemDescription><SoldByWeight/><Quantity>500.00</Quantity><UnitOfMeasure>מ"ל</UnitOfMeasure><QtyInPackage>לא ידוע</QtyInPackage><UnitOfMeasurePrice>0.0238</UnitOfMeasurePrice><AllowDiscount>1</AllowDiscount><ItemStatus>1</ItemStatus><ItemPrice>11.90</ItemPrice></item><item><PriceUpdateDate>2016-03-29 06:36:57</PriceUpdateDate><ItemCode>7290014905207</ItemCode><ItemType>1</ItemType><ItemName>מב W.C ג'ל לאסלה 750</ItemName><ManufacturerName>יעקבי</ManufacturerName><ManufactureCountry>ישראל</ManufactureCountry><ManufacturerItemDescription>מב W.C ג'ל לאסלה 750</ManufacturerItemDescription><SoldByWeight/><Quantity>750.00</Quantity><UnitOfMeasure>מ"ל</UnitOfMeasure><QtyInPackage>לא ידוע</QtyInPackage><UnitOfMeasurePrice>0.0105</UnitOfMeasurePrice><AllowDiscount>1</AllowDiscount><ItemStatus>1</ItemStatus><ItemPrice>7.90</ItemPrice></item><item><PriceUpdateDate>2016-05-30 22:04:58</PriceUpdateDate><ItemCode>7290014905689</ItemCode><ItemType>1</ItemType><ItemName>מב נוזל כלים הפי ירו</ItemName><ManufacturerName>יעקבי</ManufacturerName><ManufactureCountry>ישראל</ManufactureCountry><ManufacturerItemDescription>מב נוזל כלים הפי ירו</ManufacturerItemDescription><SoldByWeight/><Quantity>750.00</Quantity><UnitOfMeasure>מ"ל</UnitOfMeasure><QtyInPackage>לא ידוע</QtyInPackage><UnitOfMeasurePrice>0.0092</UnitOfMeasurePrice><AllowDiscount>1</AllowDiscount><ItemStatus>1</ItemStatus><ItemPrice>6.90</ItemPrice></item><item><PriceUpdateDate>2016-05-30 22:04:58</PriceUpdateDate><ItemCode>7290014905696</ItemCode><ItemType>1</ItemType><ItemName>מב נוזל כלים הפי צהו</ItemName><ManufacturerName>יעקבי</ManufacturerName><ManufactureCountry>ישראל</ManufactureCountry><ManufacturerItemDescription>מב נוזל כלים הפי צהו</ManufacturerItemDescription><SoldByWeight/><Quantity>750.00</Quantity><UnitOfMeasure>מ"ל</UnitOfMeasure><QtyInPackage>לא ידוע</QtyInPackage><UnitOfMeasurePrice>0.0092</UnitOfMeasurePrice><AllowDiscount>1</AllowDiscount><ItemStatus>1</ItemStatus><ItemPrice>6.90</ItemPrice></item><item><PriceUpdateDate>2015-02-19 08:37:53</PriceUpdateDate><ItemCode>7290014905955</ItemCode><ItemType>1</ItemType><ItemName>ג'ל אסלה סופר מרוכז</ItemName><ManufacturerName>יעקבי</ManufacturerName><ManufactureCountry>ישראל</ManufactureCountry><ManufacturerItemDescription>ג'ל אסלה סופר מרוכז</ManufacturerItemDescription><SoldByWeight/><Quantity>80.00</Quantity><UnitOfMeasure>גרם     </UnitOfMeasure><QtyInPackage>לא ידוע</QtyInPackage><UnitOfMeasurePrice>0.1375</UnitOfMeasurePrice><AllowDiscount>1</AllowDiscount><ItemStatus>1</ItemStatus><ItemPrice>11.00</ItemPrice></item><item><PriceUpdateDate>2015-10-20 16:58:24</PriceUpdateDate><ItemCode>7290014940086</ItemCode><ItemType>1</ItemType><ItemName>הלחמניה להמבורגר</ItemName><ManufacturerName>אנג'ל</ManufacturerName><ManufactureCountry>ישראל</ManufactureCountry><ManufacturerItemDescription>לחמניה להמבורגר 8 יח</ManufacturerItemDescription><SoldByWeight/><Quantity>600.00</Quantity><UnitOfMeasure>גרם     </UnitOfMeasure><QtyInPackage>לא ידוע</QtyInPackage><UnitOfMeasurePrice>0.0247</UnitOfMeasurePrice><AllowDiscount>1</AllowDiscount><ItemStatus>1</ItemStatus><ItemPrice>14.80</ItemPrice></item><item><PriceUpdateDate>2016-05-30 22:04:58</PriceUpdateDate><ItemCode>7290014949751</ItemCode><ItemType>1</ItemType><ItemName>מב אוטן ג'וניור- ג'ל</ItemName><ManufacturerName>אוטן</ManufacturerName><ManufactureCountry>איטליה</ManufactureCountry><ManufacturerItemDescription>לייד ספיד סטיק  טין100מ</ManufacturerItemDescription><SoldByWeight/><Quantity>100.00</Quantity><UnitOfMeasure>מ"ל</UnitOfMeasure><QtyInPackage>לא ידוע</QtyInPackage><UnitOfMeasurePrice>0.1590</UnitOfMeasurePrice><AllowDiscount>1</AllowDiscount><ItemStatus>1</ItemStatus><ItemPrice>15.90</ItemPrice></item><item><PriceUpdateDate>2016-05-02 08:05:58</PriceUpdateDate><ItemCode>7290014960145</ItemCode><ItemType>1</ItemType><ItemName>מב עוגיות אזני פיל "</ItemName><ManufacturerName>לחם יין</ManufacturerName><ManufactureCountry>ישראל</ManufactureCountry><ManufacturerItemDescription>עוגיות אזני פיל - לחם יין</ManufacturerItemDescription><SoldByWeight/><Quantity>200.00</Quantity><UnitOfMeasure>גרם     </UnitOfMeasure><QtyInPackage>לא ידוע</QtyInPackage><UnitOfMeasurePrice>0.0745</UnitOfMeasurePrice><AllowDiscount>1</AllowDiscount><ItemStatus>1</ItemStatus><ItemPrice>14.90</ItemPrice></item><item><PriceUpdateDate>2016-05-02 08:05:58</PriceUpdateDate><ItemCode>7290014960176</ItemCode><ItemType>1</ItemType><ItemName>מב עוגיות אלפחורס "ל</ItemName><ManufacturerName>לחם יין</ManufacturerName><ManufactureCountry>ישראל</ManufactureCountry><ManufacturerItemDescription>עוגיות אלפחורס - לחם יין</ManufacturerItemDescription><SoldByWeight/><Quantity>290.00</Quantity><UnitOfMeasure>גרם     </UnitOfMeasure><QtyInPackage>לא ידוע</QtyInPackage><UnitOfMeasurePrice>0.0617</UnitOfMeasurePrice><AllowDiscount>1</AllowDiscount><ItemStatus>1</ItemStatus><ItemPrice>17.90</ItemPrice></item><item><PriceUpdateDate>2014-11-03 06:38:41</PriceUpdateDate><ItemCode>7290014995048</ItemCode><ItemType>1</ItemType><ItemName>מרק שעועית 350 מ"ל</ItemName><ManufacturerName>מבושלת</ManufacturerName><ManufactureCountry>ישראל</ManufactureCountry><ManufacturerItemDescription>מרק שעועית 350 מל</ManufacturerItemDescription><SoldByWeight/><Quantity>350.00</Quantity><UnitOfMeasure>מ"ל</UnitOfMeasure><QtyInPackage>לא ידוע</QtyInPackage><UnitOfMeasurePrice>0.0283</UnitOfMeasurePrice><AllowDiscount>1</AllowDiscount><ItemStatus>1</ItemStatus><ItemPrice>9.90</ItemPrice></item><item><PriceUpdateDate>2014-11-03 06:38:41</PriceUpdateDate><ItemCode>7290014995055</ItemCode><ItemType>1</ItemType><ItemName>מרק מינסטרונה 350 מ"</ItemName><ManufacturerName>מבושלת</ManufacturerName><ManufactureCountry>ישראל</ManufactureCountry><ManufacturerItemDescription>מרק מינסטרונה 350 מל</ManufacturerItemDescription><SoldByWeight/><Quantity>350.00</Quantity><UnitOfMeasure>מ"ל</UnitOfMeasure><QtyInPackage>לא ידוע</QtyInPackage><UnitOfMeasurePrice>0.0283</UnitOfMeasurePrice><AllowDiscount>1</AllowDiscount><ItemStatus>1</ItemStatus><ItemPrice>9.90</ItemPrice></item><item><PriceUpdateDate>2016-02-05 10:25:34</PriceUpdateDate><ItemCode>7290014995321</ItemCode><ItemType>1</ItemType><ItemName>מרק אפונה 350 מ"ל</ItemName><ManufacturerName>מבושלת</ManufacturerName><ManufactureCountry>לא ידוע</ManufactureCountry><ManufacturerItemDescription>מרק אפונה 350 מ"ל</ManufacturerItemDescription><SoldByWeight/><Quantity>350.00</Quantity><UnitOfMeasure>מ"ל</UnitOfMeasure><QtyInPackage>לא ידוע</QtyInPackage><UnitOfMeasurePrice>0.0283</UnitOfMeasurePrice><AllowDiscount>1</AllowDiscount><ItemStatus>1</ItemStatus><ItemPrice>9.90</ItemPrice></item><item><PriceUpdateDate>2016-06-15 07:11:37</PriceUpdateDate><ItemCode>7290015005326</ItemCode><ItemType>1</ItemType><ItemName>אפונה קפואה 800 גרם</ItemName><ManufacturerName>"המותג"</ManufacturerName><ManufactureCountry>ישראל</ManufactureCountry><ManufacturerItemDescription>אפונה קפואה 800 גרם</ManufacturerItemDescription><SoldByWeight/><Quantity>800.00</Quantity><UnitOfMeasure>גרם     </UnitOfMeasure><QtyInPackage>לא ידוע</QtyInPackage><UnitOfMeasurePrice>0.0149</UnitOfMeasurePrice><AllowDiscount>1</AllowDiscount><ItemStatus>1</ItemStatus><ItemPrice>11.90</ItemPrice></item><item><PriceUpdateDate>2016-02-02 06:51:41</PriceUpdateDate><ItemCode>7290015005333</ItemCode><ItemType>1</ItemType><ItemName>אפונה וגזר קפואים 80</ItemName><ManufacturerName>"המותג"</ManufacturerName><ManufactureCountry>ישראל</ManufactureCountry><ManufacturerItemDescription>אפונה וגזר קפואים 80</ManufacturerItemDescription><SoldByWeight/><Quantity>800.00</Quantity><UnitOfMeasure>גרם     </UnitOfMeasure><QtyInPackage>לא ידוע</QtyInPackage><UnitOfMeasurePrice>0.0136</UnitOfMeasurePrice><AllowDiscount>1</AllowDiscount><ItemStatus>1</ItemStatus><ItemPrice>10.90</ItemPrice></item><item><PriceUpdateDate>2015-10-21 09:32:33</PriceUpdateDate><ItemCode>7290015005357</ItemCode><ItemType>1</ItemType><ItemName>תחתיות ארטישוק 600 ג</ItemName><ManufacturerName>"המותג"</ManufacturerName><ManufactureCountry>ישראל</ManufactureCountry><ManufacturerItemDescription>תחתיות ארטישוק 600 ג</ManufacturerItemDescription><SoldByWeight/><Quantity>600.00</Quantity><UnitOfMeasure>גרם     </UnitOfMeasure><QtyInPackage>לא ידוע</QtyInPackage><UnitOfMeasurePrice>0.0288</UnitOfMeasurePrice><AllowDiscount>1</AllowDiscount><ItemStatus>1</ItemStatus><ItemPrice>17.30</ItemPrice></item><item><PriceUpdateDate>2016-02-02 06:51:41</PriceUpdateDate><ItemCode>7290015005388</ItemCode><ItemType>1</ItemType><ItemName>שעועית צהובה קפואה 8</ItemName><ManufacturerName>"המותג"</ManufacturerName><ManufactureCountry>ישראל</ManufactureCountry><ManufacturerItemDescription>שעועית צהובה קפואה 8</ManufacturerItemDescription><SoldByWeight/><Quantity>800.00</Quantity><UnitOfMeasure>גרם     </UnitOfMeasure><QtyInPackage>לא ידוע</QtyInPackage><UnitOfMeasurePrice>0.0136</UnitOfMeasurePrice><AllowDiscount>1</AllowDiscount><ItemStatus>1</ItemStatus><ItemPrice>10.90</ItemPrice></item><item><PriceUpdateDate>2016-02-02 06:51:41</PriceUpdateDate><ItemCode>7290015005395</ItemCode><ItemType>1</ItemType><ItemName>שעועית חתוכה קפואה 8</ItemName><ManufacturerName>"המותג"</ManufacturerName><ManufactureCountry>ישראל</ManufactureCountry><ManufacturerItemDescription>שעועית חתוכה קפואה 8</ManufacturerItemDescription><SoldByWeight/><Quantity>800.00</Quantity><UnitOfMeasure>גרם     </UnitOfMeasure><QtyInPackage>לא ידוע</QtyInPackage><UnitOfMeasurePrice>0.0136</UnitOfMeasurePrice><AllowDiscount>1</AllowDiscount><ItemStatus>1</ItemStatus><ItemPrice>10.90</ItemPrice></item><item><PriceUpdateDate>2016-06-15 07:11:37</PriceUpdateDate><ItemCode>7290015005401</ItemCode><ItemType>1</ItemType><ItemName>שעועית שלמה קפואה 80</ItemName><ManufacturerName>"המותג"</ManufacturerName><ManufactureCountry>ישראל</ManufactureCountry><ManufacturerItemDescription>שעועית שלמה קפואה 80</ManufacturerItemDescription><SoldByWeight/><Quantity>800.00</Quantity><UnitOfMeasure>גרם     </UnitOfMeasure><QtyInPackage>לא ידוע</QtyInPackage><UnitOfMeasurePrice>0.0149</UnitOfMeasurePrice><AllowDiscount>1</AllowDiscount><ItemStatus>1</ItemStatus><ItemPrice>11.90</ItemPrice></item><item><PriceUpdateDate>2015-05-06 12:14:43</PriceUpdateDate><ItemCode>7290015005425</ItemCode><ItemType>1</ItemType><ItemName>גרעיני חומוס 800 גרם</ItemName><ManufacturerName>"המותג"</ManufacturerName><ManufactureCountry>ישראל</ManufactureCountry><ManufacturerItemDescription>גרעיני חומוס 800 גרם</ManufacturerItemDescription><SoldByWeight/><Quantity>800.00</Quantity><UnitOfMeasure>גרם     </UnitOfMeasure><QtyInPackage>לא ידוע</QtyInPackage><UnitOfMeasurePrice>0.0136</UnitOfMeasurePrice><AllowDiscount>1</AllowDiscount><ItemStatus>1</ItemStatus><ItemPrice>10.90</ItemPrice></item><item><PriceUpdateDate>2015-05-06 12:14:43</PriceUpdateDate><ItemCode>7290015005432</ItemCode><ItemType>1</ItemType><ItemName>שעועית לבנה 800גרם ה</ItemName><ManufacturerName>"המותג"</ManufacturerName><ManufactureCountry>ישראל</ManufactureCountry><ManufacturerItemDescription>שעועית לבנה 800גרם ה</ManufacturerItemDescription><SoldByWeight/><Quantity>800.00</Quantity><UnitOfMeasure>גרם     </UnitOfMeasure><QtyInPackage>לא ידוע</QtyInPackage><UnitOfMeasurePrice>0.0136</UnitOfMeasurePrice><AllowDiscount>1</AllowDiscount><ItemStatus>1</ItemStatus><ItemPrice>10.90</ItemPrice></item><item><PriceUpdateDate>2015-03-02 08:52:20</PriceUpdateDate><ItemCode>7290015009102</ItemCode><ItemType>1</ItemType><ItemName>עלי טורטייה 20 ס''מ</ItemName><ManufacturerName>לא ממותג</ManufacturerName><ManufactureCountry>ישראל</ManufactureCountry><ManufacturerItemDescription>עלי טורטייה 20 ס''מ</ManufacturerItemDescription><SoldByWeight/><Quantity>360.00</Quantity><UnitOfMeasure>גרם     </UnitOfMeasure><QtyInPackage>לא ידוע</QtyInPackage><UnitOfMeasurePrice>0.0525</UnitOfMeasurePrice><AllowDiscount>1</AllowDiscount><ItemStatus>1</ItemStatus><ItemPrice>18.90</ItemPrice></item><item><PriceUpdateDate>2015-11-12 15:04:38</PriceUpdateDate><ItemCode>7290015009126</ItemCode><ItemType>1</ItemType><ItemName>עלי טורטייה קמח מלא</ItemName><ManufacturerName>לא ממותג</ManufacturerName><ManufactureCountry>ישראל</ManufactureCountry><ManufacturerItemDescription>עלי טורטייה קמח מלא</ManufacturerItemDescription><SoldByWeight/><Quantity>420.00</Quantity><UnitOfMeasure>גרם     </UnitOfMeasure><QtyInPackage>לא ידוע</QtyInPackage><UnitOfMeasurePrice>0.0426</UnitOfMeasurePrice><AllowDiscount>1</AllowDiscount><ItemStatus>1</ItemStatus><ItemPrice>17.90</ItemPrice></item><item><PriceUpdateDate>2015-11-12 14:48:52</PriceUpdateDate><ItemCode>7290015039130</ItemCode><ItemType>1</ItemType><ItemName>חמאה בלגית 200 גרם ל</ItemName><ManufacturerName>ויליפוד</ManufacturerName><ManufactureCountry>ישראל</ManufactureCountry><ManufacturerItemDescription>חמאה בלגית 200 גרם ל</ManufacturerItemDescription><SoldByWeight/><Quantity>0.00</Quantity><UnitOfMeasure>גרם     </UnitOfMeasure><QtyInPackage>לא ידוע</QtyInPackage><UnitOfMeasurePrice>0.0000</UnitOfMeasurePrice><AllowDiscount>1</AllowDiscount><ItemStatus>1</ItemStatus><ItemPrice>8.10</ItemPrice></item><item><PriceUpdateDate>2014-11-03 06:37:10</PriceUpdateDate><ItemCode>7290015039192</ItemCode><ItemType>1</ItemType><ItemName>אורז בסמטי בצנצנת 1</ItemName><ManufacturerName>לא ממותג</ManufacturerName><ManufactureCountry>ישראל</ManufactureCountry><ManufacturerItemDescription>אורז בסמטי בצנצנת 1</ManufacturerItemDescription><SoldByWeight/><Quantity>1000.00</Quantity><UnitOfMeasure>גרם     </UnitOfMeasure><QtyInPackage>לא ידוע</QtyInPackage><UnitOfMeasurePrice>0.0179</UnitOfMeasurePrice><AllowDiscount>1</AllowDiscount><ItemStatus>1</ItemStatus><ItemPrice>17.90</ItemPrice></item><item><PriceUpdateDate>2016-05-30 22:04:58</PriceUpdateDate><ItemCode>7290015039246</ItemCode><ItemType>1</ItemType><ItemName>רביעיית טונה ויליפוד</ItemName><ManufacturerName>ויליפוד</ManufacturerName><ManufactureCountry>ישראל</ManufactureCountry><ManufacturerItemDescription>רביעיית טונה ויליפוד</ManufacturerItemDescription><SoldByWeight/><Quantity>640.00</Quantity><UnitOfMeasure>גרם     </UnitOfMeasure><QtyInPackage>לא ידוע</QtyInPackage><UnitOfMeasurePrice>0.0373</UnitOfMeasurePrice><AllowDiscount>1</AllowDiscount><ItemStatus>1</ItemStatus><ItemPrice>23.90</ItemPrice></item><item><PriceUpdateDate>2016-03-29 06:17:33</PriceUpdateDate><ItemCode>7290015039475</ItemCode><ItemType>1</ItemType><ItemName>חמאה בלגית 100 גרם ל</ItemName><ManufacturerName>ויליפוד</ManufacturerName><ManufactureCountry>ישראל</ManufactureCountry><ManufacturerItemDescription>חמאה בלגית 100 גרם ל</ManufacturerItemDescription><SoldByWeight/><Quantity>0.00</Quantity><UnitOfMeasure>גרם     </UnitOfMeasure><QtyInPackage>לא ידוע</QtyInPackage><UnitOfMeasurePrice>0.0000</UnitOfMeasurePrice><AllowDiscount>1</AllowDiscount><ItemStatus>1</ItemStatus><ItemPrice>4.20</ItemPrice></item><item><PriceUpdateDate>2016-05-30 22:04:59</PriceUpdateDate><ItemCode>7290015039635</ItemCode><ItemType>1</ItemType><ItemName>מב גבינה פרמז'ן משול</ItemName><ManufacturerName>וילי פוד</ManufacturerName><ManufactureCountry>ישראל</ManufactureCountry><ManufacturerItemDescription>מב גבינה פרמז'ן משול</ManufacturerItemDescription><SoldByWeight/><Quantity>200.00</Quantity><UnitOfMeasure>גרם     </UnitOfMeasure><QtyInPackage>לא ידוע</QtyInPackage><UnitOfMeasurePrice>0.1045</UnitOfMeasurePrice><AllowDiscount>1</AllowDiscount><ItemStatus>1</ItemStatus><ItemPrice>20.90</ItemPrice></item><item><PriceUpdateDate>2015-04-15 09:42:29</PriceUpdateDate><ItemCode>7290015039642</ItemCode><ItemType>1</ItemType><ItemName>גבינת פרמזן מגורדת 9</ItemName><ManufacturerName>וילי פוד</ManufacturerName><ManufactureCountry>ישראל</ManufactureCountry><ManufacturerItemDescription>גבינת פרמזן מגורדת 9</ManufacturerItemDescription><SoldByWeight/><Quantity>1.00</Quantity><UnitOfMeasure>גרם     </UnitOfMeasure><QtyInPackage>לא ידוע</QtyInPackage><UnitOfMeasurePrice>20.9000</UnitOfMeasurePrice><AllowDiscount>1</AllowDiscount><ItemStatus>1</ItemStatus><ItemPrice>20.90</ItemPrice></item><item><PriceUpdateDate>2016-02-18 10:36:17</PriceUpdateDate><ItemCode>7290015139298</ItemCode><ItemType>1</ItemType><ItemName>וופל אגו חמאת בוטנים</ItemName><ManufacturerName>אגו</ManufacturerName><ManufactureCountry>ישראל</ManufactureCountry><ManufacturerItemDescription>וופל אגו חמאת בוטנים</ManufacturerItemDescription><SoldByWeight/><Quantity>130.00</Quantity><UnitOfMeasure>גרם     </UnitOfMeasure><QtyInPackage>לא ידוע</QtyInPackage><UnitOfMeasurePrice>0.0762</UnitOfMeasurePrice><AllowDiscount>1</AllowDiscount><ItemStatus>1</ItemStatus><ItemPrice>9.90</ItemPrice></item><item><PriceUpdateDate>2016-02-18 10:36:17</PriceUpdateDate><ItemCode>7290015139489</ItemCode><ItemType>1</ItemType><ItemName>מיקסים שוק.חלב ובוטנ</ItemName><ManufacturerName>כרמית</ManufacturerName><ManufactureCountry>ישראל</ManufactureCountry><ManufacturerItemDescription>מיקס חטיפים לבן וקורנפלקס</ManufacturerItemDescription><SoldByWeight/><Quantity>55.00</Quantity><UnitOfMeasure>גרם     </UnitOfMeasure><QtyInPackage>לא ידוע</QtyInPackage><UnitOfMeasurePrice>0.0891</UnitOfMeasurePrice><AllowDiscount>1</AllowDiscount><ItemStatus>1</ItemStatus><ItemPrice>4.90</ItemPrice></item><item><PriceUpdateDate>2016-02-18 10:36:17</PriceUpdateDate><ItemCode>7290015139502</ItemCode><ItemType>1</ItemType><ItemName>מיקסים שוקולד לבן וא</ItemName><ManufacturerName>כרמית</ManufacturerName><ManufactureCountry>ישראל</ManufactureCountry><ManufacturerItemDescription>מיקס חטיפים לבן וקורנפלקס</ManufacturerItemDescription><SoldByWeight/><Quantity>55.00</Quantity><UnitOfMeasure>גרם     </UnitOfMeasure><QtyInPackage>לא ידוע</QtyInPackage><UnitOfMeasurePrice>0.0891</UnitOfMeasurePrice><AllowDiscount>1</AllowDiscount><ItemStatus>1</ItemStatus><ItemPrice>4.90</ItemPrice></item><item><PriceUpdateDate>2016-03-29 06:17:34</PriceUpdateDate><ItemCode>7290015139724</ItemCode><ItemType>1</ItemType><ItemName>שוקולד צ'יפס מריר 60</ItemName><ManufacturerName>כרמית</ManufacturerName><ManufactureCountry>ישראל</ManufactureCountry><ManufacturerItemDescription>שוקולד צ'יפס מריר 60</ManufacturerItemDescription><SoldByWeight/><Quantity>200.00</Quantity><UnitOfMeasure>גרם     </UnitOfMeasure><QtyInPackage>לא ידוע</QtyInPackage><UnitOfMeasurePrice>0.0545</UnitOfMeasurePrice><AllowDiscount>1</AllowDiscount><ItemStatus>1</ItemStatus><ItemPrice>10.90</ItemPrice></item><item><PriceUpdateDate>2016-05-02 08:05:58</PriceUpdateDate><ItemCode>7290015139748</ItemCode><ItemType>1</ItemType><ItemName>מב מארז שלישייה שוקו</ItemName><ManufacturerName>כרמית</ManufacturerName><ManufactureCountry>ישראל</ManufactureCountry><ManufacturerItemDescription>מב מארז שלישייה שוקו</ManufacturerItemDescription><SoldByWeight/><Quantity>300.00</Quantity><UnitOfMeasure>גרם     </UnitOfMeasure><QtyInPackage>לא ידוע</QtyInPackage><UnitOfMeasurePrice>0.0363</UnitOfMeasurePrice><AllowDiscount>1</AllowDiscount><ItemStatus>1</ItemStatus><ItemPrice>10.90</ItemPrice></item><item><PriceUpdateDate>2016-05-02 08:05:58</PriceUpdateDate><ItemCode>7290015139762</ItemCode><ItemType>1</ItemType><ItemName>מב מארז שלישייה שוקו</ItemName><ManufacturerName>כרמית</ManufacturerName><ManufactureCountry>ישראל</ManufactureCountry><ManufacturerItemDescription>מב מארז שלישייה שוקו</ManufacturerItemDescription><SoldByWeight/><Quantity>300.00</Quantity><UnitOfMeasure>גרם     </UnitOfMeasure><QtyInPackage>לא ידוע</QtyInPackage><UnitOfMeasurePrice>0.0363</UnitOfMeasurePrice><AllowDiscount>1</AllowDiscount><ItemStatus>1</ItemStatus><ItemPrice>10.90</ItemPrice></item><item><PriceUpdateDate>2016-06-14 15:39:28</PriceUpdateDate><ItemCode>7290015150057</ItemCode><ItemType>1</ItemType><ItemName>ביסקוויט סנדוויץ' במ</ItemName><ManufacturerName>Biscuit</ManufacturerName><ManufactureCountry>ישראל</ManufactureCountry><ManufacturerItemDescription>ביסקוויט סנדוויץ' במ</ManufacturerItemDescription><SoldByWeight/><Quantity>240.00</Quantity><UnitOfMeasure>גרם     </UnitOfMeasure><QtyInPackage>לא ידוע</QtyInPackage><UnitOfMeasurePrice>0.0329</UnitOfMeasurePrice><AllowDiscount>1</AllowDiscount><ItemStatus>1</ItemStatus><ItemPrice>7.90</ItemPrice></item><item><PriceUpdateDate>2016-06-14 15:39:28</PriceUpdateDate><ItemCode>7290015150064</ItemCode><ItemType>1</ItemType><ItemName>ביסקוויט סנדוויץ' במ</ItemName><ManufacturerName>Biscuit</ManufacturerName><ManufactureCountry>ישראל</ManufactureCountry><ManufacturerItemDescription>ביסקוויט סנדוויץ' במ</ManufacturerItemDescription><SoldByWeight/><Quantity>240.00</Quantity><UnitOfMeasure>גרם     </UnitOfMeasure><QtyInPackage>לא ידוע</QtyInPackage><UnitOfMeasurePrice>0.0329</UnitOfMeasurePrice><AllowDiscount>1</AllowDiscount><ItemStatus>1</ItemStatus><ItemPrice>7.90</ItemPrice></item><item><PriceUpdateDate>2016-06-14 15:39:28</PriceUpdateDate><ItemCode>7290015150071</ItemCode><ItemType>1</ItemType><ItemName>סופר או'ז סנדויץ' ונ</ItemName><ManufacturerName>לא ממותג</ManufacturerName><ManufactureCountry>ישראל</ManufactureCountry><ManufacturerItemDescription>סופר או'ז סנדויץ' ונ</ManufacturerItemDescription><SoldByWeight/><Quantity>165.00</Quantity><UnitOfMeasure>גרם     </UnitOfMeasure><QtyInPackage>לא ידוע</QtyInPackage><UnitOfMeasurePrice>0.0479</UnitOfMeasurePrice><AllowDiscount>1</AllowDiscount><ItemStatus>1</ItemStatus><ItemPrice>7.90</ItemPrice></item><item><PriceUpdateDate>2016-05-30 22:04:59</PriceUpdateDate><ItemCode>7290015150118</ItemCode><ItemType>1</ItemType><ItemName>מב עגבניות חתוכות דק</ItemName><ManufacturerName>לא ממותג</ManufacturerName><ManufactureCountry>ישראל</ManufactureCountry><ManufacturerItemDescription>מב עגבניות חתוכות דק</ManufacturerItemDescription><SoldByWeight/><Quantity>1200.00</Quantity><UnitOfMeasure>גרם     </UnitOfMeasure><QtyInPackage>לא ידוע</QtyInPackage><UnitOfMeasurePrice>0.0124</UnitOfMeasurePrice><AllowDiscount>1</AllowDiscount><ItemStatus>1</ItemStatus><ItemPrice>14.90</ItemPrice></item><item><PriceUpdateDate>2016-05-01 21:47:10</PriceUpdateDate><ItemCode>7290015150361</ItemCode><ItemType>1</ItemType><ItemName>תה ירוק נענע עם סטיב</ItemName><ManufacturerName>ויסוצקי</ManufacturerName><ManufactureCountry>ישראל</ManufactureCountry><ManufacturerItemDescription>תה ירוק נענע עם סטיב</ManufacturerItemDescription><SoldByWeight/><Quantity>38.00</Quantity><UnitOfMeasure>גרם     </UnitOfMeasure><QtyInPackage>לא ידוע</QtyInPackage><UnitOfMeasurePrice>0.6553</UnitOfMeasurePrice><AllowDiscount>1</AllowDiscount><ItemStatus>1</ItemStatus><ItemPrice>24.90</ItemPrice></item><item><PriceUpdateDate>2016-05-02 08:05:58</PriceUpdateDate><ItemCode>7290015150378</ItemCode><ItemType>1</ItemType><ItemName>מב ויסוצקי קר אפרסק</ItemName><ManufacturerName>ויסוצקי</ManufacturerName><ManufactureCountry>ישראל</ManufactureCountry><ManufacturerItemDescription>תה קר אפרסק</ManufacturerItemDescription><SoldByWeight/><Quantity>50.00</Quantity><UnitOfMeasure>גרם     </UnitOfMeasure><QtyInPackage>לא ידוע</QtyInPackage><UnitOfMeasurePrice>0.2980</UnitOfMeasurePrice><AllowDiscount>1</AllowDiscount><ItemStatus>1</ItemStatus><ItemPrice>14.90</ItemPrice></item><item><PriceUpdateDate>2016-05-02 08:05:58</PriceUpdateDate><ItemCode>7290015150392</ItemCode><ItemType>1</ItemType><ItemName>מב ויסוצקי קר לימונע</ItemName><ManufacturerName>ויסוצקי</ManufacturerName><ManufactureCountry>ישראל</ManufactureCountry><ManufacturerItemDescription>תה קר לימונענע</ManufacturerItemDescription><SoldByWeight/><Quantity>50.00</Quantity><UnitOfMeasure>גרם     </UnitOfMeasure><QtyInPackage>לא ידוע</QtyInPackage><UnitOfMeasurePrice>0.2980</UnitOfMeasurePrice><AllowDiscount>1</AllowDiscount><ItemStatus>1</ItemStatus><ItemPrice>14.90</ItemPrice></item><item><PriceUpdateDate>2016-05-30 22:04:59</PriceUpdateDate><ItemCode>7290015150606</ItemCode><ItemType>1</ItemType><ItemName>מב תה ויסוצקידס קמומ</ItemName><ManufacturerName>ויסוצקידס</ManufacturerName><ManufactureCountry>ישראל</ManufactureCountry><ManufacturerItemDescription>ויסוצקידס חליטת פטל</ManufacturerItemDescription><SoldByWeight/><Quantity>30.00</Quantity><UnitOfMeasure>גרם     </UnitOfMeasure><QtyInPackage>לא ידוע</QtyInPackage><UnitOfMeasurePrice>0.5300</UnitOfMeasurePrice><AllowDiscount>1</AllowDiscount><ItemStatus>1</ItemStatus><ItemPrice>15.90</ItemPrice></item><item><PriceUpdateDate>2015-11-05 08:58:14</PriceUpdateDate><ItemCode>7290015150637</ItemCode><ItemType>1</ItemType><ItemName>סופר או'ז סנדויץ' שו</ItemName><ManufacturerName>לא ממותג</ManufacturerName><ManufactureCountry>ישראל</ManufactureCountry><ManufacturerItemDescription>סופר או'ז סנדויץ' שו</ManufacturerItemDescription><SoldByWeight/><Quantity>165.00</Quantity><UnitOfMeasure>גרם     </UnitOfMeasure><QtyInPackage>לא ידוע</QtyInPackage><UnitOfMeasurePrice>0.0479</UnitOfMeasurePrice><AllowDiscount>1</AllowDiscount><ItemStatus>1</ItemStatus><ItemPrice>7.90</ItemPrice></item><item><PriceUpdateDate>2016-05-01 21:47:10</PriceUpdateDate><ItemCode>7290015150729</ItemCode><ItemType>1</ItemType><ItemName>תה ירוק סקיני גריני</ItemName><ManufacturerName>ויסוצקי</ManufacturerName><ManufactureCountry>ישראל</ManufactureCountry><ManufacturerItemDescription>תה ירוק נענע</ManufacturerItemDescription><SoldByWeight/><Quantity>38.00</Quantity><UnitOfMeasure>גרם     </UnitOfMeasure><QtyInPackage>לא ידוע</QtyInPackage><UnitOfMeasurePrice>0.6553</UnitOfMeasurePrice><AllowDiscount>1</AllowDiscount><ItemStatus>1</ItemStatus><ItemPrice>24.90</ItemPrice></item><item><PriceUpdateDate>2016-05-02 08:05:58</PriceUpdateDate><ItemCode>7290015150750</ItemCode><ItemType>1</ItemType><ItemName>מב ויסוצקי קר לימוני</ItemName><ManufacturerName>ויסוצקי</ManufacturerName><ManufactureCountry>ישראל</ManufactureCountry><ManufacturerItemDescription>תה קר אפרסק</ManufacturerItemDescription><SoldByWeight/><Quantity>50.00</Quantity><UnitOfMeasure>גרם     </UnitOfMeasure><QtyInPackage>לא ידוע</QtyInPackage><UnitOfMeasurePrice>0.2980</UnitOfMeasurePrice><AllowDiscount>1</AllowDiscount><ItemStatus>1</ItemStatus><ItemPrice>14.90</ItemPrice></item><item><PriceUpdateDate>2016-05-10 10:54:34</PriceUpdateDate><ItemCode>7290015193085</ItemCode><ItemType>1</ItemType><ItemName>מב פחם מעץ מהגוני 2</ItemName><ManufacturerName>לא ממותג</ManufacturerName><ManufactureCountry>ישראל</ManufactureCountry><ManufacturerItemDescription>פחם מהגוני בשקית 2 קג</ManufacturerItemDescription><SoldByWeight/><Quantity>2000.00</Quantity><UnitOfMeasure>גרם     </UnitOfMeasure><QtyInPackage>לא ידוע</QtyInPackage><UnitOfMeasurePrice>0.0060</UnitOfMeasurePrice><AllowDiscount>1</AllowDiscount><ItemStatus>1</ItemStatus><ItemPrice>11.90</ItemPrice></item><item><PriceUpdateDate>2016-02-02 06:51:42</PriceUpdateDate><ItemCode>7290015251211</ItemCode><ItemType>1</ItemType><ItemName>סבון נוזלי ורוד שליש</ItemName><ManufacturerName>"המותג"</ManufacturerName><ManufactureCountry>ישראל</ManufactureCountry><ManufacturerItemDescription>סבון נוזלי ורוד שליש</ManufacturerItemDescription><SoldByWeight/><Quantity>500.00</Quantity><UnitOfMeasure>מ"ל</UnitOfMeasure><QtyInPackage>לא ידוע</QtyInPackage><UnitOfMeasurePrice>0.0244</UnitOfMeasurePrice><AllowDiscount>1</AllowDiscount><ItemStatus>1</ItemStatus><ItemPrice>12.20</ItemPrice></item><item><PriceUpdateDate>2015-10-06 15:02:34</PriceUpdateDate><ItemCode>7290015251228</ItemCode><ItemType>1</ItemType><ItemName>נוזל לניקוי חלונות 1</ItemName><ManufacturerName>"המותג"</ManufacturerName><ManufactureCountry>ישראל</ManufactureCountry><ManufacturerItemDescription>נוזל לניקוי חלונות 1</ManufacturerItemDescription><SoldByWeight/><Quantity>1000.00</Quantity><UnitOfMeasure>מ"ל</UnitOfMeasure><QtyInPackage>לא ידוע</QtyInPackage><UnitOfMeasurePrice>0.0079</UnitOfMeasurePrice><AllowDiscount>1</AllowDiscount><ItemStatus>1</ItemStatus><ItemPrice>7.90</ItemPrice></item><item><PriceUpdateDate>2015-12-17 09:25:23</PriceUpdateDate><ItemCode>7290015282031</ItemCode><ItemType>1</ItemType><ItemName>חומוס עם חריף 300 גר</ItemName><ManufacturerName>סלטי שמיר</ManufacturerName><ManufactureCountry>ישראל</ManufactureCountry><ManufacturerItemDescription>חומוס עם חריף 300 גר</ManufacturerItemDescription><SoldByWeight/><Quantity>300.00</Quantity><UnitOfMeasure>גרם     </UnitOfMeasure><QtyInPackage>לא ידוע</QtyInPackage><UnitOfMeasurePrice>0.0330</UnitOfMeasurePrice><AllowDiscount>1</AllowDiscount><ItemStatus>1</ItemStatus><ItemPrice>9.90</ItemPrice></item><item><PriceUpdateDate>2015-12-17 09:25:23</PriceUpdateDate><ItemCode>7290015282048</ItemCode><ItemType>1</ItemType><ItemName>חומוס מזרחי 300 גרם</ItemName><ManufacturerName>סלטי שמיר</ManufacturerName><ManufactureCountry>ישראל</ManufactureCountry><ManufacturerItemDescription>חומוס מזרחי 300 גרם</ManufacturerItemDescription><SoldByWeight/><Quantity>300.00</Quantity><UnitOfMeasure>גרם     </UnitOfMeasure><QtyInPackage>לא ידוע</QtyInPackage><UnitOfMeasurePrice>0.0330</UnitOfMeasurePrice><AllowDiscount>1</AllowDiscount><ItemStatus>1</ItemStatus><ItemPrice>9.90</ItemPrice></item><item><PriceUpdateDate>2015-10-21 16:48:42</PriceUpdateDate><ItemCode>7290015282284</ItemCode><ItemType>1</ItemType><ItemName>סלט כרוב אדום 300 גר</ItemName><ManufacturerName>סלטי שמיר</ManufacturerName><ManufactureCountry>ישראל</ManufactureCountry><ManufacturerItemDescription>סלט כרוב אדום 300 גר</ManufacturerItemDescription><SoldByWeight/><Quantity>300.00</Quantity><UnitOfMeasure>גרם     </UnitOfMeasure><QtyInPackage>לא ידוע</QtyInPackage><UnitOfMeasurePrice>0.0337</UnitOfMeasurePrice><AllowDiscount>1</AllowDiscount><ItemStatus>1</ItemStatus><ItemPrice>10.10</ItemPrice></item><item><PriceUpdateDate>2015-12-17 09:25:23</PriceUpdateDate><ItemCode>7290015282291</ItemCode><ItemType>1</ItemType><ItemName>טחינה ביתית 300 גרם</ItemName><ManufacturerName>סלטי שמיר</ManufacturerName><ManufactureCountry>ישראל</ManufactureCountry><ManufacturerItemDescription>טחינה ביתית 300 גרם</ManufacturerItemDescription><SoldByWeight/><Quantity>300.00</Quantity><UnitOfMeasure>גרם     </UnitOfMeasure><QtyInPackage>לא ידוע</QtyInPackage><UnitOfMeasurePrice>0.0330</UnitOfMeasurePrice><AllowDiscount>1</AllowDiscount><ItemStatus>1</ItemStatus><ItemPrice>9.90</ItemPrice></item><item><PriceUpdateDate>2015-12-17 09:25:23</PriceUpdateDate><ItemCode>7290015282307</ItemCode><ItemType>1</ItemType><ItemName>סלט חציל במיונז 300</ItemName><ManufacturerName>סלטי שמיר</ManufacturerName><ManufactureCountry>ישראל</ManufactureCountry><ManufacturerItemDescription>סלט חציל במיונז 300</ManufacturerItemDescription><SoldByWeight/><Quantity>300.00</Quantity><UnitOfMeasure>גרם     </UnitOfMeasure><QtyInPackage>לא ידוע</QtyInPackage><UnitOfMeasurePrice>0.0330</UnitOfMeasurePrice><AllowDiscount>1</AllowDiscount><ItemStatus>1</ItemStatus><ItemPrice>9.90</ItemPrice></item><item><PriceUpdateDate>2015-12-17 09:25:23</PriceUpdateDate><ItemCode>7290015282314</ItemCode><ItemType>1</ItemType><ItemName>סלט קולסלואו אמריקאי</ItemName><ManufacturerName>סלטי שמיר</ManufacturerName><ManufactureCountry>ישראל</ManufactureCountry><ManufacturerItemDescription>סלט קולסלואו אמריקאי</ManufacturerItemDescription><SoldByWeight/><Quantity>300.00</Quantity><UnitOfMeasure>גרם     </UnitOfMeasure><QtyInPackage>לא ידוע</QtyInPackage><UnitOfMeasurePrice>0.0330</UnitOfMeasurePrice><AllowDiscount>1</AllowDiscount><ItemStatus>1</ItemStatus><ItemPrice>9.90</ItemPrice></item><item><PriceUpdateDate>2015-12-17 09:25:23</PriceUpdateDate><ItemCode>7290015282321</ItemCode><ItemType>1</ItemType><ItemName>סלט סלק 300 גרם</ItemName><ManufacturerName>סלטי שמיר</ManufacturerName><ManufactureCountry>ישראל</ManufactureCountry><ManufacturerItemDescription>סלט סלק 300 גרם</ManufacturerItemDescription><SoldByWeight/><Quantity>300.00</Quantity><UnitOfMeasure>גרם     </UnitOfMeasure><QtyInPackage>לא ידוע</QtyInPackage><UnitOfMeasurePrice>0.0330</UnitOfMeasurePrice><AllowDiscount>1</AllowDiscount><ItemStatus>1</ItemStatus><ItemPrice>9.90</ItemPrice></item><item><PriceUpdateDate>2015-12-17 09:25:23</PriceUpdateDate><ItemCode>7290015282345</ItemCode><ItemType>1</ItemType><ItemName>סלט תורכי איסטנבול 3</ItemName><ManufacturerName>סלטי שמיר</ManufacturerName><ManufactureCountry>ישראל</ManufactureCountry><ManufacturerItemDescription>סלט תורכי איסטנבול 3</ManufacturerItemDescription><SoldByWeight/><Quantity>300.00</Quantity><UnitOfMeasure>גרם     </UnitOfMeasure><QtyInPackage>לא ידוע</QtyInPackage><UnitOfMeasurePrice>0.0330</UnitOfMeasurePrice><AllowDiscount>1</AllowDiscount><ItemStatus>1</ItemStatus><ItemPrice>9.90</ItemPrice></item><item><PriceUpdateDate>2015-12-17 09:25:23</PriceUpdateDate><ItemCode>7290015282352</ItemCode><ItemType>1</ItemType><ItemName>סלט תפוחי אדמה 300 ג</ItemName><ManufacturerName>סלטי שמיר</ManufacturerName><ManufactureCountry>ישראל</ManufactureCountry><ManufacturerItemDescription>סלט תפוחי אדמה 300 ג</ManufacturerItemDescription><SoldByWeight/><Quantity>300.00</Quantity><UnitOfMeasure>גרם     </UnitOfMeasure><QtyInPackage>לא ידוע</QtyInPackage><UnitOfMeasurePrice>0.0330</UnitOfMeasurePrice><AllowDiscount>1</AllowDiscount><ItemStatus>1</ItemStatus><ItemPrice>9.90</ItemPrice></item><item><PriceUpdateDate>2015-12-17 09:25:24</PriceUpdateDate><ItemCode>7290015282420</ItemCode><ItemType>1</ItemType><ItemName>סלט חציל על האש 300</ItemName><ManufacturerName>סלטי שמיר</ManufacturerName><ManufactureCountry>ישראל</ManufactureCountry><ManufacturerItemDescription>סלט חציל על האש 300</ManufacturerItemDescription><SoldByWeight/><Quantity>300.00</Quantity><UnitOfMeasure>גרם     </UnitOfMeasure><QtyInPackage>לא ידוע</QtyInPackage><UnitOfMeasurePrice>0.0330</UnitOfMeasurePrice><AllowDiscount>1</AllowDiscount><ItemStatus>1</ItemStatus><ItemPrice>9.90</ItemPrice></item><item><PriceUpdateDate>2015-12-17 09:25:24</PriceUpdateDate><ItemCode>7290015282956</ItemCode><ItemType>1</ItemType><ItemName>חציל בטחינה 300 גרם</ItemName><ManufacturerName>סלטי שמיר</ManufacturerName><ManufactureCountry>ישראל</ManufactureCountry><ManufacturerItemDescription>חציל בטחינה 300 גרם</ManufacturerItemDescription><SoldByWeight/><Quantity>300.00</Quantity><UnitOfMeasure>גרם     </UnitOfMeasure><QtyInPackage>לא ידוע</QtyInPackage><UnitOfMeasurePrice>0.0330</UnitOfMeasurePrice><AllowDiscount>1</AllowDiscount><ItemStatus>1</ItemStatus><ItemPrice>9.90</ItemPrice></item><item><PriceUpdateDate>2015-12-17 09:25:24</PriceUpdateDate><ItemCode>7290015282970</ItemCode><ItemType>1</ItemType><ItemName>חציל רומני 300 גרם</ItemName><ManufacturerName>סלטי שמיר</ManufacturerName><ManufactureCountry>ישראל</ManufactureCountry><ManufacturerItemDescription>חציל רומני 300 גרם</ManufacturerItemDescription><SoldByWeight/><Quantity>300.00</Quantity><UnitOfMeasure>גרם     </UnitOfMeasure><QtyInPackage>לא ידוע</QtyInPackage><UnitOfMeasurePrice>0.0330</UnitOfMeasurePrice><AllowDiscount>1</AllowDiscount><ItemStatus>1</ItemStatus><ItemPrice>9.90</ItemPrice></item><item><PriceUpdateDate>2015-12-17 09:25:24</PriceUpdateDate><ItemCode>7290015282994</ItemCode><ItemType>1</ItemType><ItemName>סלט חמוצים סיני 300</ItemName><ManufacturerName>סלטי שמיר</ManufacturerName><ManufactureCountry>ישראל</ManufactureCountry><ManufacturerItemDescription>סלט חמוצים סיני 300</ManufacturerItemDescription><SoldByWeight/><Quantity>300.00</Quantity><UnitOfMeasure>גרם     </UnitOfMeasure><QtyInPackage>לא ידוע</QtyInPackage><UnitOfMeasurePrice>0.0330</UnitOfMeasurePrice><AllowDiscount>1</AllowDiscount><ItemStatus>1</ItemStatus><ItemPrice>9.90</ItemPrice></item><item><PriceUpdateDate>2015-11-12 14:47:47</PriceUpdateDate><ItemCode>7290015324007</ItemCode><ItemType>1</ItemType><ItemName>פלפל שחור גרוס 80 גר</ItemName><ManufacturerName>תבליני טעם וריח</ManufacturerName><ManufactureCountry>ישראל</ManufactureCountry><ManufacturerItemDescription>פלפל שחור גרוס 80 גר</ManufacturerItemDescription><SoldByWeight/><Quantity>80.00</Quantity><UnitOfMeasure>גרם     </UnitOfMeasure><QtyInPackage>לא ידוע</QtyInPackage><UnitOfMeasurePrice>0.1900</UnitOfMeasurePrice><AllowDiscount>1</AllowDiscount><ItemStatus>1</ItemStatus><ItemPrice>15.20</ItemPrice></item><item><PriceUpdateDate>2015-10-21 13:53:10</PriceUpdateDate><ItemCode>7290015324014</ItemCode><ItemType>1</ItemType><ItemName>פלפל שחור טחון 80 גר</ItemName><ManufacturerName>טעם וריח</ManufacturerName><ManufactureCountry>ישראל</ManufactureCountry><ManufacturerItemDescription>פלפל שחור טחון 80 גרם</ManufacturerItemDescription><SoldByWeight/><Quantity>80.00</Quantity><UnitOfMeasure>גרם     </UnitOfMeasure><QtyInPackage>לא ידוע</QtyInPackage><UnitOfMeasurePrice>0.1900</UnitOfMeasurePrice><AllowDiscount>1</AllowDiscount><ItemStatus>1</ItemStatus><ItemPrice>15.20</ItemPrice></item><item><PriceUpdateDate>2016-05-30 22:04:59</PriceUpdateDate><ItemCode>7290015324038</ItemCode><ItemType>1</ItemType><ItemName>פפריקה בשמן 80 גרם</ItemName><ManufacturerName>תבליני טעם וריח</ManufacturerName><ManufactureCountry>ישראל</ManufactureCountry><ManufacturerItemDescription>פפריקה בשמן 80 גרם</ManufacturerItemDescription><SoldByWeight/><Quantity>80.00</Quantity><UnitOfMeasure>גרם     </UnitOfMeasure><QtyInPackage>לא ידוע</QtyInPackage><UnitOfMeasurePrice>0.0988</UnitOfMeasurePrice><AllowDiscount>1</AllowDiscount><ItemStatus>1</ItemStatus><ItemPrice>7.90</ItemPrice></item><item><PriceUpdateDate>2016-05-30 22:04:59</PriceUpdateDate><ItemCode>7290015324045</ItemCode><ItemType>1</ItemType><ItemName>פפריקה חריפה 80 גרם</ItemName><ManufacturerName>תבליני טעם וריח</ManufacturerName><ManufactureCountry>ישראל</ManufactureCountry><ManufacturerItemDescription>פפריקה חריפה 80 גרם</ManufacturerItemDescription><SoldByWeight/><Quantity>80.00</Quantity><UnitOfMeasure>גרם     </UnitOfMeasure><QtyInPackage>לא ידוע</QtyInPackage><UnitOfMeasurePrice>0.0988</UnitOfMeasurePrice><AllowDiscount>1</AllowDiscount><ItemStatus>1</ItemStatus><ItemPrice>7.90</ItemPrice></item><item><PriceUpdateDate>2016-05-30 22:05:00</PriceUpdateDate><ItemCode>7290015324052</ItemCode><ItemType>1</ItemType><ItemName>פפריקה מתוקה 80 גרם</ItemName><ManufacturerName>תבליני טעם וריח</ManufacturerName><ManufactureCountry>ישראל</ManufactureCountry><ManufacturerItemDescription>פפריקה מתוקה 80 גרם</ManufacturerItemDescription><SoldByWeight/><Quantity>80.00</Quantity><UnitOfMeasure>גרם     </UnitOfMeasure><QtyInPackage>לא ידוע</QtyInPackage><UnitOfMeasurePrice>0.0988</UnitOfMeasurePrice><AllowDiscount>1</AllowDiscount><ItemStatus>1</ItemStatus><ItemPrice>7.90</ItemPrice></item><item><PriceUpdateDate>2016-05-30 22:05:00</PriceUpdateDate><ItemCode>7290015324083</ItemCode><ItemType>1</ItemType><ItemName>מלח לימון 80 גרם</ItemName><ManufacturerName>תבליני טעם וריח</ManufacturerName><ManufactureCountry>ישראל</ManufactureCountry><ManufacturerItemDescription>מלח לימון 80 גרם</ManufacturerItemDescription><SoldByWeight/><Quantity>80.00</Quantity><UnitOfMeasure>גרם     </UnitOfMeasure><QtyInPackage>לא ידוע</QtyInPackage><UnitOfMeasurePrice>0.0988</UnitOfMeasurePrice><AllowDiscount>1</AllowDiscount><ItemStatus>1</ItemStatus><ItemPrice>7.90</ItemPrice></item><item><PriceUpdateDate>2015-11-12 14:47:47</PriceUpdateDate><ItemCode>7290015324090</ItemCode><ItemType>1</ItemType><ItemName>כמון מזרחי 80 גרם</ItemName><ManufacturerName>תבליני טעם וריח</ManufacturerName><ManufactureCountry>ישראל</ManufactureCountry><ManufacturerItemDescription>כמון 80 גרם</ManufacturerItemDescription><SoldByWeight/><Quantity>80.00</Quantity><UnitOfMeasure>גרם     </UnitOfMeasure><QtyInPackage>לא ידוע</QtyInPackage><UnitOfMeasurePrice>0.0950</UnitOfMeasurePrice><AllowDiscount>1</AllowDiscount><ItemStatus>1</ItemStatus><ItemPrice>7.60</ItemPrice></item><item><PriceUpdateDate>2015-11-12 14:47:47</PriceUpdateDate><ItemCode>7290015324106</ItemCode><ItemType>1</ItemType><ItemName>כורכום 80 גרם</ItemName><ManufacturerName>תבליני טעם וריח</ManufacturerName><ManufactureCountry>ישראל</ManufactureCountry><ManufacturerItemDescription>כורכום 80 גרם</ManufacturerItemDescription><SoldByWeight/><Quantity>80.00</Quantity><UnitOfMeasure>גרם     </UnitOfMeasure><QtyInPackage>לא ידוע</QtyInPackage><UnitOfMeasurePrice>0.1012</UnitOfMeasurePrice><AllowDiscount>1</AllowDiscount><ItemStatus>1</ItemStatus><ItemPrice>8.10</ItemPrice></item><item><PriceUpdateDate>2014-11-03 06:37:27</PriceUpdateDate><ItemCode>7290015324113</ItemCode><ItemType>1</ItemType><ItemName>בהרט 80 גרם</ItemName><ManufacturerName>טעם וריח</ManufacturerName><ManufactureCountry>ישראל</ManufactureCountry><ManufacturerItemDescription>בהרט 80 גרם</ManufacturerItemDescription><SoldByWeight/><Quantity>80.00</Quantity><UnitOfMeasure>גרם     </UnitOfMeasure><QtyInPackage>לא ידוע</QtyInPackage><UnitOfMeasurePrice>0.0988</UnitOfMeasurePrice><AllowDiscount>1</AllowDiscount><ItemStatus>1</ItemStatus><ItemPrice>7.90</ItemPrice></item><item><PriceUpdateDate>2015-11-12 14:47:39</PriceUpdateDate><ItemCode>7290015324120</ItemCode><ItemType>1</ItemType><ItemName>אבקת שום 80 גרם</ItemName><ManufacturerName>טעם וריח</ManufacturerName><ManufactureCountry>ישראל</ManufactureCountry><ManufacturerItemDescription>אבקת שום 80 גרם</ManufacturerItemDescription><SoldByWeight/><Quantity>80.00</Quantity><UnitOfMeasure>גרם     </UnitOfMeasure><QtyInPackage>לא ידוע</QtyInPackage><UnitOfMeasurePrice>0.1063</UnitOfMeasurePrice><AllowDiscount>1</AllowDiscount><ItemStatus>1</ItemStatus><ItemPrice>8.50</ItemPrice></item><item><PriceUpdateDate>2014-11-03 06:37:27</PriceUpdateDate><ItemCode>7290015324151</ItemCode><ItemType>1</ItemType><ItemName>חוויגי למרק 80 גרם</ItemName><ManufacturerName>טעם וריח</ManufacturerName><ManufactureCountry>ישראל</ManufactureCountry><ManufacturerItemDescription>חוויאג למרק 80 גרם</ManufacturerItemDescription><SoldByWeight/><Quantity>80.00</Quantity><UnitOfMeasure>גרם     </UnitOfMeasure><QtyInPackage>לא ידוע</QtyInPackage><UnitOfMeasurePrice>0.1038</UnitOfMeasurePrice><AllowDiscount>1</AllowDiscount><ItemStatus>1</ItemStatus><ItemPrice>8.30</ItemPrice></item><item><PriceUpdateDate>2016-05-30 22:05:00</PriceUpdateDate><ItemCode>7290015324168</ItemCode><ItemType>1</ItemType><ItemName>על האש ללא מונוסודיו</ItemName><ManufacturerName>תבליני טעם וריח</ManufacturerName><ManufactureCountry>ישראל</ManufactureCountry><ManufacturerItemDescription>על האש ללא מונוסודיום 80</ManufacturerItemDescription><SoldByWeight/><Quantity>80.00</Quantity><UnitOfMeasure>גרם     </UnitOfMeasure><QtyInPackage>לא ידוע</QtyInPackage><UnitOfMeasurePrice>0.0988</UnitOfMeasurePrice><AllowDiscount>1</AllowDiscount><ItemStatus>1</ItemStatus><ItemPrice>7.90</ItemPrice></item><item><PriceUpdateDate>2015-11-12 14:47:23</PriceUpdateDate><ItemCode>7290015324212</ItemCode><ItemType>1</ItemType><ItemName>מרינדת עוף שום עשבי</ItemName><ManufacturerName>טעם וריח</ManufacturerName><ManufactureCountry>ישראל</ManufactureCountry><ManufacturerItemDescription>מרינדת עוף שום עשבי</ManufacturerItemDescription><SoldByWeight/><Quantity>25.00</Quantity><UnitOfMeasure>גרם     </UnitOfMeasure><QtyInPackage>לא ידוע</QtyInPackage><UnitOfMeasurePrice>0.2440</UnitOfMeasurePrice><AllowDiscount>1</AllowDiscount><ItemStatus>1</ItemStatus><ItemPrice>6.10</ItemPrice></item><item><PriceUpdateDate>2016-03-11 10:28:38</PriceUpdateDate><ItemCode>7290015324229</ItemCode><ItemType>1</ItemType><ItemName>פפפריקה מתוקה שקית 2</ItemName><ManufacturerName>טעם וריח</ManufacturerName><ManufactureCountry>לא ידוע</ManufactureCountry><ManufacturerItemDescription>פפפריקה מתוקה שקית 2</ManufacturerItemDescription><SoldByWeight/><Quantity>250.00</Quantity><UnitOfMeasure>גרם     </UnitOfMeasure><QtyInPackage>לא ידוע</QtyInPackage><UnitOfMeasurePrice>0.0556</UnitOfMeasurePrice><AllowDiscount>1</AllowDiscount><ItemStatus>1</ItemStatus><ItemPrice>13.90</ItemPrice></item><item><PriceUpdateDate>2016-03-11 10:28:38</PriceUpdateDate><ItemCode>7290015324236</ItemCode><ItemType>1</ItemType><ItemName>כמון  שקית 250 גרם</ItemName><ManufacturerName>טעם וריח</ManufacturerName><ManufactureCountry>לא ידוע</ManufactureCountry><ManufacturerItemDescription>כמון  שקית 250 גרם</ManufacturerItemDescription><SoldByWeight/><Quantity>250.00</Quantity><UnitOfMeasure>גרם     </UnitOfMeasure><QtyInPackage>לא ידוע</QtyInPackage><UnitOfMeasurePrice>0.0556</UnitOfMeasurePrice><AllowDiscount>1</AllowDiscount><ItemStatus>1</ItemStatus><ItemPrice>13.90</ItemPrice></item><item><PriceUpdateDate>2016-03-11 10:28:38</PriceUpdateDate><ItemCode>7290015324250</ItemCode><ItemType>1</ItemType><ItemName>פפריקה מרוקאית שקית</ItemName><ManufacturerName>טעם וריח</ManufacturerName><ManufactureCountry>לא ידוע</ManufactureCountry><ManufacturerItemDescription>פפריקה מרוקאית שקית</ManufacturerItemDescription><SoldByWeight/><Quantity>250.00</Quantity><UnitOfMeasure>גרם     </UnitOfMeasure><QtyInPackage>לא ידוע</QtyInPackage><UnitOfMeasurePrice>0.0556</UnitOfMeasurePrice><AllowDiscount>1</AllowDiscount><ItemStatus>1</ItemStatus><ItemPrice>13.90</ItemPrice></item><item><PriceUpdateDate>2015-10-21 13:53:42</PriceUpdateDate><ItemCode>7290015347464</ItemCode><ItemType>1</ItemType><ItemName>קינואה מעורבת  400 ג</ItemName><ManufacturerName>מיה</ManufacturerName><ManufactureCountry>לא ידוע</ManufactureCountry><ManufacturerItemDescription>קינואה מעורבת  400 ג</ManufacturerItemDescription><SoldByWeight/><Quantity>400.00</Quantity><UnitOfMeasure>גרם     </UnitOfMeasure><QtyInPackage>לא ידוע</QtyInPackage><UnitOfMeasurePrice>0.0497</UnitOfMeasurePrice><AllowDiscount>1</AllowDiscount><ItemStatus>1</ItemStatus><ItemPrice>19.90</ItemPrice></item><item><PriceUpdateDate>2016-05-30 22:05:00</PriceUpdateDate><ItemCode>7290015353663</ItemCode><ItemType>1</ItemType><ItemName>מב מיונז לחיץ היינץ</ItemName><ManufacturerName>היינץ</ManufacturerName><ManufactureCountry>לא ידוע</ManufactureCountry><ManufacturerItemDescription>מב מיונז לחיץ היינץ</ManufacturerItemDescription><SoldByWeight/><Quantity>400.00</Quantity><UnitOfMeasure>גרם     </UnitOfMeasure><QtyInPackage>לא ידוע</QtyInPackage><UnitOfMeasurePrice>0.0323</UnitOfMeasurePrice><AllowDiscount>1</AllowDiscount><ItemStatus>1</ItemStatus><ItemPrice>12.90</ItemPrice></item><item><PriceUpdateDate>2015-10-29 13:52:19</PriceUpdateDate><ItemCode>7290015355834</ItemCode><ItemType>1</ItemType><ItemName>מתבל עגבניות היינץ ח</ItemName><ManufacturerName>היינץ</ManufacturerName><ManufactureCountry>לא ידוע</ManufactureCountry><ManufacturerItemDescription>מתבל עגבניות היינץ ח</ManufacturerItemDescription><SoldByWeight/><Quantity>890.00</Quantity><UnitOfMeasure>גרם     </UnitOfMeasure><QtyInPackage>לא ידוע</QtyInPackage><UnitOfMeasurePrice>0.0224</UnitOfMeasurePrice><AllowDiscount>1</AllowDiscount><ItemStatus>1</ItemStatus><ItemPrice>19.90</ItemPrice></item><item><PriceUpdateDate>2016-05-30 22:05:00</PriceUpdateDate><ItemCode>7290015437660</ItemCode><ItemType>1</ItemType><ItemName>מב רוטב צ'ילי לחיץ מ</ItemName><ManufacturerName>תומר</ManufacturerName><ManufactureCountry>לא ידוע</ManufactureCountry><ManufacturerItemDescription>מב רוטב צ'ילי לחיץ מ</ManufacturerItemDescription><SoldByWeight/><Quantity>700.00</Quantity><UnitOfMeasure>מ"ל</UnitOfMeasure><QtyInPackage>לא ידוע</QtyInPackage><UnitOfMeasurePrice>0.0113</UnitOfMeasurePrice><AllowDiscount>1</AllowDiscount><ItemStatus>1</ItemStatus><ItemPrice>7.90</ItemPrice></item><item><PriceUpdateDate>2016-05-30 22:05:00</PriceUpdateDate><ItemCode>7290015596251</ItemCode><ItemType>1</ItemType><ItemName>אלכו-ג'ל תפוח 100 מ"</ItemName><ManufacturerName>ד"ר פישר</ManufacturerName><ManufactureCountry>לא ידוע</ManufactureCountry><ManufacturerItemDescription>אלכו-ג'ל תפוח 100 מ"</ManufacturerItemDescription><SoldByWeight/><Quantity>100.00</Quantity><UnitOfMeasure>מ"ל</UnitOfMeasure><QtyInPackage>לא ידוע</QtyInPackage><UnitOfMeasurePrice>0.1890</UnitOfMeasurePrice><AllowDiscount>1</AllowDiscount><ItemStatus>1</ItemStatus><ItemPrice>18.90</ItemPrice></item><item><PriceUpdateDate>2016-05-01 21:47:10</PriceUpdateDate><ItemCode>7290015597036</ItemCode><ItemType>1</ItemType><ItemName>מאגדת מיני מגנום טיר</ItemName><ManufacturerName>מגנום-גלידה</ManufacturerName><ManufactureCountry>ישראל</ManufactureCountry><ManufacturerItemDescription>מאגדת מיני מגנום טירמיסו</ManufacturerItemDescription><SoldByWeight/><Quantity>285.00</Quantity><UnitOfMeasure>גרם     </UnitOfMeasure><QtyInPackage>לא ידוע</QtyInPackage><UnitOfMeasurePrice>0.1049</UnitOfMeasurePrice><AllowDiscount>1</AllowDiscount><ItemStatus>1</ItemStatus><ItemPrice>29.90</ItemPrice></item><item><PriceUpdateDate>2015-11-12 16:49:10</PriceUpdateDate><ItemCode>7290015597203</ItemCode><ItemType>1</ItemType><ItemName>מאגדת ננסים סמי הכבא</ItemName><ManufacturerName>שטראוס גלידה</ManufacturerName><ManufactureCountry>לא ידוע</ManufactureCountry><ManufacturerItemDescription>מאגדת ננסים סמי הכבא</ManufacturerItemDescription><SoldByWeight/><Quantity>180.00</Quantity><UnitOfMeasure>גרם     </UnitOfMeasure><QtyInPackage>לא ידוע</QtyInPackage><UnitOfMeasurePrice>0.1694</UnitOfMeasurePrice><AllowDiscount>1</AllowDiscount><ItemStatus>1</ItemStatus><ItemPrice>30.50</ItemPrice></item><item><PriceUpdateDate>2016-03-01 06:55:08</PriceUpdateDate><ItemCode>7290015597258</ItemCode><ItemType>1</ItemType><ItemName>מב מאגדת לייט וניל ע</ItemName><ManufacturerName>שטראוס גלידה</ManufacturerName><ManufactureCountry>ישראל</ManufactureCountry><ManufacturerItemDescription>מב מאגדת לייט וניל ע</ManufacturerItemDescription><SoldByWeight/><Quantity>342.00</Quantity><UnitOfMeasure>גרם     </UnitOfMeasure><QtyInPackage>לא ידוע</QtyInPackage><UnitOfMeasurePrice>0.0582</UnitOfMeasurePrice><AllowDiscount>1</AllowDiscount><ItemStatus>1</ItemStatus><ItemPrice>19.90</ItemPrice></item><item><PriceUpdateDate>2016-02-04 08:58:41</PriceUpdateDate><ItemCode>7290015597265</ItemCode><ItemType>1</ItemType><ItemName>גלידת לוטוס 1 ליטר</ItemName><ManufacturerName>שטראוס גלידה</ManufacturerName><ManufactureCountry>לא ידוע</ManufactureCountry><ManufacturerItemDescription>גלידת לוטוס 1 ליטר</ManufacturerItemDescription><SoldByWeight/><Quantity>1000.00</Quantity><UnitOfMeasure>מ"ל</UnitOfMeasure><QtyInPackage>לא ידוע</QtyInPackage><UnitOfMeasurePrice>0.0229</UnitOfMeasurePrice><AllowDiscount>1</AllowDiscount><ItemStatus>1</ItemStatus><ItemPrice>22.90</ItemPrice></item><item><PriceUpdateDate>2016-02-04 08:58:41</PriceUpdateDate><ItemCode>7290015597272</ItemCode><ItemType>1</ItemType><ItemName>גלידת קליק 1 ליטר</ItemName><ManufacturerName>שטראוס גלידה</ManufacturerName><ManufactureCountry>לא ידוע</ManufactureCountry><ManufacturerItemDescription>גלידת קליק 1 ליטר</ManufacturerItemDescription><SoldByWeight/><Quantity>1000.00</Quantity><UnitOfMeasure>מ"ל</UnitOfMeasure><QtyInPackage>לא ידוע</QtyInPackage><UnitOfMeasurePrice>0.0229</UnitOfMeasurePrice><AllowDiscount>1</AllowDiscount><ItemStatus>1</ItemStatus><ItemPrice>22.90</ItemPrice></item><item><PriceUpdateDate>2016-04-04 08:52:00</PriceUpdateDate><ItemCode>7290015597296</ItemCode><ItemType>1</ItemType><ItemName>מב גלידת קארט דור מר</ItemName><ManufacturerName>שטראוס גלידה</ManufacturerName><ManufactureCountry>ישראל</ManufactureCountry><ManufacturerItemDescription>קארט דור היער השחור</ManufacturerItemDescription><SoldByWeight/><Quantity>520.00</Quantity><UnitOfMeasure>מ"ל</UnitOfMeasure><QtyInPackage>לא ידוע</QtyInPackage><UnitOfMeasurePrice>0.0287</UnitOfMeasurePrice><AllowDiscount>1</AllowDiscount><ItemStatus>1</ItemStatus><ItemPrice>14.90</ItemPrice></item><item><PriceUpdateDate>2016-03-01 06:43:56</PriceUpdateDate><ItemCode>7290015597326</ItemCode><ItemType>1</ItemType><ItemName>מאגדת  אייס לייט - ק</ItemName><ManufacturerName>שטראוס גלידה</ManufacturerName><ManufactureCountry>ישראל</ManufactureCountry><ManufacturerItemDescription>מאגדת  אייס לייט - ק</ManufacturerItemDescription><SoldByWeight/><Quantity>710.00</Quantity><UnitOfMeasure>גרם     </UnitOfMeasure><QtyInPackage>לא ידוע</QtyInPackage><UnitOfMeasurePrice>0.0393</UnitOfMeasurePrice><AllowDiscount>1</AllowDiscount><ItemStatus>1</ItemStatus><ItemPrice>27.90</ItemPrice></item><item><PriceUpdateDate>2016-05-01 21:47:10</PriceUpdateDate><ItemCode>7290015597333</ItemCode><ItemType>1</ItemType><ItemName>מאגדת מיני מגנום  אג</ItemName><ManufacturerName>מגנום-גלידה</ManufacturerName><ManufactureCountry>ישראל</ManufactureCountry><ManufacturerItemDescription>מאגדת מיני מגנום וניל</ManufacturerItemDescription><SoldByWeight/><Quantity>260.00</Quantity><UnitOfMeasure>גרם     </UnitOfMeasure><QtyInPackage>לא ידוע</QtyInPackage><UnitOfMeasurePrice>0.1150</UnitOfMeasurePrice><AllowDiscount>1</AllowDiscount><ItemStatus>1</ItemStatus><ItemPrice>29.90</ItemPrice></item><item><PriceUpdateDate>2016-02-04 08:58:41</PriceUpdateDate><ItemCode>7290015597432</ItemCode><ItemType>1</ItemType><ItemName>גלידת קרמבו 1 ליטר</ItemName><ManufacturerName>שטראוס גלידה</ManufacturerName><ManufactureCountry>לא ידוע</ManufactureCountry><ManufacturerItemDescription>גלידת קרמבו 1 ליטר</ManufacturerItemDescription><SoldByWeight/><Quantity>1000.00</Quantity><UnitOfMeasure>מ"ל</UnitOfMeasure><QtyInPackage>לא ידוע</QtyInPackage><UnitOfMeasurePrice>0.0229</UnitOfMeasurePrice><AllowDiscount>1</AllowDiscount><ItemStatus>1</ItemStatus><ItemPrice>22.90</ItemPrice></item><item><PriceUpdateDate>2016-05-30 22:05:01</PriceUpdateDate><ItemCode>7290015603188</ItemCode><ItemType>1</ItemType><ItemName>מב אטריות ביצים 454</ItemName><ManufacturerName>לא ממותג</ManufacturerName><ManufactureCountry>ישראל</ManufactureCountry><ManufacturerItemDescription>מב אטריות ביצים 454</ManufacturerItemDescription><SoldByWeight/><Quantity>454.00</Quantity><UnitOfMeasure>גרם     </UnitOfMeasure><QtyInPackage>לא ידוע</QtyInPackage><UnitOfMeasurePrice>0.0152</UnitOfMeasurePrice><AllowDiscount>1</AllowDiscount><ItemStatus>1</ItemStatus><ItemPrice>6.90</ItemPrice></item><item><PriceUpdateDate>2015-11-16 08:59:21</PriceUpdateDate><ItemCode>7290015603522</ItemCode><ItemType>1</ItemType><ItemName>נוזל אגוזי קוקוס 400</ItemName><ManufacturerName>לא ממותג</ManufacturerName><ManufactureCountry>ישראל</ManufactureCountry><ManufacturerItemDescription>נוזל אגוזי קוקוס 400</ManufacturerItemDescription><SoldByWeight/><Quantity>400.00</Quantity><UnitOfMeasure>מ"ל</UnitOfMeasure><QtyInPackage>לא ידוע</QtyInPackage><UnitOfMeasurePrice>0.0213</UnitOfMeasurePrice><AllowDiscount>1</AllowDiscount><ItemStatus>1</ItemStatus><ItemPrice>8.50</ItemPrice></item><item><PriceUpdateDate>2015-12-18 10:15:30</PriceUpdateDate><ItemCode>7290015603607</ItemCode><ItemType>1</ItemType><ItemName>קמח אורז ללא גלוטן 5</ItemName><ManufacturerName>לא ממותג</ManufacturerName><ManufactureCountry>לא ידוע</ManufactureCountry><ManufacturerItemDescription>קמח אורז ללא גלוטן 5</ManufacturerItemDescription><SoldByWeight/><Quantity>500.00</Quantity><UnitOfMeasure>גרם     </UnitOfMeasure><QtyInPackage>לא ידוע</QtyInPackage><UnitOfMeasurePrice>0.0258</UnitOfMeasurePrice><AllowDiscount>1</AllowDiscount><ItemStatus>1</ItemStatus><ItemPrice>12.90</ItemPrice></item><item><PriceUpdateDate>2016-03-17 09:31:30</PriceUpdateDate><ItemCode>7290015753227</ItemCode><ItemType>1</ItemType><ItemName>מגב קליק 50 (בתלייה</ItemName><ManufacturerName>לא ממותג</ManufacturerName><ManufactureCountry>ישראל</ManufactureCountry><ManufacturerItemDescription>מגב קליק 50 (בתלייה</ManufacturerItemDescription><SoldByWeight/><Quantity>1.00</Quantity><UnitOfMeasure>0</UnitOfMeasure><QtyInPackage>לא ידוע</QtyInPackage><UnitOfMeasurePrice>21.9000</UnitOfMeasurePrice><AllowDiscount>1</AllowDiscount><ItemStatus>1</ItemStatus><ItemPrice>21.90</ItemPrice></item><item><PriceUpdateDate>2016-02-16 11:14:24</PriceUpdateDate><ItemCode>7290015766005</ItemCode><ItemType>1</ItemType><ItemName>שרי וויטני 500 גרם</ItemName><ManufacturerName>ביכורי קטיף תעשיות</ManufacturerName><ManufactureCountry>לא ידוע</ManufactureCountry><ManufacturerItemDescription>שרי וויטני 500 גרם</ManufacturerItemDescription><SoldByWeight/><Quantity>500.00</Quantity><UnitOfMeasure>גרם     </UnitOfMeasure><QtyInPackage>לא ידוע</QtyInPackage><UnitOfMeasurePrice>0.0198</UnitOfMeasurePrice><AllowDiscount>1</AllowDiscount><ItemStatus>1</ItemStatus><ItemPrice>9.90</ItemPrice></item><item><PriceUpdateDate>2015-11-25 06:55:52</PriceUpdateDate><ItemCode>7290015804080</ItemCode><ItemType>1</ItemType><ItemName>רסק עגבניות 100 גרם</ItemName><ManufacturerName>לא ממותג</ManufacturerName><ManufactureCountry>לא ידוע</ManufactureCountry><ManufacturerItemDescription>רסק עגבניות 100 גרם</ManufacturerItemDescription><SoldByWeight/><Quantity>100.00</Quantity><UnitOfMeasure>גרם     </UnitOfMeasure><QtyInPackage>לא ידוע</QtyInPackage><UnitOfMeasurePrice>0.0180</UnitOfMeasurePrice><AllowDiscount>1</AllowDiscount><ItemStatus>1</ItemStatus><ItemPrice>1.80</ItemPrice></item><item><PriceUpdateDate>2016-03-01 06:43:57</PriceUpdateDate><ItemCode>7290015872737</ItemCode><ItemType>1</ItemType><ItemName>חומוס בומבה 700 גרם</ItemName><ManufacturerName>סלטי שמיר</ManufacturerName><ManufactureCountry>לא ידוע</ManufactureCountry><ManufacturerItemDescription>חומוס בומבה 700 גרם</ManufacturerItemDescription><SoldByWeight/><Quantity>700.00</Quantity><UnitOfMeasure>גרם     </UnitOfMeasure><QtyInPackage>לא ידוע</QtyInPackage><UnitOfMeasurePrice>0.0141</UnitOfMeasurePrice><AllowDiscount>1</AllowDiscount><ItemStatus>1</ItemStatus><ItemPrice>9.90</ItemPrice></item><item><PriceUpdateDate>2016-02-02 06:51:43</PriceUpdateDate><ItemCode>7290015899987</ItemCode><ItemType>1</ItemType><ItemName>מים מזוקקים 4 ליטר ה</ItemName><ManufacturerName>"המותג"</ManufacturerName><ManufactureCountry>ישראל</ManufactureCountry><ManufacturerItemDescription>מים מזוקקים 4 ליטר ה</ManufacturerItemDescription><SoldByWeight/><Quantity>4000.00</Quantity><UnitOfMeasure>מ"ל</UnitOfMeasure><QtyInPackage>לא ידוע</QtyInPackage><UnitOfMeasurePrice>0.0025</UnitOfMeasurePrice><AllowDiscount>1</AllowDiscount><ItemStatus>1</ItemStatus><ItemPrice>9.90</ItemPrice></item><item><PriceUpdateDate>2015-07-10 09:03:10</PriceUpdateDate><ItemCode>7290015941037</ItemCode><ItemType>1</ItemType><ItemName>סרדין בשמן צמחי גולד</ItemName><ManufacturerName>GOLDEN DIAMOND</ManufacturerName><ManufactureCountry>לא ידוע</ManufactureCountry><ManufacturerItemDescription>סרדין בשמן צמחי גולד</ManufacturerItemDescription><SoldByWeight/><Quantity>120.00</Quantity><UnitOfMeasure>גרם     </UnitOfMeasure><QtyInPackage>לא ידוע</QtyInPackage><UnitOfMeasurePrice>0.0533</UnitOfMeasurePrice><AllowDiscount>1</AllowDiscount><ItemStatus>1</ItemStatus><ItemPrice>6.40</ItemPrice></item><item><PriceUpdateDate>2016-03-01 06:55:08</PriceUpdateDate><ItemCode>7290016006100</ItemCode><ItemType>1</ItemType><ItemName>תפוזינה מלון נענע 1.</ItemName><ManufacturerName>תפוזינה</ManufacturerName><ManufactureCountry>ישראל</ManufactureCountry><ManufacturerItemDescription>תפוזינה מלון נענע 1.</ManufacturerItemDescription><SoldByWeight/><Quantity>1500.00</Quantity><UnitOfMeasure>מ"ל</UnitOfMeasure><QtyInPackage>לא ידוע</QtyInPackage><UnitOfMeasurePrice>0.0050</UnitOfMeasurePrice><AllowDiscount>1</AllowDiscount><ItemStatus>1</ItemStatus><ItemPrice>7.50</ItemPrice></item><item><PriceUpdateDate>2016-05-01 21:47:10</PriceUpdateDate><ItemCode>7290016006292</ItemCode><ItemType>1</ItemType><ItemName>נקטר ספרינג מנגו בננ</ItemName><ManufacturerName>ספרינג</ManufacturerName><ManufactureCountry>ישראל</ManufactureCountry><ManufacturerItemDescription>ספרינג נקטר תות בננה 1 לק</ManufacturerItemDescription><SoldByWeight/><Quantity>1000.00</Quantity><UnitOfMeasure>מ"ל</UnitOfMeasure><QtyInPackage>לא ידוע</QtyInPackage><UnitOfMeasurePrice>0.0067</UnitOfMeasurePrice><AllowDiscount>1</AllowDiscount><ItemStatus>1</ItemStatus><ItemPrice>6.70</ItemPrice></item><item><PriceUpdateDate>2016-06-09 11:42:21</PriceUpdateDate><ItemCode>7290016006322</ItemCode><ItemType>1</ItemType><ItemName>בקבוק מי עדן 1 ליטר</ItemName><ManufacturerName>לא ממותג</ManufacturerName><ManufactureCountry>לא ידוע</ManufactureCountry><ManufacturerItemDescription>בקבוק מי עדן 1 ליטר</ManufacturerItemDescription><SoldByWeight/><Quantity>1000.00</Quantity><UnitOfMeasure>מ"ל</UnitOfMeasure><QtyInPackage>לא ידוע</QtyInPackage><UnitOfMeasurePrice>0.0032</UnitOfMeasurePrice><AllowDiscount>1</AllowDiscount><ItemStatus>1</ItemStatus><ItemPrice>3.20</ItemPrice></item><item><PriceUpdateDate>2016-06-09 11:42:21</PriceUpdateDate><ItemCode>7290016006339</ItemCode><ItemType>1</ItemType><ItemName>מי עדן 1 ליטר רביעיי</ItemName><ManufacturerName>מי עדן</ManufacturerName><ManufactureCountry>לא ידוע</ManufactureCountry><ManufacturerItemDescription>מי עדן 1 ליטר רביעיי</ManufacturerItemDescription><SoldByWeight/><Quantity>1.00</Quantity><UnitOfMeasure>מארז</UnitOfMeasure><QtyInPackage>לא ידוע</QtyInPackage><UnitOfMeasurePrice>10.9000</UnitOfMeasurePrice><AllowDiscount>1</AllowDiscount><ItemStatus>1</ItemStatus><ItemPrice>10.90</ItemPrice></item><item><PriceUpdateDate>2016-05-30 22:05:02</PriceUpdateDate><ItemCode>7290016006360</ItemCode><ItemType>1</ItemType><ItemName>שוופס מוגז פירות תות</ItemName><ManufacturerName>שוופס</ManufacturerName><ManufactureCountry>ישראל</ManufactureCountry><ManufacturerItemDescription>שוופס פירות אשכולית אדומה</ManufacturerItemDescription><SoldByWeight/><Quantity>1500.00</Quantity><UnitOfMeasure>מ"ל</UnitOfMeasure><QtyInPackage>לא ידוע</QtyInPackage><UnitOfMeasurePrice>0.0053</UnitOfMeasurePrice><AllowDiscount>1</AllowDiscount><ItemStatus>1</ItemStatus><ItemPrice>7.90</ItemPrice></item><item><PriceUpdateDate>2015-12-17 09:22:59</PriceUpdateDate><ItemCode>7290016087055</ItemCode><ItemType>1</ItemType><ItemName>רסק עגבניות  100 גרם</ItemName><ManufacturerName>לא ממותג</ManufacturerName><ManufactureCountry>ישראל</ManufactureCountry><ManufacturerItemDescription>רסק עגבניות 100 22% גר</ManufacturerItemDescription><SoldByWeight/><Quantity>100.00</Quantity><UnitOfMeasure>גרם     </UnitOfMeasure><QtyInPackage>לא ידוע</QtyInPackage><UnitOfMeasurePrice>0.0190</UnitOfMeasurePrice><AllowDiscount>1</AllowDiscount><ItemStatus>1</ItemStatus><ItemPrice>1.90</ItemPrice></item><item><PriceUpdateDate>2015-12-17 09:22:59</PriceUpdateDate><ItemCode>7290016087062</ItemCode><ItemType>1</ItemType><ItemName>רסק עגבניות 260 גרם</ItemName><ManufacturerName>לא ממותג</ManufacturerName><ManufactureCountry>ישראל</ManufactureCountry><ManufacturerItemDescription>רסק עגבניות 260 22% גרם</ManufacturerItemDescription><SoldByWeight/><Quantity>260.00</Quantity><UnitOfMeasure>גרם     </UnitOfMeasure><QtyInPackage>לא ידוע</QtyInPackage><UnitOfMeasurePrice>0.0146</UnitOfMeasurePrice><AllowDiscount>1</AllowDiscount><ItemStatus>1</ItemStatus><ItemPrice>3.80</ItemPrice></item><item><PriceUpdateDate>2016-06-05 12:08:24</PriceUpdateDate><ItemCode>7290016137101</ItemCode><ItemType>1</ItemType><ItemName>בסיס מרנג מיסטר שף</ItemName><ManufacturerName>לא ממותג</ManufacturerName><ManufactureCountry>ישראל</ManufactureCountry><ManufacturerItemDescription>בסיס מרנג מיסטר שף</ManufacturerItemDescription><SoldByWeight/><Quantity>1.00</Quantity><UnitOfMeasure>בודד</UnitOfMeasure><QtyInPackage>לא ידוע</QtyInPackage><UnitOfMeasurePrice>21.9000</UnitOfMeasurePrice><AllowDiscount>1</AllowDiscount><ItemStatus>1</ItemStatus><ItemPrice>21.90</ItemPrice></item><item><PriceUpdateDate>2016-05-30 22:05:02</PriceUpdateDate><ItemCode>7290016171464</ItemCode><ItemType>1</ItemType><ItemName>מב מאגדת ג'ויה טופי</ItemName><ManufacturerName>ג'ויה</ManufacturerName><ManufactureCountry>לא ידוע</ManufactureCountry><ManufacturerItemDescription>מב מאגדת ג'ויה טופי</ManufacturerItemDescription><SoldByWeight/><Quantity>232.00</Quantity><UnitOfMeasure>גרם     </UnitOfMeasure><QtyInPackage>לא ידוע</QtyInPackage><UnitOfMeasurePrice>0.0944</UnitOfMeasurePrice><AllowDiscount>1</AllowDiscount><ItemStatus>1</ItemStatus><ItemPrice>21.90</ItemPrice></item><item><PriceUpdateDate>2016-02-10 07:53:30</PriceUpdateDate><ItemCode>7290016188356</ItemCode><ItemType>1</ItemType><ItemName>יין סלקטד קברנה סובי</ItemName><ManufacturerName>סלקטד יקבי כרמל</ManufacturerName><ManufactureCountry>ישראל</ManufactureCountry><ManufacturerItemDescription>יין סלקטד קברנה סוביניון7</ManufacturerItemDescription><SoldByWeight/><Quantity>900.00</Quantity><UnitOfMeasure>מ"ל</UnitOfMeasure><QtyInPackage>לא ידוע</QtyInPackage><UnitOfMeasurePrice>0.0332</UnitOfMeasurePrice><AllowDiscount>1</AllowDiscount><ItemStatus>1</ItemStatus><ItemPrice>29.90</ItemPrice></item><item><PriceUpdateDate>2016-05-30 22:05:03</PriceUpdateDate><ItemCode>7290016246018</ItemCode><ItemType>1</ItemType><ItemName>מב בארכה פנוקיות חלב</ItemName><ManufacturerName>בארכה</ManufacturerName><ManufactureCountry>לא ידוע</ManufactureCountry><ManufacturerItemDescription>מב בארכה פנוקיות חלב</ManufacturerItemDescription><SoldByWeight/><Quantity>200.00</Quantity><UnitOfMeasure>גרם     </UnitOfMeasure><QtyInPackage>לא ידוע</QtyInPackage><UnitOfMeasurePrice>0.0595</UnitOfMeasurePrice><AllowDiscount>1</AllowDiscount><ItemStatus>1</ItemStatus><ItemPrice>11.90</ItemPrice></item><item><PriceUpdateDate>2015-12-03 09:04:12</PriceUpdateDate><ItemCode>7290016270488</ItemCode><ItemType>1</ItemType><ItemName>תרד</ItemName><ManufacturerName>ביכורי קטיף תעשיות</ManufacturerName><ManufactureCountry>לא ידוע</ManufactureCountry><ManufacturerItemDescription>תרד</ManufacturerItemDescription><SoldByWeight/><Quantity>1.00</Quantity><UnitOfMeasure>יח</UnitOfMeasure><QtyInPackage>לא ידוע</QtyInPackage><UnitOfMeasurePrice>10.0000</UnitOfMeasurePrice><AllowDiscount>1</AllowDiscount><ItemStatus>1</ItemStatus><ItemPrice>10.00</ItemPrice></item><item><PriceUpdateDate>2016-02-18 10:36:18</PriceUpdateDate><ItemCode>7290055090597</ItemCode><ItemType>1</ItemType><ItemName>מטבעות שוקולד לבן 42</ItemName><ManufacturerName>כרמית</ManufacturerName><ManufactureCountry>ישראל</ManufactureCountry><ManufacturerItemDescription>מטבעות שוקולד לבן 42 גר ב</ManufacturerItemDescription><SoldByWeight/><Quantity>14.00</Quantity><UnitOfMeasure>גרם     </UnitOfMeasure><QtyInPackage>לא ידוע</QtyInPackage><UnitOfMeasurePrice>0.3500</UnitOfMeasurePrice><AllowDiscount>1</AllowDiscount><ItemStatus>1</ItemStatus><ItemPrice>4.90</ItemPrice></item><item><PriceUpdateDate>2016-02-18 10:36:18</PriceUpdateDate><ItemCode>7290055090801</ItemCode><ItemType>1</ItemType><ItemName>שוקולד לבן ללת"ס 85</ItemName><ManufacturerName>כרמית</ManufacturerName><ManufactureCountry>ישראל</ManufactureCountry><ManufacturerItemDescription>שוקולד לבן ללת"ס 85</ManufacturerItemDescription><SoldByWeight/><Quantity>85.00</Quantity><UnitOfMeasure>גרם     </UnitOfMeasure><QtyInPackage>לא ידוע</QtyInPackage><UnitOfMeasurePrice>0.0929</UnitOfMeasurePrice><AllowDiscount>1</AllowDiscount><ItemStatus>1</ItemStatus><ItemPrice>7.90</ItemPrice></item><item><PriceUpdateDate>2015-11-12 15:05:01</PriceUpdateDate><ItemCode>7290100240137</ItemCode><ItemType>1</ItemType><ItemName>ספריי למייבש בדין כח</ItemName><ManufacturerName>בדין</ManufacturerName><ManufactureCountry>ישראל</ManufactureCountry><ManufacturerItemDescription>ספריי למייבש בדין כח</ManufacturerItemDescription><SoldByWeight/><Quantity>1000.00</Quantity><UnitOfMeasure>מ"ל</UnitOfMeasure><QtyInPackage>לא ידוע</QtyInPackage><UnitOfMeasurePrice>0.0217</UnitOfMeasurePrice><AllowDiscount>1</AllowDiscount><ItemStatus>1</ItemStatus><ItemPrice>21.70</ItemPrice></item><item><PriceUpdateDate>2015-11-12 15:05:01</PriceUpdateDate><ItemCode>7290100240144</ItemCode><ItemType>1</ItemType><ItemName>ספריי למייבש בדין ור</ItemName><ManufacturerName>בדין</ManufacturerName><ManufactureCountry>ישראל</ManufactureCountry><ManufacturerItemDescription>ספריי למייבש בדין ור</ManufacturerItemDescription><SoldByWeight/><Quantity>1000.00</Quantity><UnitOfMeasure>מ"ל</UnitOfMeasure><QtyInPackage>לא ידוע</QtyInPackage><UnitOfMeasurePrice>0.0217</UnitOfMeasurePrice><AllowDiscount>1</AllowDiscount><ItemStatus>1</ItemStatus><ItemPrice>21.70</ItemPrice></item><item><PriceUpdateDate>2016-05-30 22:05:04</PriceUpdateDate><ItemCode>7290100240632</ItemCode><ItemType>1</ItemType><ItemName>פתית 250 גרם</ItemName><ManufacturerName>פתית</ManufacturerName><ManufactureCountry>ישראל</ManufactureCountry><ManufacturerItemDescription>פתית 250 גרם</ManufacturerItemDescription><SoldByWeight/><Quantity>250.00</Quantity><UnitOfMeasure>גרם     </UnitOfMeasure><QtyInPackage>לא ידוע</QtyInPackage><UnitOfMeasurePrice>0.0708</UnitOfMeasurePrice><AllowDiscount>1</AllowDiscount><ItemStatus>1</ItemStatus><ItemPrice>17.70</ItemPrice></item><item><PriceUpdateDate>2016-05-30 22:05:04</PriceUpdateDate><ItemCode>7290100240656</ItemCode><ItemType>1</ItemType><ItemName>פתית 300 גרם</ItemName><ManufacturerName>פתית</ManufacturerName><ManufactureCountry>ישראל</ManufactureCountry><ManufacturerItemDescription>פתית שיפון 300 גרם</ManufacturerItemDescription><SoldByWeight/><Quantity>300.00</Quantity><UnitOfMeasure>גרם     </UnitOfMeasure><QtyInPackage>לא ידוע</QtyInPackage><UnitOfMeasurePrice>0.0590</UnitOfMeasurePrice><AllowDiscount>1</AllowDiscount><ItemStatus>1</ItemStatus><ItemPrice>17.70</ItemPrice></item><item><PriceUpdateDate>2016-02-02 06:51:43</PriceUpdateDate><ItemCode>7290100242131</ItemCode><ItemType>1</ItemType><ItemName>ממרח צ'ילי 400 גרם</ItemName><ManufacturerName>הלמנס</ManufacturerName><ManufactureCountry>ישראל</ManufactureCountry><ManufacturerItemDescription>ממרח צ'ילי 400 גרם</ManufacturerItemDescription><SoldByWeight/><Quantity>400.00</Quantity><UnitOfMeasure>גרם     </UnitOfMeasure><QtyInPackage>לא ידוע</QtyInPackage><UnitOfMeasurePrice>0.0460</UnitOfMeasurePrice><AllowDiscount>1</AllowDiscount><ItemStatus>1</ItemStatus><ItemPrice>18.40</ItemPrice></item><item><PriceUpdateDate>2016-02-02 06:51:43</PriceUpdateDate><ItemCode>7290100242155</ItemCode><ItemType>1</ItemType><ItemName>ממרח שום שמן זית 400</ItemName><ManufacturerName>הלמנס</ManufacturerName><ManufactureCountry>ישראל</ManufactureCountry><ManufacturerItemDescription>ממרח שום שמן זית 400</ManufacturerItemDescription><SoldByWeight/><Quantity>400.00</Quantity><UnitOfMeasure>גרם     </UnitOfMeasure><QtyInPackage>לא ידוע</QtyInPackage><UnitOfMeasurePrice>0.0460</UnitOfMeasurePrice><AllowDiscount>1</AllowDiscount><ItemStatus>1</ItemStatus><ItemPrice>18.40</ItemPrice></item><item><PriceUpdateDate>2016-05-30 22:05:04</PriceUpdateDate><ItemCode>7290100243084</ItemCode><ItemType>1</ItemType><ItemName>מיונז הלמנס אמיתי 78</ItemName><ManufacturerName>הלמנס</ManufacturerName><ManufactureCountry>ארצות הברית</ManufactureCountry><ManufacturerItemDescription>דאו.ספיד סטיק   סטיק 50</ManufacturerItemDescription><SoldByWeight/><Quantity>789.00</Quantity><UnitOfMeasure>גרם     </UnitOfMeasure><QtyInPackage>לא ידוע</QtyInPackage><UnitOfMeasurePrice>0.0341</UnitOfMeasurePrice><AllowDiscount>1</AllowDiscount><ItemStatus>1</ItemStatus><ItemPrice>26.90</ItemPrice></item><item><PriceUpdateDate>2016-05-30 22:05:04</PriceUpdateDate><ItemCode>7290100243664</ItemCode><ItemType>1</ItemType><ItemName>מרכך כביסה בדין אקסט</ItemName><ManufacturerName>בדין</ManufacturerName><ManufactureCountry>ישראל</ManufactureCountry><ManufacturerItemDescription>מרכך כביסה בדין  960 מ"ל</ManufacturerItemDescription><SoldByWeight/><Quantity>960.00</Quantity><UnitOfMeasure>מ"ל</UnitOfMeasure><QtyInPackage>לא ידוע</QtyInPackage><UnitOfMeasurePrice>0.0176</UnitOfMeasurePrice><AllowDiscount>0</AllowDiscount><ItemStatus>1</ItemStatus><ItemPrice>16.90</ItemPrice></item><item><PriceUpdateDate>2016-05-30 22:05:04</PriceUpdateDate><ItemCode>7290100243671</ItemCode><ItemType>1</ItemType><ItemName>מרכך כביסה בדין אקסט</ItemName><ManufacturerName>בדין</ManufacturerName><ManufactureCountry>ישראל</ManufactureCountry><ManufacturerItemDescription>מרכך כביסה בדין  960 מ"ל</ManufacturerItemDescription><SoldByWeight/><Quantity>960.00</Quantity><UnitOfMeasure>מ"ל</UnitOfMeasure><QtyInPackage>לא ידוע</QtyInPackage><UnitOfMeasurePrice>0.0176</UnitOfMeasurePrice><AllowDiscount>0</AllowDiscount><ItemStatus>1</ItemStatus><ItemPrice>16.90</ItemPrice></item><item><PriceUpdateDate>2016-05-30 22:05:04</PriceUpdateDate><ItemCode>7290100243688</ItemCode><ItemType>1</ItemType><ItemName>מרכך כביסה בדין אקסט</ItemName><ManufacturerName>בדין</ManufacturerName><ManufactureCountry>ישראל</ManufactureCountry><ManufacturerItemDescription>מרכך כביסה בדין  960 מ"ל</ManufacturerItemDescription><SoldByWeight/><Quantity>960.00</Quantity><UnitOfMeasure>מ"ל</UnitOfMeasure><QtyInPackage>לא ידוע</QtyInPackage><UnitOfMeasurePrice>0.0176</UnitOfMeasurePrice><AllowDiscount>0</AllowDiscount><ItemStatus>1</ItemStatus><ItemPrice>16.90</ItemPrice></item><item><PriceUpdateDate>2014-11-03 06:37:08</PriceUpdateDate><ItemCode>7290100243800</ItemCode><ItemType>1</ItemType><ItemName>גרנולה צימוקים ושקדי</ItemName><ManufacturerName>לא ידוע</ManufacturerName><ManufactureCountry>ישראל</ManufactureCountry><ManufacturerItemDescription>גרנולה צימוקים ושקדים 400</ManufacturerItemDescription><SoldByWeight/><Quantity>400.00</Quantity><UnitOfMeasure>גרם     </UnitOfMeasure><QtyInPackage>לא ידוע</QtyInPackage><UnitOfMeasurePrice>0.0597</UnitOfMeasurePrice><AllowDiscount>1</AllowDiscount><ItemStatus>1</ItemStatus><ItemPrice>23.90</ItemPrice></item><item><PriceUpdateDate>2016-02-02 06:51:44</PriceUpdateDate><ItemCode>7290100244142</ItemCode><ItemType>1</ItemType><ItemName>תבשיל אורז מג'דרה 13</ItemName><ManufacturerName>קנור</ManufacturerName><ManufactureCountry>ישראל</ManufactureCountry><ManufacturerItemDescription>תבשיל קנור אורז מגדרה133</ManufacturerItemDescription><SoldByWeight/><Quantity>133.00</Quantity><UnitOfMeasure>גרם     </UnitOfMeasure><QtyInPackage>לא ידוע</QtyInPackage><UnitOfMeasurePrice>0.0955</UnitOfMeasurePrice><AllowDiscount>1</AllowDiscount><ItemStatus>1</ItemStatus><ItemPrice>12.70</ItemPrice></item><item><PriceUpdateDate>2016-02-02 06:51:44</PriceUpdateDate><ItemCode>7290100244586</ItemCode><ItemType>1</ItemType><ItemName>רוטב הלמנס לסלט אלף</ItemName><ManufacturerName>הלמנס</ManufacturerName><ManufactureCountry>ישראל</ManufactureCountry><ManufacturerItemDescription>רוטב הלמנס לסלט אלף</ManufacturerItemDescription><SoldByWeight/><Quantity>290.00</Quantity><UnitOfMeasure>מ"ל</UnitOfMeasure><QtyInPackage>לא ידוע</QtyInPackage><UnitOfMeasurePrice>0.0493</UnitOfMeasurePrice><AllowDiscount>1</AllowDiscount><ItemStatus>1</ItemStatus><ItemPrice>14.30</ItemPrice></item><item><PriceUpdateDate>2016-02-02 06:51:44</PriceUpdateDate><ItemCode>7290100245200</ItemCode><ItemType>1</ItemType><ItemName>מרק עשיר שעועית 98 ג</ItemName><ManufacturerName>קנור</ManufacturerName><ManufactureCountry>ישראל</ManufactureCountry><ManufacturerItemDescription>מרק עשיר שעועית 98 ג</ManufacturerItemDescription><SoldByWeight/><Quantity>98.00</Quantity><UnitOfMeasure>גרם     </UnitOfMeasure><QtyInPackage>לא ידוע</QtyInPackage><UnitOfMeasurePrice>0.1439</UnitOfMeasurePrice><AllowDiscount>1</AllowDiscount><ItemStatus>1</ItemStatus><ItemPrice>14.10</ItemPrice></item><item><PriceUpdateDate>2015-10-11 10:46:11</PriceUpdateDate><ItemCode>7290100245231</ItemCode><ItemType>1</ItemType><ItemName>מרק נמס בכוס ועוד ט.</ItemName><ManufacturerName>קנור</ManufacturerName><ManufactureCountry>ישראל</ManufactureCountry><ManufacturerItemDescription>מרק נמס בכוס ועוד ט.</ManufacturerItemDescription><SoldByWeight/><Quantity>50.00</Quantity><UnitOfMeasure>גרם     </UnitOfMeasure><QtyInPackage>לא ידוע</QtyInPackage><UnitOfMeasurePrice>0.1660</UnitOfMeasurePrice><AllowDiscount>1</AllowDiscount><ItemStatus>1</ItemStatus><ItemPrice>8.30</ItemPrice></item><item><PriceUpdateDate>2016-02-02 06:51:45</PriceUpdateDate><ItemCode>7290100247761</ItemCode><ItemType>1</ItemType><ItemName>מרק קנור עגבניות עם</ItemName><ManufacturerName>קנור</ManufacturerName><ManufactureCountry>ישראל</ManufactureCountry><ManufacturerItemDescription>מרק עגבניות עם אורז 105 ג</ManufacturerItemDescription><SoldByWeight/><Quantity>105.00</Quantity><UnitOfMeasure>גרם     </UnitOfMeasure><QtyInPackage>לא ידוע</QtyInPackage><UnitOfMeasurePrice>0.1105</UnitOfMeasurePrice><AllowDiscount>1</AllowDiscount><ItemStatus>1</ItemStatus><ItemPrice>11.60</ItemPrice></item><item><PriceUpdateDate>2016-02-02 06:51:45</PriceUpdateDate><ItemCode>7290100247785</ItemCode><ItemType>1</ItemType><ItemName>מרק קנור תירס מוקרם</ItemName><ManufacturerName>קנור</ManufacturerName><ManufactureCountry>ישראל</ManufactureCountry><ManufacturerItemDescription>מרק תירס מוקרם 83 גרם</ManufacturerItemDescription><SoldByWeight/><Quantity>79.00</Quantity><UnitOfMeasure>גרם     </UnitOfMeasure><QtyInPackage>לא ידוע</QtyInPackage><UnitOfMeasurePrice>0.1468</UnitOfMeasurePrice><AllowDiscount>1</AllowDiscount><ItemStatus>1</ItemStatus><ItemPrice>11.60</ItemPrice></item><item><PriceUpdateDate>2016-05-01 21:47:11</PriceUpdateDate><ItemCode>7290100249376</ItemCode><ItemType>1</ItemType><ItemName>מרק בצל קנור לתיבול</ItemName><ManufacturerName>קנור</ManufacturerName><ManufactureCountry>ישראל</ManufactureCountry><ManufacturerItemDescription>מרק בצל קנור לתיבול</ManufacturerItemDescription><SoldByWeight/><Quantity>400.00</Quantity><UnitOfMeasure>גרם     </UnitOfMeasure><QtyInPackage>לא ידוע</QtyInPackage><UnitOfMeasurePrice>0.0722</UnitOfMeasurePrice><AllowDiscount>1</AllowDiscount><ItemStatus>1</ItemStatus><ItemPrice>28.90</ItemPrice></item><item><PriceUpdateDate>2015-10-11 10:46:11</PriceUpdateDate><ItemCode>7290100249475</ItemCode><ItemType>1</ItemType><ItemName>זוג מרק נמס בכוס קנו</ItemName><ManufacturerName>קנור</ManufacturerName><ManufactureCountry>ישראל</ManufactureCountry><ManufacturerItemDescription>זוג מרק נמס בכוס קנו</ManufacturerItemDescription><SoldByWeight/><Quantity>45.00</Quantity><UnitOfMeasure>גרם     </UnitOfMeasure><QtyInPackage>לא ידוע</QtyInPackage><UnitOfMeasurePrice>0.1844</UnitOfMeasurePrice><AllowDiscount>1</AllowDiscount><ItemStatus>1</ItemStatus><ItemPrice>8.30</ItemPrice></item><item><PriceUpdateDate>2015-10-11 10:46:11</PriceUpdateDate><ItemCode>7290100249482</ItemCode><ItemType>1</ItemType><ItemName>זוג מרק נמס בכוס קנו</ItemName><ManufacturerName>קנור</ManufacturerName><ManufactureCountry>ישראל</ManufactureCountry><ManufacturerItemDescription>זוג מרק נמס בכוס קנו</ManufacturerItemDescription><SoldByWeight/><Quantity>50.00</Quantity><UnitOfMeasure>גרם     </UnitOfMeasure><QtyInPackage>לא ידוע</QtyInPackage><UnitOfMeasurePrice>0.1660</UnitOfMeasurePrice><AllowDiscount>1</AllowDiscount><ItemStatus>1</ItemStatus><ItemPrice>8.30</ItemPrice></item><item><PriceUpdateDate>2016-05-30 22:05:04</PriceUpdateDate><ItemCode>7290100249581</ItemCode><ItemType>1</ItemType><ItemName>מב רוטב לעוף קנור שז</ItemName><ManufacturerName>קנור</ManufacturerName><ManufactureCountry>ישראל</ManufactureCountry><ManufacturerItemDescription>מב רוטב לעוף קנור שז</ManufacturerItemDescription><SoldByWeight/><Quantity>320.00</Quantity><UnitOfMeasure>גרם     </UnitOfMeasure><QtyInPackage>לא ידוע</QtyInPackage><UnitOfMeasurePrice>0.0313</UnitOfMeasurePrice><AllowDiscount>1</AllowDiscount><ItemStatus>1</ItemStatus><ItemPrice>10.00</ItemPrice></item><item><PriceUpdateDate>2016-05-30 22:05:04</PriceUpdateDate><ItemCode>7290100249598</ItemCode><ItemType>1</ItemType><ItemName>מב רוטב לעוף קנור שו</ItemName><ManufacturerName>קנור</ManufacturerName><ManufactureCountry>ישראל</ManufactureCountry><ManufacturerItemDescription>מב רוטב לעוף קנור שו</ManufacturerItemDescription><SoldByWeight/><Quantity>320.00</Quantity><UnitOfMeasure>גרם     </UnitOfMeasure><QtyInPackage>לא ידוע</QtyInPackage><UnitOfMeasurePrice>0.0313</UnitOfMeasurePrice><AllowDiscount>1</AllowDiscount><ItemStatus>1</ItemStatus><ItemPrice>10.00</ItemPrice></item><item><PriceUpdateDate>2016-05-30 22:05:05</PriceUpdateDate><ItemCode>7290100249932</ItemCode><ItemType>1</ItemType><ItemName>דליפקאן בד"צ 400 גרם</ItemName><ManufacturerName>תלמה</ManufacturerName><ManufactureCountry>ישראל</ManufactureCountry><ManufacturerItemDescription>דליפקאן 400 גר בדץ</ManufacturerItemDescription><SoldByWeight/><Quantity>400.00</Quantity><UnitOfMeasure>גרם     </UnitOfMeasure><QtyInPackage>לא ידוע</QtyInPackage><UnitOfMeasurePrice>0.0497</UnitOfMeasurePrice><AllowDiscount>1</AllowDiscount><ItemStatus>1</ItemStatus><ItemPrice>19.90</ItemPrice></item><item><PriceUpdateDate>2016-05-30 22:05:05</PriceUpdateDate><ItemCode>7290100653586</ItemCode><ItemType>1</ItemType><ItemName>דאו' ג'ל ליידי ספיד</ItemName><ManufacturerName>ליידי ספיד סטיק</ManufacturerName><ManufactureCountry>ארצות הברית</ManufactureCountry><ManufacturerItemDescription>מאסט קוביה גדולהינט 90גר</ManufacturerItemDescription><SoldByWeight/><Quantity>65.00</Quantity><UnitOfMeasure>גרם     </UnitOfMeasure><QtyInPackage>לא ידוע</QtyInPackage><UnitOfMeasurePrice>0.5292</UnitOfMeasurePrice><AllowDiscount>1</AllowDiscount><ItemStatus>1</ItemStatus><ItemPrice>34.40</ItemPrice></item><item><PriceUpdateDate>2016-05-30 22:05:05</PriceUpdateDate><ItemCode>7290100653593</ItemCode><ItemType>1</ItemType><ItemName>דאו' ג'ל ליידי ספיד</ItemName><ManufacturerName>ליידי ספיד סטיק</ManufacturerName><ManufactureCountry>ישראל</ManufactureCountry><ManufacturerItemDescription>דאו' ג'ל ליידי ספיד</ManufacturerItemDescription><SoldByWeight/><Quantity>65.00</Quantity><UnitOfMeasure>גרם     </UnitOfMeasure><QtyInPackage>לא ידוע</QtyInPackage><UnitOfMeasurePrice>0.5292</UnitOfMeasurePrice><AllowDiscount>1</AllowDiscount><ItemStatus>1</ItemStatus><ItemPrice>34.40</ItemPrice></item><item><PriceUpdateDate>2016-02-02 06:51:46</PriceUpdateDate><ItemCode>7290100656532</ItemCode><ItemType>1</ItemType><ItemName>מב סבון נוזלי פלמולי</ItemName><ManufacturerName>פלמוליב</ManufacturerName><ManufactureCountry>איטליה</ManufactureCountry><ManufacturerItemDescription>פנה עתיר בסיבים 450ג</ManufacturerItemDescription><SoldByWeight/><Quantity>500.00</Quantity><UnitOfMeasure>מ"ל</UnitOfMeasure><QtyInPackage>לא ידוע</QtyInPackage><UnitOfMeasurePrice>0.0298</UnitOfMeasurePrice><AllowDiscount>1</AllowDiscount><ItemStatus>1</ItemStatus><ItemPrice>14.90</ItemPrice></item><item><PriceUpdateDate>2016-05-30 22:05:06</PriceUpdateDate><ItemCode>7290100658338</ItemCode><ItemType>1</ItemType><ItemName>נוזל כלים פלמוליב או</ItemName><ManufacturerName>פלמוליב</ManufacturerName><ManufactureCountry>יוון</ManufactureCountry><ManufacturerItemDescription>פלמוליב לכלים   ול 750מל</ManufacturerItemDescription><SoldByWeight/><Quantity>750.00</Quantity><UnitOfMeasure>מ"ל</UnitOfMeasure><QtyInPackage>לא ידוע</QtyInPackage><UnitOfMeasurePrice>0.0132</UnitOfMeasurePrice><AllowDiscount>1</AllowDiscount><ItemStatus>1</ItemStatus><ItemPrice>9.90</ItemPrice></item><item><PriceUpdateDate>2015-10-22 16:04:22</PriceUpdateDate><ItemCode>7290100659106</ItemCode><ItemType>1</ItemType><ItemName>חטיף פריי עם בוטנים</ItemName><ManufacturerName>free</ManufacturerName><ManufactureCountry>ישראל</ManufactureCountry><ManufacturerItemDescription>מאגדת חטיף בוטנים ללא סוכ</ManufacturerItemDescription><SoldByWeight/><Quantity>150.00</Quantity><UnitOfMeasure>גרם     </UnitOfMeasure><QtyInPackage>לא ידוע</QtyInPackage><UnitOfMeasurePrice>0.1287</UnitOfMeasurePrice><AllowDiscount>1</AllowDiscount><ItemStatus>1</ItemStatus><ItemPrice>19.30</ItemPrice></item><item><PriceUpdateDate>2015-10-21 16:18:26</PriceUpdateDate><ItemCode>7290100680155</ItemCode><ItemType>1</ItemType><ItemName>רוטב אלף האיים 9 ליי</ItemName><ManufacturerName>אסם</ManufacturerName><ManufactureCountry>ישראל</ManufactureCountry><ManufacturerItemDescription>רוטב אלף האיים 9 ליי</ManufacturerItemDescription><SoldByWeight/><Quantity>600.00</Quantity><UnitOfMeasure>מ"ל</UnitOfMeasure><QtyInPackage>לא ידוע</QtyInPackage><UnitOfMeasurePrice>0.0373</UnitOfMeasurePrice><AllowDiscount>1</AllowDiscount><ItemStatus>1</ItemStatus><ItemPrice>22.40</ItemPrice></item><item><PriceUpdateDate>2015-11-12 18:18:36</PriceUpdateDate><ItemCode>7290100680520</ItemCode><ItemType>1</ItemType><ItemName>ערגליות שוקו  900 גר</ItemName><ManufacturerName>אסם</ManufacturerName><ManufactureCountry>ישראל</ManufactureCountry><ManufacturerItemDescription>ערגליות שוקו  900 גר</ManufacturerItemDescription><SoldByWeight/><Quantity>900.00</Quantity><UnitOfMeasure>גרם     </UnitOfMeasure><QtyInPackage>לא ידוע</QtyInPackage><UnitOfMeasurePrice>0.0290</UnitOfMeasurePrice><AllowDiscount>1</AllowDiscount><ItemStatus>1</ItemStatus><ItemPrice>26.10</ItemPrice></item><item><PriceUpdateDate>2015-11-12 18:18:36</PriceUpdateDate><ItemCode>7290100680537</ItemCode><ItemType>1</ItemType><ItemName>ערגליות תות שדה 900</ItemName><ManufacturerName>לא ידוע</ManufacturerName><ManufactureCountry>ישראל</ManufactureCountry><ManufacturerItemDescription>ערגליות תות שדה 900</ManufacturerItemDescription><SoldByWeight/><Quantity>900.00</Quantity><UnitOfMeasure>גרם     </UnitOfMeasure><QtyInPackage>לא ידוע</QtyInPackage><UnitOfMeasurePrice>0.0290</UnitOfMeasurePrice><AllowDiscount>1</AllowDiscount><ItemStatus>1</ItemStatus><ItemPrice>26.10</ItemPrice></item><item><PriceUpdateDate>2016-05-30 22:05:06</PriceUpdateDate><ItemCode>7290100680650</ItemCode><ItemType>1</ItemType><ItemName>מנה חמה נודלס בסגנון</ItemName><ManufacturerName>אסם</ManufacturerName><ManufactureCountry>ישראל</ManufactureCountry><ManufacturerItemDescription>מנה חמה נודלס בסגנון</ManufacturerItemDescription><SoldByWeight/><Quantity>76.00</Quantity><UnitOfMeasure>גרם     </UnitOfMeasure><QtyInPackage>לא ידוע</QtyInPackage><UnitOfMeasurePrice>0.0776</UnitOfMeasurePrice><AllowDiscount>1</AllowDiscount><ItemStatus>1</ItemStatus><ItemPrice>5.90</ItemPrice></item><item><PriceUpdateDate>2016-05-30 22:05:06</PriceUpdateDate><ItemCode>7290100680667</ItemCode><ItemType>1</ItemType><ItemName>מנה חמה נודלס בסגנון</ItemName><ManufacturerName>אסם</ManufacturerName><ManufactureCountry>ישראל</ManufactureCountry><ManufacturerItemDescription>מנה חמה נודלס   'ואן76גר</ManufacturerItemDescription><SoldByWeight/><Quantity>76.00</Quantity><UnitOfMeasure>גרם     </UnitOfMeasure><QtyInPackage>לא ידוע</QtyInPackage><UnitOfMeasurePrice>0.0776</UnitOfMeasurePrice><AllowDiscount>1</AllowDiscount><ItemStatus>1</ItemStatus><ItemPrice>5.90</ItemPrice></item><item><PriceUpdateDate>2015-09-30 23:37:49</PriceUpdateDate><ItemCode>7290100680711</ItemCode><ItemType>1</ItemType><ItemName>פירורית זהב 350 גרם</ItemName><ManufacturerName>פירורית</ManufacturerName><ManufactureCountry>ישראל</ManufactureCountry><ManufacturerItemDescription>פירורית זהב 350 גרם</ManufacturerItemDescription><SoldByWeight/><Quantity>350.00</Quantity><UnitOfMeasure>גרם     </UnitOfMeasure><QtyInPackage>לא ידוע</QtyInPackage><UnitOfMeasurePrice>0.0246</UnitOfMeasurePrice><AllowDiscount>1</AllowDiscount><ItemStatus>1</ItemStatus><ItemPrice>8.60</ItemPrice></item><item><PriceUpdateDate>2015-11-12 18:18:36</PriceUpdateDate><ItemCode>7290100680728</ItemCode><ItemType>1</ItemType><ItemName>פירורית רגילה  350 ג</ItemName><ManufacturerName>פירורית</ManufacturerName><ManufactureCountry>ישראל</ManufactureCountry><ManufacturerItemDescription>פירורית רגילה  350 ג</ManufacturerItemDescription><SoldByWeight/><Quantity>350.00</Quantity><UnitOfMeasure>גרם     </UnitOfMeasure><QtyInPackage>לא ידוע</QtyInPackage><UnitOfMeasurePrice>0.0246</UnitOfMeasurePrice><AllowDiscount>1</AllowDiscount><ItemStatus>1</ItemStatus><ItemPrice>8.60</ItemPrice></item><item><PriceUpdateDate>2015-10-21 16:18:26</PriceUpdateDate><ItemCode>7290100681114</ItemCode><ItemType>1</ItemType><ItemName>רוטב סויה בסיגנון סי</ItemName><ManufacturerName>אסם</ManufacturerName><ManufactureCountry>ישראל</ManufactureCountry><ManufacturerItemDescription>רוטב סויה בסיגנון סי</ManufacturerItemDescription><SoldByWeight/><Quantity>600.00</Quantity><UnitOfMeasure>מ"ל</UnitOfMeasure><QtyInPackage>לא ידוע</QtyInPackage><UnitOfMeasurePrice>0.0373</UnitOfMeasurePrice><AllowDiscount>1</AllowDiscount><ItemStatus>1</ItemStatus><ItemPrice>22.40</ItemPrice></item><item><PriceUpdateDate>2016-05-30 22:05:06</PriceUpdateDate><ItemCode>7290100681138</ItemCode><ItemType>1</ItemType><ItemName>מארז חטיף אפרופו 3*5</ItemName><ManufacturerName>אסם</ManufacturerName><ManufactureCountry>ישראל</ManufactureCountry><ManufacturerItemDescription>מארז חטיף אפרופו 3*5</ManufacturerItemDescription><SoldByWeight/><Quantity>150.00</Quantity><UnitOfMeasure>גרם     </UnitOfMeasure><QtyInPackage>לא ידוע</QtyInPackage><UnitOfMeasurePrice>0.0947</UnitOfMeasurePrice><AllowDiscount>1</AllowDiscount><ItemStatus>1</ItemStatus><ItemPrice>14.20</ItemPrice></item><item><PriceUpdateDate>2016-05-30 22:05:06</PriceUpdateDate><ItemCode>7290100681244</ItemCode><ItemType>1</ItemType><ItemName>מב רוטב שום 290 מ"ל</ItemName><ManufacturerName>אסם</ManufacturerName><ManufactureCountry>ישראל</ManufactureCountry><ManufacturerItemDescription>מב רוטב שום 290 מ"ל</ManufacturerItemDescription><SoldByWeight/><Quantity>290.00</Quantity><UnitOfMeasure>מ"ל</UnitOfMeasure><QtyInPackage>לא ידוע</QtyInPackage><UnitOfMeasurePrice>0.0376</UnitOfMeasurePrice><AllowDiscount>1</AllowDiscount><ItemStatus>1</ItemStatus><ItemPrice>10.90</ItemPrice></item><item><PriceUpdateDate>2015-10-21 08:14:13</PriceUpdateDate><ItemCode>7290100681640</ItemCode><ItemType>1</ItemType><ItemName>לחמית בצל 230 גרם</ItemName><ManufacturerName>לא ידוע</ManufacturerName><ManufactureCountry>ישראל</ManufactureCountry><ManufacturerItemDescription>לחמית בצל 230 גר</ManufacturerItemDescription><SoldByWeight/><Quantity>230.00</Quantity><UnitOfMeasure>גרם     </UnitOfMeasure><QtyInPackage>לא ידוע</QtyInPackage><UnitOfMeasurePrice>0.0430</UnitOfMeasurePrice><AllowDiscount>1</AllowDiscount><ItemStatus>1</ItemStatus><ItemPrice>9.90</ItemPrice></item><item><PriceUpdateDate>2016-05-30 22:05:06</PriceUpdateDate><ItemCode>7290100683200</ItemCode><ItemType>1</ItemType><ItemName>רוטב ברביקיו 290 מ"ל</ItemName><ManufacturerName>אסם</ManufacturerName><ManufactureCountry>ישראל</ManufactureCountry><ManufacturerItemDescription>רוטב ברביקיו 290 מל</ManufacturerItemDescription><SoldByWeight/><Quantity>290.00</Quantity><UnitOfMeasure>מ"ל</UnitOfMeasure><QtyInPackage>לא ידוע</QtyInPackage><UnitOfMeasurePrice>0.0362</UnitOfMeasurePrice><AllowDiscount>1</AllowDiscount><ItemStatus>1</ItemStatus><ItemPrice>10.50</ItemPrice></item><item><PriceUpdateDate>2016-02-02 06:51:46</PriceUpdateDate><ItemCode>7290100683880</ItemCode><ItemType>1</ItemType><ItemName>פירה 260 גרם</ItemName><ManufacturerName>אסם</ManufacturerName><ManufactureCountry>ישראל</ManufactureCountry><ManufacturerItemDescription>תבשיל פירה 260 גרם</ManufacturerItemDescription><SoldByWeight/><Quantity>260.00</Quantity><UnitOfMeasure>גרם     </UnitOfMeasure><QtyInPackage>לא ידוע</QtyInPackage><UnitOfMeasurePrice>0.0608</UnitOfMeasurePrice><AllowDiscount>1</AllowDiscount><ItemStatus>1</ItemStatus><ItemPrice>15.80</ItemPrice></item><item><PriceUpdateDate>2014-11-03 06:37:02</PriceUpdateDate><ItemCode>7290100685068</ItemCode><ItemType>1</ItemType><ItemName>פודינג וניל עם פצפוצ</ItemName><ManufacturerName>אסם</ManufacturerName><ManufactureCountry>ישראל</ManufactureCountry><ManufacturerItemDescription>פודינג וניל עם פצפוצ</ManufacturerItemDescription><SoldByWeight/><Quantity>110.00</Quantity><UnitOfMeasure>גרם     </UnitOfMeasure><QtyInPackage>לא ידוע</QtyInPackage><UnitOfMeasurePrice>0.0718</UnitOfMeasurePrice><AllowDiscount>1</AllowDiscount><ItemStatus>1</ItemStatus><ItemPrice>7.90</ItemPrice></item><item><PriceUpdateDate>2016-03-01 06:55:08</PriceUpdateDate><ItemCode>7290100687109</ItemCode><ItemType>1</ItemType><ItemName>במבה במילוי נוגט 60</ItemName><ManufacturerName>במבה</ManufacturerName><ManufactureCountry>ישראל</ManufactureCountry><ManufacturerItemDescription>במבה במילוי נוגט 60 גרם</ManufacturerItemDescription><SoldByWeight/><Quantity>60.00</Quantity><UnitOfMeasure>גרם     </UnitOfMeasure><QtyInPackage>לא ידוע</QtyInPackage><UnitOfMeasurePrice>0.0933</UnitOfMeasurePrice><AllowDiscount>1</AllowDiscount><ItemStatus>1</ItemStatus><ItemPrice>5.60</ItemPrice></item><item><PriceUpdateDate>2016-01-05 08:49:56</PriceUpdateDate><ItemCode>7290100689035</ItemCode><ItemType>1</ItemType><ItemName>פייבר וואן 460 גרם</ItemName><ManufacturerName>נסטלה</ManufacturerName><ManufactureCountry>ארצות הברית</ManufactureCountry><ManufacturerItemDescription>ספגטי עתיר סיביםר בסיבים</ManufacturerItemDescription><SoldByWeight/><Quantity>460.00</Quantity><UnitOfMeasure>גרם     </UnitOfMeasure><QtyInPackage>לא ידוע</QtyInPackage><UnitOfMeasurePrice>0.0607</UnitOfMeasurePrice><AllowDiscount>1</AllowDiscount><ItemStatus>1</ItemStatus><ItemPrice>27.90</ItemPrice></item><item><PriceUpdateDate>2016-05-04 07:15:21</PriceUpdateDate><ItemCode>7290100689264</ItemCode><ItemType>1</ItemType><ItemName>מב האני נאט צ'יריוס</ItemName><ManufacturerName>הני נט צריוס</ManufacturerName><ManufactureCountry>ארצות הברית</ManufactureCountry><ManufacturerItemDescription>חטיף ביסקוויט   ם חלב32ג</ManufacturerItemDescription><SoldByWeight/><Quantity>615.00</Quantity><UnitOfMeasure>גרם     </UnitOfMeasure><QtyInPackage>לא ידוע</QtyInPackage><UnitOfMeasurePrice>0.0324</UnitOfMeasurePrice><AllowDiscount>1</AllowDiscount><ItemStatus>1</ItemStatus><ItemPrice>19.90</ItemPrice></item><item><PriceUpdateDate>2016-05-30 22:05:06</PriceUpdateDate><ItemCode>7290100689301</ItemCode><ItemType>1</ItemType><ItemName>מב מרק בטעם עוף זך ע</ItemName><ManufacturerName>אסם</ManufacturerName><ManufactureCountry>ישראל</ManufactureCountry><ManufacturerItemDescription>מרק טעם עוף זך עדיף 400 ג</ManufacturerItemDescription><SoldByWeight/><Quantity>400.00</Quantity><UnitOfMeasure>גרם     </UnitOfMeasure><QtyInPackage>לא ידוע</QtyInPackage><UnitOfMeasurePrice>0.0373</UnitOfMeasurePrice><AllowDiscount>0</AllowDiscount><ItemStatus>1</ItemStatus><ItemPrice>14.90</ItemPrice></item><item><PriceUpdateDate>2015-11-12 13:55:06</PriceUpdateDate><ItemCode>7290100700006</ItemCode><ItemType>1</ItemType><ItemName>חיטה סוגת 1 ק"ג</ItemName><ManufacturerName>סוגת</ManufacturerName><ManufactureCountry>ישראל</ManufactureCountry><ManufacturerItemDescription>חיטה סוגת 1 ק"ג</ManufacturerItemDescription><SoldByWeight/><Quantity>1000.00</Quantity><UnitOfMeasure>גרם     </UnitOfMeasure><QtyInPackage>לא ידוע</QtyInPackage><UnitOfMeasurePrice>0.0133</UnitOfMeasurePrice><AllowDiscount>1</AllowDiscount><ItemStatus>1</ItemStatus><ItemPrice>13.30</ItemPrice></item><item><PriceUpdateDate>2016-05-30 22:05:06</PriceUpdateDate><ItemCode>7290100700020</ItemCode><ItemType>1</ItemType><ItemName>מב גריסי פנינה 500 ג</ItemName><ManufacturerName>סוגת</ManufacturerName><ManufactureCountry>ישראל</ManufactureCountry><ManufacturerItemDescription>גריסי פנינה 500 גרם</ManufacturerItemDescription><SoldByWeight/><Quantity>500.00</Quantity><UnitOfMeasure>גרם     </UnitOfMeasure><QtyInPackage>לא ידוע</QtyInPackage><UnitOfMeasurePrice>0.0100</UnitOfMeasurePrice><AllowDiscount>1</AllowDiscount><ItemStatus>1</ItemStatus><ItemPrice>5.00</ItemPrice></item><item><PriceUpdateDate>2015-11-12 13:55:23</PriceUpdateDate><ItemCode>7290100700242</ItemCode><ItemType>1</ItemType><ItemName>אורז סוגת עגול מלא 1</ItemName><ManufacturerName>סוגת</ManufacturerName><ManufactureCountry>ישראל</ManufactureCountry><ManufacturerItemDescription>אורז סוגת עגול מלא 1</ManufacturerItemDescription><SoldByWeight/><Quantity>1000.00</Quantity><UnitOfMeasure>גרם     </UnitOfMeasure><QtyInPackage>לא ידוע</QtyInPackage><UnitOfMeasurePrice>0.0124</UnitOfMeasurePrice><AllowDiscount>1</AllowDiscount><ItemStatus>1</ItemStatus><ItemPrice>12.40</ItemPrice></item><item><PriceUpdateDate>2015-11-12 13:55:35</PriceUpdateDate><ItemCode>7290100700389</ItemCode><ItemType>1</ItemType><ItemName>אורז סוגת אדום 1 ק'ג</ItemName><ManufacturerName>סוגת</ManufacturerName><ManufactureCountry>ישראל</ManufactureCountry><ManufacturerItemDescription>אורז אדום 1 קג</ManufacturerItemDescription><SoldByWeight/><Quantity>1000.00</Quantity><UnitOfMeasure>גרם     </UnitOfMeasure><QtyInPackage>לא ידוע</QtyInPackage><UnitOfMeasurePrice>0.0148</UnitOfMeasurePrice><AllowDiscount>1</AllowDiscount><ItemStatus>1</ItemStatus><ItemPrice>14.80</ItemPrice></item><item><PriceUpdateDate>2016-05-30 22:05:06</PriceUpdateDate><ItemCode>7290100700396</ItemCode><ItemType>1</ItemType><ItemName>אורז יסמין קלאסי 1 ק</ItemName><ManufacturerName>סוגת</ManufacturerName><ManufactureCountry>ישראל</ManufactureCountry><ManufacturerItemDescription>אורז יסמין 1 קג</ManufacturerItemDescription><SoldByWeight/><Quantity>1000.00</Quantity><UnitOfMeasure>גרם     </UnitOfMeasure><QtyInPackage>לא ידוע</QtyInPackage><UnitOfMeasurePrice>0.0145</UnitOfMeasurePrice><AllowDiscount>0</AllowDiscount><ItemStatus>1</ItemStatus><ItemPrice>14.50</ItemPrice></item><item><PriceUpdateDate>2016-05-20 07:23:24</PriceUpdateDate><ItemCode>7290100700587</ItemCode><ItemType>1</ItemType><ItemName>מב בורגול 500 גרם</ItemName><ManufacturerName>סוגת</ManufacturerName><ManufactureCountry>ישראל</ManufactureCountry><ManufacturerItemDescription>בורגול 500 גרם</ManufacturerItemDescription><SoldByWeight/><Quantity>500.00</Quantity><UnitOfMeasure>גרם     </UnitOfMeasure><QtyInPackage>לא ידוע</QtyInPackage><UnitOfMeasurePrice>0.0100</UnitOfMeasurePrice><AllowDiscount>1</AllowDiscount><ItemStatus>1</ItemStatus><ItemPrice>5.00</ItemPrice></item><item><PriceUpdateDate>2015-11-12 13:55:54</PriceUpdateDate><ItemCode>7290100701348</ItemCode><ItemType>1</ItemType><ItemName>קמח שיפון מלא 1 ק"ג</ItemName><ManufacturerName>סוגת</ManufacturerName><ManufactureCountry>ישראל</ManufactureCountry><ManufacturerItemDescription>קמח שיפון מלא 1 ק"ג</ManufacturerItemDescription><SoldByWeight/><Quantity>1000.00</Quantity><UnitOfMeasure>גרם     </UnitOfMeasure><QtyInPackage>לא ידוע</QtyInPackage><UnitOfMeasurePrice>0.0089</UnitOfMeasurePrice><AllowDiscount>1</AllowDiscount><ItemStatus>1</ItemStatus><ItemPrice>8.90</ItemPrice></item><item><PriceUpdateDate>2015-11-12 13:56:02</PriceUpdateDate><ItemCode>7290100701355</ItemCode><ItemType>1</ItemType><ItemName>קמח תופח מלא 1 ק"ג</ItemName><ManufacturerName>סוגת</ManufacturerName><ManufactureCountry>ישראל</ManufactureCountry><ManufacturerItemDescription>קמח תופח מלא 1 ק"ג</ManufacturerItemDescription><SoldByWeight/><Quantity>1000.00</Quantity><UnitOfMeasure>גרם     </UnitOfMeasure><QtyInPackage>לא ידוע</QtyInPackage><UnitOfMeasurePrice>0.0089</UnitOfMeasurePrice><AllowDiscount>1</AllowDiscount><ItemStatus>1</ItemStatus><ItemPrice>8.90</ItemPrice></item><item><PriceUpdateDate>2014-11-03 06:36:43</PriceUpdateDate><ItemCode>7290100701409</ItemCode><ItemType>1</ItemType><ItemName>קמחי תירס 500 גרם</ItemName><ManufacturerName>סוגת</ManufacturerName><ManufactureCountry>ישראל</ManufactureCountry><ManufacturerItemDescription>קמחי תירס 500 גרם</ManufacturerItemDescription><SoldByWeight/><Quantity>500.00</Quantity><UnitOfMeasure>גרם     </UnitOfMeasure><QtyInPackage>לא ידוע</QtyInPackage><UnitOfMeasurePrice>0.0138</UnitOfMeasurePrice><AllowDiscount>1</AllowDiscount><ItemStatus>1</ItemStatus><ItemPrice>6.90</ItemPrice></item><item><PriceUpdateDate>2016-05-30 22:05:06</PriceUpdateDate><ItemCode>7290100701454</ItemCode><ItemType>1</ItemType><ItemName>מב גרישה 500 גרם</ItemName><ManufacturerName>סוגת</ManufacturerName><ManufactureCountry>ישראל</ManufactureCountry><ManufacturerItemDescription>גרישה 500 גרם</ManufacturerItemDescription><SoldByWeight/><Quantity>500.00</Quantity><UnitOfMeasure>גרם     </UnitOfMeasure><QtyInPackage>לא ידוע</QtyInPackage><UnitOfMeasurePrice>0.0100</UnitOfMeasurePrice><AllowDiscount>1</AllowDiscount><ItemStatus>1</ItemStatus><ItemPrice>5.00</ItemPrice></item><item><PriceUpdateDate>2015-11-12 13:56:12</PriceUpdateDate><ItemCode>7290100701577</ItemCode><ItemType>1</ItemType><ItemName>קמח לחם 1 ק"ג</ItemName><ManufacturerName>סוגת</ManufacturerName><ManufactureCountry>ישראל</ManufactureCountry><ManufacturerItemDescription>קמח לחם 1 ק"ג</ManufacturerItemDescription><SoldByWeight/><Quantity>1000.00</Quantity><UnitOfMeasure>גרם     </UnitOfMeasure><QtyInPackage>לא ידוע</QtyInPackage><UnitOfMeasurePrice>0.0089</UnitOfMeasurePrice><AllowDiscount>1</AllowDiscount><ItemStatus>1</ItemStatus><ItemPrice>8.90</ItemPrice></item><item><PriceUpdateDate>2016-05-30 22:05:07</PriceUpdateDate><ItemCode>7290100701683</ItemCode><ItemType>1</ItemType><ItemName>מב שעועית לבנה עדינה</ItemName><ManufacturerName>סוגת</ManufacturerName><ManufactureCountry>ישראל</ManufactureCountry><ManufacturerItemDescription>מב שעועית לבנה עדינה</ManufacturerItemDescription><SoldByWeight/><Quantity>500.00</Quantity><UnitOfMeasure>גרם     </UnitOfMeasure><QtyInPackage>לא ידוע</QtyInPackage><UnitOfMeasurePrice>0.0110</UnitOfMeasurePrice><AllowDiscount>1</AllowDiscount><ItemStatus>1</ItemStatus><ItemPrice>5.50</ItemPrice></item><item><PriceUpdateDate>2015-11-12 13:56:21</PriceUpdateDate><ItemCode>7290100701850</ItemCode><ItemType>1</ItemType><ItemName>קמח עוגות 1 ק"ג</ItemName><ManufacturerName>סוגת</ManufacturerName><ManufactureCountry>ישראל</ManufactureCountry><ManufacturerItemDescription>קמח עוגות 1 ק"ג</ManufacturerItemDescription><SoldByWeight/><Quantity>1000.00</Quantity><UnitOfMeasure>גרם     </UnitOfMeasure><QtyInPackage>לא ידוע</QtyInPackage><UnitOfMeasurePrice>0.0089</UnitOfMeasurePrice><AllowDiscount>1</AllowDiscount><ItemStatus>1</ItemStatus><ItemPrice>8.90</ItemPrice></item><item><PriceUpdateDate>2016-05-09 06:44:01</PriceUpdateDate><ItemCode>7290100702260</ItemCode><ItemType>1</ItemType><ItemName>קוסקוס דק סוגת 350 ג</ItemName><ManufacturerName>סוגת</ManufacturerName><ManufactureCountry>ישראל</ManufactureCountry><ManufacturerItemDescription>קוסקוס דק סוגת 350 ג</ManufacturerItemDescription><SoldByWeight/><Quantity>350.00</Quantity><UnitOfMeasure>גרם     </UnitOfMeasure><QtyInPackage>לא ידוע</QtyInPackage><UnitOfMeasurePrice>0.0197</UnitOfMeasurePrice><AllowDiscount>1</AllowDiscount><ItemStatus>1</ItemStatus><ItemPrice>6.90</ItemPrice></item><item><PriceUpdateDate>2014-11-03 06:36:43</PriceUpdateDate><ItemCode>7290100702383</ItemCode><ItemType>1</ItemType><ItemName>קמח תופח 1 ק''ג</ItemName><ManufacturerName>לא ממותג</ManufacturerName><ManufactureCountry>ישראל</ManufactureCountry><ManufacturerItemDescription>קמח תופח 1 ק''ג</ManufacturerItemDescription><SoldByWeight/><Quantity>1000.00</Quantity><UnitOfMeasure>גרם     </UnitOfMeasure><QtyInPackage>לא ידוע</QtyInPackage><UnitOfMeasurePrice>0.0091</UnitOfMeasurePrice><AllowDiscount>1</AllowDiscount><ItemStatus>1</ItemStatus><ItemPrice>9.10</ItemPrice></item><item><PriceUpdateDate>2016-05-09 06:44:01</PriceUpdateDate><ItemCode>7290100702611</ItemCode><ItemType>1</ItemType><ItemName>פתיתים אפויים אורז ס</ItemName><ManufacturerName>סוגת</ManufacturerName><ManufactureCountry>ישראל</ManufactureCountry><ManufacturerItemDescription>פתיתים אפויים אורז ס</ManufacturerItemDescription><SoldByWeight/><Quantity>500.00</Quantity><UnitOfMeasure>גרם     </UnitOfMeasure><QtyInPackage>לא ידוע</QtyInPackage><UnitOfMeasurePrice>0.0138</UnitOfMeasurePrice><AllowDiscount>1</AllowDiscount><ItemStatus>1</ItemStatus><ItemPrice>6.90</ItemPrice></item><item><PriceUpdateDate>2016-05-09 06:44:01</PriceUpdateDate><ItemCode>7290100702628</ItemCode><ItemType>1</ItemType><ItemName>פתיתים אפויים קוסקוס</ItemName><ManufacturerName>סוגת</ManufacturerName><ManufactureCountry>ישראל</ManufactureCountry><ManufacturerItemDescription>פתיתים אפויים קוסקוס</ManufacturerItemDescription><SoldByWeight/><Quantity>500.00</Quantity><UnitOfMeasure>גרם     </UnitOfMeasure><QtyInPackage>לא ידוע</QtyInPackage><UnitOfMeasurePrice>0.0138</UnitOfMeasurePrice><AllowDiscount>1</AllowDiscount><ItemStatus>1</ItemStatus><ItemPrice>6.90</ItemPrice></item><item><PriceUpdateDate>2016-02-16 15:55:40</PriceUpdateDate><ItemCode>7290100850008</ItemCode><ItemType>1</ItemType><ItemName>שוקולד פרה עם סוכריו</ItemName><ManufacturerName>פרה</ManufacturerName><ManufactureCountry>ישראל</ManufactureCountry><ManufacturerItemDescription>שוקולד פרה עם סוכריו</ManufacturerItemDescription><SoldByWeight/><Quantity>85.00</Quantity><UnitOfMeasure>גרם     </UnitOfMeasure><QtyInPackage>לא ידוע</QtyInPackage><UnitOfMeasurePrice>0.0812</UnitOfMeasurePrice><AllowDiscount>0</AllowDiscount><ItemStatus>1</ItemStatus><ItemPrice>6.90</ItemPrice></item><item><PriceUpdateDate>2016-05-01 21:47:12</PriceUpdateDate><ItemCode>7290100850381</ItemCode><ItemType>1</ItemType><ItemName>מיני טעמי 190 גרם</ItemName><ManufacturerName>טעמי</ManufacturerName><ManufactureCountry>ישראל</ManufactureCountry><ManufacturerItemDescription>מיני טעמי 190 גרם</ManufacturerItemDescription><SoldByWeight/><Quantity>190.00</Quantity><UnitOfMeasure>גרם     </UnitOfMeasure><QtyInPackage>לא ידוע</QtyInPackage><UnitOfMeasurePrice>0.0889</UnitOfMeasurePrice><AllowDiscount>1</AllowDiscount><ItemStatus>1</ItemStatus><ItemPrice>16.90</ItemPrice></item><item><PriceUpdateDate>2016-05-01 21:47:12</PriceUpdateDate><ItemCode>7290100850411</ItemCode><ItemType>1</ItemType><ItemName>חטיפי מיני עלית מיקס</ItemName><ManufacturerName>עלית</ManufacturerName><ManufactureCountry>ישראל</ManufactureCountry><ManufacturerItemDescription>מיקס מעורב 190 גרם</ManufacturerItemDescription><SoldByWeight/><Quantity>190.00</Quantity><UnitOfMeasure>גרם     </UnitOfMeasure><QtyInPackage>לא ידוע</QtyInPackage><UnitOfMeasurePrice>0.0889</UnitOfMeasurePrice><AllowDiscount>1</AllowDiscount><ItemStatus>1</ItemStatus><ItemPrice>16.90</ItemPrice></item><item><PriceUpdateDate>2016-05-30 22:05:07</PriceUpdateDate><ItemCode>7290100850459</ItemCode><ItemType>1</ItemType><ItemName>חטיפי מיני עלית מיקס</ItemName><ManufacturerName>מיקס</ManufacturerName><ManufactureCountry>ישראל</ManufactureCountry><ManufacturerItemDescription>חטיפי מיני עלית מיקס</ManufacturerItemDescription><SoldByWeight/><Quantity>390.00</Quantity><UnitOfMeasure>גרם     </UnitOfMeasure><QtyInPackage>לא ידוע</QtyInPackage><UnitOfMeasurePrice>0.0587</UnitOfMeasurePrice><AllowDiscount>1</AllowDiscount><ItemStatus>1</ItemStatus><ItemPrice>22.90</ItemPrice></item><item><PriceUpdateDate>2015-10-11 18:10:58</PriceUpdateDate><ItemCode>7290100850909</ItemCode><ItemType>1</ItemType><ItemName>חטיף דוריטוס נאצ'ו מ</ItemName><ManufacturerName>דוריטוס</ManufacturerName><ManufactureCountry>ישראל</ManufactureCountry><ManufacturerItemDescription>חטיף דוריטוס נאצ'ו מ</ManufacturerItemDescription><SoldByWeight/><Quantity>14.00</Quantity><UnitOfMeasure>גרם     </UnitOfMeasure><QtyInPackage>לא ידוע</QtyInPackage><UnitOfMeasurePrice>0.3214</UnitOfMeasurePrice><AllowDiscount>1</AllowDiscount><ItemStatus>1</ItemStatus><ItemPrice>4.50</ItemPrice></item><item><PriceUpdateDate>2015-10-11 18:10:58</PriceUpdateDate><ItemCode>7290100850916</ItemCode><ItemType>1</ItemType><ItemName>חטיף דוריטוס חמוץ חר</ItemName><ManufacturerName>דוריטוס</ManufacturerName><ManufactureCountry>ישראל</ManufactureCountry><ManufacturerItemDescription>דוריטוס חמוץ חריף 70 גר</ManufacturerItemDescription><SoldByWeight/><Quantity>14.00</Quantity><UnitOfMeasure>גרם     </UnitOfMeasure><QtyInPackage>לא ידוע</QtyInPackage><UnitOfMeasurePrice>0.3214</UnitOfMeasurePrice><AllowDiscount>1</AllowDiscount><ItemStatus>1</ItemStatus><ItemPrice>4.50</ItemPrice></item><item><PriceUpdateDate>2015-10-11 18:10:58</PriceUpdateDate><ItemCode>7290100850923</ItemCode><ItemType>1</ItemType><ItemName>חטיף דוריטוס גריל 70</ItemName><ManufacturerName>דוריטוס</ManufacturerName><ManufactureCountry>ישראל</ManufactureCountry><ManufacturerItemDescription>דוריטוס גריל 70 גר</ManufacturerItemDescription><SoldByWeight/><Quantity>14.00</Quantity><UnitOfMeasure>גרם     </UnitOfMeasure><QtyInPackage>לא ידוע</QtyInPackage><UnitOfMeasurePrice>0.3214</UnitOfMeasurePrice><AllowDiscount>1</AllowDiscount><ItemStatus>1</ItemStatus><ItemPrice>4.50</ItemPrice></item><item><PriceUpdateDate>2015-10-11 18:10:58</PriceUpdateDate><ItemCode>7290100850930</ItemCode><ItemType>1</ItemType><ItemName>דוריטוס טבעי 70 גרם</ItemName><ManufacturerName>דוריטוס</ManufacturerName><ManufactureCountry>ישראל</ManufactureCountry><ManufacturerItemDescription>דוריטוס דיפ בטעם טבעי 70</ManufacturerItemDescription><SoldByWeight/><Quantity>70.00</Quantity><UnitOfMeasure>גרם     </UnitOfMeasure><QtyInPackage>לא ידוע</QtyInPackage><UnitOfMeasurePrice>0.0643</UnitOfMeasurePrice><AllowDiscount>1</AllowDiscount><ItemStatus>1</ItemStatus><ItemPrice>4.50</ItemPrice></item><item><PriceUpdateDate>2016-02-16 15:55:40</PriceUpdateDate><ItemCode>7290100853054</ItemCode><ItemType>1</ItemType><ItemName>שוקולד פרה מריר אוור</ItemName><ManufacturerName>פרה</ManufacturerName><ManufactureCountry>ישראל</ManufactureCountry><ManufacturerItemDescription>שוקולד פרה מריר אוור</ManufacturerItemDescription><SoldByWeight/><Quantity>85.00</Quantity><UnitOfMeasure>גרם     </UnitOfMeasure><QtyInPackage>לא ידוע</QtyInPackage><UnitOfMeasurePrice>0.0812</UnitOfMeasurePrice><AllowDiscount>0</AllowDiscount><ItemStatus>1</ItemStatus><ItemPrice>6.90</ItemPrice></item><item><PriceUpdateDate>2015-07-15 11:38:50</PriceUpdateDate><ItemCode>7290100854266</ItemCode><ItemType>1</ItemType><ItemName>שוקולד פרה מריר 60%</ItemName><ManufacturerName>עלית</ManufacturerName><ManufactureCountry>ישראל</ManufactureCountry><ManufacturerItemDescription>שוקולד מריר 60% קקאו 100</ManufacturerItemDescription><SoldByWeight/><Quantity>100.00</Quantity><UnitOfMeasure>גרם     </UnitOfMeasure><QtyInPackage>לא ידוע</QtyInPackage><UnitOfMeasurePrice>0.0850</UnitOfMeasurePrice><AllowDiscount>1</AllowDiscount><ItemStatus>1</ItemStatus><ItemPrice>8.50</ItemPrice></item><item><PriceUpdateDate>2014-11-03 06:36:39</PriceUpdateDate><ItemCode>7290100856253</ItemCode><ItemType>1</ItemType><ItemName>ממרח שוקולד מופחת סו</ItemName><ManufacturerName>פרה</ManufacturerName><ManufactureCountry>ישראל</ManufactureCountry><ManufacturerItemDescription>ממרח שוקולד מופחת סו</ManufacturerItemDescription><SoldByWeight/><Quantity>300.00</Quantity><UnitOfMeasure>גרם     </UnitOfMeasure><QtyInPackage>לא ידוע</QtyInPackage><UnitOfMeasurePrice>0.0560</UnitOfMeasurePrice><AllowDiscount>1</AllowDiscount><ItemStatus>1</ItemStatus><ItemPrice>16.80</ItemPrice></item><item><PriceUpdateDate>2016-05-01 21:47:12</PriceUpdateDate><ItemCode>7290100857045</ItemCode><ItemType>1</ItemType><ItemName>שוקולד ספלנדיד מריר</ItemName><ManufacturerName>ספלנדיד</ManufacturerName><ManufactureCountry>ישראל</ManufactureCountry><ManufacturerItemDescription>שוקולד ספלנדיד מריר עם קפ</ManufacturerItemDescription><SoldByWeight/><Quantity>100.00</Quantity><UnitOfMeasure>גרם     </UnitOfMeasure><QtyInPackage>לא ידוע</QtyInPackage><UnitOfMeasurePrice>0.1190</UnitOfMeasurePrice><AllowDiscount>1</AllowDiscount><ItemStatus>1</ItemStatus><ItemPrice>11.90</ItemPrice></item><item><PriceUpdateDate>2015-10-20 16:11:25</PriceUpdateDate><ItemCode>7290100858219</ItemCode><ItemType>1</ItemType><ItemName>טבלת פסק זמן טראפלס</ItemName><ManufacturerName>פסק זמן</ManufacturerName><ManufactureCountry>ישראל</ManufactureCountry><ManufacturerItemDescription>טבלת פסק זמן טראפלס 110 ג</ManufacturerItemDescription><SoldByWeight/><Quantity>110.00</Quantity><UnitOfMeasure>גרם     </UnitOfMeasure><QtyInPackage>לא ידוע</QtyInPackage><UnitOfMeasurePrice>0.0864</UnitOfMeasurePrice><AllowDiscount>1</AllowDiscount><ItemStatus>1</ItemStatus><ItemPrice>9.50</ItemPrice></item><item><PriceUpdateDate>2016-03-21 09:57:02</PriceUpdateDate><ItemCode>7290100858462</ItemCode><ItemType>1</ItemType><ItemName>מסטיק צ'יקלטס צנצנת</ItemName><ManufacturerName>עלית</ManufacturerName><ManufactureCountry>ישראל</ManufactureCountry><ManufacturerItemDescription>מסטיק צ'יקלטס צנצנת</ManufacturerItemDescription><SoldByWeight/><Quantity>200.00</Quantity><UnitOfMeasure>גרם     </UnitOfMeasure><QtyInPackage>לא ידוע</QtyInPackage><UnitOfMeasurePrice>0.0495</UnitOfMeasurePrice><AllowDiscount>1</AllowDiscount><ItemStatus>1</ItemStatus><ItemPrice>9.90</ItemPrice></item><item><PriceUpdateDate>2016-05-30 22:05:07</PriceUpdateDate><ItemCode>7290100858592</ItemCode><ItemType>1</ItemType><ItemName>קקאו עלית 150 גרם</ItemName><ManufacturerName>עלית</ManufacturerName><ManufactureCountry>ישראל</ManufactureCountry><ManufacturerItemDescription>אבקת קקאו עלית 150 גרם</ManufacturerItemDescription><SoldByWeight/><Quantity>150.00</Quantity><UnitOfMeasure>גרם     </UnitOfMeasure><QtyInPackage>לא ידוע</QtyInPackage><UnitOfMeasurePrice>0.0647</UnitOfMeasurePrice><AllowDiscount>1</AllowDiscount><ItemStatus>1</ItemStatus><ItemPrice>9.70</ItemPrice></item><item><PriceUpdateDate>2016-05-01 21:47:12</PriceUpdateDate><ItemCode>7290100858608</ItemCode><ItemType>1</ItemType><ItemName>אבקת קקאו עלית 500 ג</ItemName><ManufacturerName>עלית</ManufacturerName><ManufactureCountry>ישראל</ManufactureCountry><ManufacturerItemDescription>אבקת קקאו עלית 500 ג</ManufacturerItemDescription><SoldByWeight/><Quantity>500.00</Quantity><UnitOfMeasure>גרם     </UnitOfMeasure><QtyInPackage>לא ידוע</QtyInPackage><UnitOfMeasurePrice>0.0598</UnitOfMeasurePrice><AllowDiscount>1</AllowDiscount><ItemStatus>1</ItemStatus><ItemPrice>29.90</ItemPrice></item><item><PriceUpdateDate>2016-05-30 22:05:07</PriceUpdateDate><ItemCode>7290100858653</ItemCode><ItemType>1</ItemType><ItemName>מיקס מעורב סגול 390</ItemName><ManufacturerName>מיקס</ManufacturerName><ManufactureCountry>ישראל</ManufactureCountry><ManufacturerItemDescription>מיקס מעורב סגול 390</ManufacturerItemDescription><SoldByWeight/><Quantity>390.00</Quantity><UnitOfMeasure>גרם     </UnitOfMeasure><QtyInPackage>לא ידוע</QtyInPackage><UnitOfMeasurePrice>0.0587</UnitOfMeasurePrice><AllowDiscount>1</AllowDiscount><ItemStatus>1</ItemStatus><ItemPrice>22.90</ItemPrice></item><item><PriceUpdateDate>2016-01-15 09:03:27</PriceUpdateDate><ItemCode>7290100859162</ItemCode><ItemType>1</ItemType><ItemName>מאגדת זוג שוקולד פרה</ItemName><ManufacturerName>פרה</ManufacturerName><ManufactureCountry>ישראל</ManufactureCountry><ManufacturerItemDescription>מאגדת זוג שוקולד פרה</ManufacturerItemDescription><SoldByWeight/><Quantity>200.00</Quantity><UnitOfMeasure>גרם     </UnitOfMeasure><QtyInPackage>לא ידוע</QtyInPackage><UnitOfMeasurePrice>0.0795</UnitOfMeasurePrice><AllowDiscount>1</AllowDiscount><ItemStatus>1</ItemStatus><ItemPrice>15.90</ItemPrice></item><item><PriceUpdateDate>2016-03-16 15:40:49</PriceUpdateDate><ItemCode>7290100921173</ItemCode><ItemType>1</ItemType><ItemName>שמפו הוואי שמני הזנה</ItemName><ManufacturerName>הוואי</ManufacturerName><ManufactureCountry>ישראל</ManufactureCountry><ManufacturerItemDescription>הוואי שמפו שמני הזנה-שיער</ManufacturerItemDescription><SoldByWeight/><Quantity>700.00</Quantity><UnitOfMeasure>מ"ל</UnitOfMeasure><QtyInPackage>לא ידוע</QtyInPackage><UnitOfMeasurePrice>0.0141</UnitOfMeasurePrice><AllowDiscount>0</AllowDiscount><ItemStatus>1</ItemStatus><ItemPrice>9.90</ItemPrice></item><item><PriceUpdateDate>2016-03-16 15:40:49</PriceUpdateDate><ItemCode>7290100921180</ItemCode><ItemType>1</ItemType><ItemName>מרכך הוואי שמני הזנה</ItemName><ManufacturerName>הוואי</ManufacturerName><ManufactureCountry>ישראל</ManufactureCountry><ManufacturerItemDescription>הוואי מרכך שמני הזנה-שיער</ManufacturerItemDescription><SoldByWeight/><Quantity>700.00</Quantity><UnitOfMeasure>מ"ל</UnitOfMeasure><QtyInPackage>לא ידוע</QtyInPackage><UnitOfMeasurePrice>0.0141</UnitOfMeasurePrice><AllowDiscount>0</AllowDiscount><ItemStatus>1</ItemStatus><ItemPrice>9.90</ItemPrice></item><item><PriceUpdateDate>2016-03-16 15:40:49</PriceUpdateDate><ItemCode>7290100921258</ItemCode><ItemType>1</ItemType><ItemName>שמפו הוואי מרענן ומט</ItemName><ManufacturerName>הוואי</ManufacturerName><ManufactureCountry>ישראל</ManufactureCountry><ManufacturerItemDescription>שמפו הוואי מרענן ומט</ManufacturerItemDescription><SoldByWeight/><Quantity>700.00</Quantity><UnitOfMeasure>מ"ל</UnitOfMeasure><QtyInPackage>לא ידוע</QtyInPackage><UnitOfMeasurePrice>0.0141</UnitOfMeasurePrice><AllowDiscount>0</AllowDiscount><ItemStatus>1</ItemStatus><ItemPrice>9.90</ItemPrice></item><item><PriceUpdateDate>2016-02-08 09:05:21</PriceUpdateDate><ItemCode>7290100921593</ItemCode><ItemType>1</ItemType><ItemName>סוד סבון אסלה לימון</ItemName><ManufacturerName>סוד</ManufacturerName><ManufactureCountry>ישראל</ManufactureCountry><ManufacturerItemDescription>סוד סבון אסלה לימון</ManufacturerItemDescription><SoldByWeight/><Quantity>50.00</Quantity><UnitOfMeasure>מ"ל</UnitOfMeasure><QtyInPackage>לא ידוע</QtyInPackage><UnitOfMeasurePrice>0.1980</UnitOfMeasurePrice><AllowDiscount>1</AllowDiscount><ItemStatus>1</ItemStatus><ItemPrice>9.90</ItemPrice></item><item><PriceUpdateDate>2016-02-08 09:05:21</PriceUpdateDate><ItemCode>7290100921623</ItemCode><ItemType>1</ItemType><ItemName>סוד סבון אסלה אקונומ</ItemName><ManufacturerName>סוד</ManufacturerName><ManufactureCountry>ישראל</ManufactureCountry><ManufacturerItemDescription>סוד סבון אסלה אקונומ</ManufacturerItemDescription><SoldByWeight/><Quantity>50.00</Quantity><UnitOfMeasure>מ"ל</UnitOfMeasure><QtyInPackage>לא ידוע</QtyInPackage><UnitOfMeasurePrice>0.1980</UnitOfMeasurePrice><AllowDiscount>1</AllowDiscount><ItemStatus>1</ItemStatus><ItemPrice>9.90</ItemPrice></item><item><PriceUpdateDate>2016-03-29 06:17:35</PriceUpdateDate><ItemCode>7290100921777</ItemCode><ItemType>1</ItemType><ItemName>תחליב רחצה הוואי שמן</ItemName><ManufacturerName>הוואי</ManufacturerName><ManufactureCountry>ישראל</ManufactureCountry><ManufacturerItemDescription>תחליב רחצה הוואי שמן</ManufacturerItemDescription><SoldByWeight/><Quantity>750.00</Quantity><UnitOfMeasure>מ"ל</UnitOfMeasure><QtyInPackage>לא ידוע</QtyInPackage><UnitOfMeasurePrice>0.0212</UnitOfMeasurePrice><AllowDiscount>0</AllowDiscount><ItemStatus>1</ItemStatus><ItemPrice>15.90</ItemPrice></item><item><PriceUpdateDate>2016-03-29 06:17:35</PriceUpdateDate><ItemCode>7290100922316</ItemCode><ItemType>1</ItemType><ItemName>תחליב רחצה הוואי לטי</ItemName><ManufacturerName>הוואי</ManufacturerName><ManufactureCountry>ישראל</ManufactureCountry><ManufacturerItemDescription>תחליב רחצה הוואי לטי</ManufacturerItemDescription><SoldByWeight/><Quantity>750.00</Quantity><UnitOfMeasure>מ"ל</UnitOfMeasure><QtyInPackage>לא ידוע</QtyInPackage><UnitOfMeasurePrice>0.0212</UnitOfMeasurePrice><AllowDiscount>0</AllowDiscount><ItemStatus>1</ItemStatus><ItemPrice>15.90</ItemPrice></item><item><PriceUpdateDate>2016-03-29 06:17:35</PriceUpdateDate><ItemCode>7290100922408</ItemCode><ItemType>1</ItemType><ItemName>תחליב רחצה הוואי נקט</ItemName><ManufacturerName>הוואי</ManufacturerName><ManufactureCountry>ישראל</ManufactureCountry><ManufacturerItemDescription>תחליב רחצה הוואי נקט</ManufacturerItemDescription><SoldByWeight/><Quantity>750.00</Quantity><UnitOfMeasure>מ"ל</UnitOfMeasure><QtyInPackage>לא ידוע</QtyInPackage><UnitOfMeasurePrice>0.0212</UnitOfMeasurePrice><AllowDiscount>0</AllowDiscount><ItemStatus>1</ItemStatus><ItemPrice>15.90</ItemPrice></item><item><PriceUpdateDate>2016-03-16 15:40:49</PriceUpdateDate><ItemCode>7290100922606</ItemCode><ItemType>1</ItemType><ItemName>שמפו הוואי 7 שמני פר</ItemName><ManufacturerName>הוואי</ManufacturerName><ManufactureCountry>ישראל</ManufactureCountry><ManufacturerItemDescription>הוואי שמפו למניעת קשקשים7</ManufacturerItemDescription><SoldByWeight/><Quantity>700.00</Quantity><UnitOfMeasure>מ"ל</UnitOfMeasure><QtyInPackage>לא ידוע</QtyInPackage><UnitOfMeasurePrice>0.0141</UnitOfMeasurePrice><AllowDiscount>0</AllowDiscount><ItemStatus>1</ItemStatus><ItemPrice>9.90</ItemPrice></item><item><PriceUpdateDate>2016-03-16 15:40:49</PriceUpdateDate><ItemCode>7290100922613</ItemCode><ItemType>1</ItemType><ItemName>מרכך הוואי 7 שמני פר</ItemName><ManufacturerName>הוואי</ManufacturerName><ManufactureCountry>ישראל</ManufactureCountry><ManufacturerItemDescription>הוואי שמפו למניעת קשקשים7</ManufacturerItemDescription><SoldByWeight/><Quantity>700.00</Quantity><UnitOfMeasure>מ"ל</UnitOfMeasure><QtyInPackage>לא ידוע</QtyInPackage><UnitOfMeasurePrice>0.0141</UnitOfMeasurePrice><AllowDiscount>0</AllowDiscount><ItemStatus>1</ItemStatus><ItemPrice>9.90</ItemPrice></item><item><PriceUpdateDate>2016-03-29 06:17:35</PriceUpdateDate><ItemCode>7290100923108</ItemCode><ItemType>1</ItemType><ItemName>תחליב רחצה הוואי יוג</ItemName><ManufacturerName>הוואי</ManufacturerName><ManufactureCountry>ישראל</ManufactureCountry><ManufacturerItemDescription>תחליב רחצה הוואי יוג</ManufacturerItemDescription><SoldByWeight/><Quantity>750.00</Quantity><UnitOfMeasure>מ"ל</UnitOfMeasure><QtyInPackage>לא ידוע</QtyInPackage><UnitOfMeasurePrice>0.0212</UnitOfMeasurePrice><AllowDiscount>0</AllowDiscount><ItemStatus>1</ItemStatus><ItemPrice>15.90</ItemPrice></item><item><PriceUpdateDate>2016-03-29 06:17:35</PriceUpdateDate><ItemCode>7290100923122</ItemCode><ItemType>1</ItemType><ItemName>תחליב רחצה הוואי יוג</ItemName><ManufacturerName>הוואי</ManufacturerName><ManufactureCountry>ישראל</ManufactureCountry><ManufacturerItemDescription>תחליב רחצה הוואי יוג</ManufacturerItemDescription><SoldByWeight/><Quantity>750.00</Quantity><UnitOfMeasure>מ"ל</UnitOfMeasure><QtyInPackage>לא ידוע</QtyInPackage><UnitOfMeasurePrice>0.0212</UnitOfMeasurePrice><AllowDiscount>0</AllowDiscount><ItemStatus>1</ItemStatus><ItemPrice>15.90</ItemPrice></item><item><PriceUpdateDate>2014-11-03 06:38:44</PriceUpdateDate><ItemCode>7290100924440</ItemCode><ItemType>1</ItemType><ItemName>מארז 2 ג'ל אסלה אורנ</ItemName><ManufacturerName>סוד</ManufacturerName><ManufactureCountry>ישראל</ManufactureCountry><ManufacturerItemDescription>מארז 2 ג'ל אסלה אורנ</ManufacturerItemDescription><SoldByWeight/><Quantity>1600.00</Quantity><UnitOfMeasure>מ"ל</UnitOfMeasure><QtyInPackage>לא ידוע</QtyInPackage><UnitOfMeasurePrice>0.0118</UnitOfMeasurePrice><AllowDiscount>1</AllowDiscount><ItemStatus>1</ItemStatus><ItemPrice>18.90</ItemPrice></item><item><PriceUpdateDate>2016-05-30 22:05:07</PriceUpdateDate><ItemCode>7290100924594</ItemCode><ItemType>1</ItemType><ItemName>מרכך כביסה סוד מרוכז</ItemName><ManufacturerName>סוד</ManufacturerName><ManufactureCountry>ישראל</ManufactureCountry><ManufacturerItemDescription>מרכך כביסה סוד מרוכז</ManufacturerItemDescription><SoldByWeight/><Quantity>900.00</Quantity><UnitOfMeasure>מ"ל</UnitOfMeasure><QtyInPackage>לא ידוע</QtyInPackage><UnitOfMeasurePrice>0.0188</UnitOfMeasurePrice><AllowDiscount>1</AllowDiscount><ItemStatus>1</ItemStatus><ItemPrice>16.90</ItemPrice></item><item><PriceUpdateDate>2016-05-30 22:05:07</PriceUpdateDate><ItemCode>7290100924600</ItemCode><ItemType>1</ItemType><ItemName>מרכך כביסה סוד מרוכז</ItemName><ManufacturerName>סוד</ManufacturerName><ManufactureCountry>ישראל</ManufactureCountry><ManufacturerItemDescription>מרכך כביסה סוד מרוכז</ManufacturerItemDescription><SoldByWeight/><Quantity>900.00</Quantity><UnitOfMeasure>מ"ל</UnitOfMeasure><QtyInPackage>לא ידוע</QtyInPackage><UnitOfMeasurePrice>0.0188</UnitOfMeasurePrice><AllowDiscount>1</AllowDiscount><ItemStatus>1</ItemStatus><ItemPrice>16.90</ItemPrice></item><item><PriceUpdateDate>2016-05-30 22:05:07</PriceUpdateDate><ItemCode>7290100925102</ItemCode><ItemType>1</ItemType><ItemName>מרכך כביסה סוד 750 מ</ItemName><ManufacturerName>סוד</ManufacturerName><ManufactureCountry>ישראל</ManufactureCountry><ManufacturerItemDescription>מרכך כביסה סוד 750 מ</ManufacturerItemDescription><SoldByWeight/><Quantity>750.00</Quantity><UnitOfMeasure>מ"ל</UnitOfMeasure><QtyInPackage>לא ידוע</QtyInPackage><UnitOfMeasurePrice>0.0225</UnitOfMeasurePrice><AllowDiscount>1</AllowDiscount><ItemStatus>1</ItemStatus><ItemPrice>16.90</ItemPrice></item><item><PriceUpdateDate>2016-05-30 22:05:07</PriceUpdateDate><ItemCode>7290100925119</ItemCode><ItemType>1</ItemType><ItemName>מרכך כביסה סוד 750 מ</ItemName><ManufacturerName>סוד</ManufacturerName><ManufactureCountry>ישראל</ManufactureCountry><ManufacturerItemDescription>מרכך כביסה סוד 750 מ</ManufacturerItemDescription><SoldByWeight/><Quantity>750.00</Quantity><UnitOfMeasure>מ"ל</UnitOfMeasure><QtyInPackage>לא ידוע</QtyInPackage><UnitOfMeasurePrice>0.0225</UnitOfMeasurePrice><AllowDiscount>1</AllowDiscount><ItemStatus>1</ItemStatus><ItemPrice>16.90</ItemPrice></item><item><PriceUpdateDate>2016-05-30 22:05:07</PriceUpdateDate><ItemCode>7290100925126</ItemCode><ItemType>1</ItemType><ItemName>מרכך כביסה סוד 750 מ</ItemName><ManufacturerName>סוד</ManufacturerName><ManufactureCountry>ישראל</ManufactureCountry><ManufacturerItemDescription>מרכך כביסה סוד 750 מ</ManufacturerItemDescription><SoldByWeight/><Quantity>750.00</Quantity><UnitOfMeasure>מ"ל</UnitOfMeasure><QtyInPackage>לא ידוע</QtyInPackage><UnitOfMeasurePrice>0.0225</UnitOfMeasurePrice><AllowDiscount>1</AllowDiscount><ItemStatus>1</ItemStatus><ItemPrice>16.90</ItemPrice></item><item><PriceUpdateDate>2016-02-11 09:34:59</PriceUpdateDate><ItemCode>7290100925331</ItemCode><ItemType>1</ItemType><ItemName>מרכך כביסה סוד סנסיי</ItemName><ManufacturerName>סוד</ManufacturerName><ManufactureCountry>ישראל</ManufactureCountry><ManufacturerItemDescription>מרכך כביסה סוד סנסיי</ManufacturerItemDescription><SoldByWeight/><Quantity>4000.00</Quantity><UnitOfMeasure>מ"ל</UnitOfMeasure><QtyInPackage>לא ידוע</QtyInPackage><UnitOfMeasurePrice>0.0050</UnitOfMeasurePrice><AllowDiscount>1</AllowDiscount><ItemStatus>1</ItemStatus><ItemPrice>19.90</ItemPrice></item><item><PriceUpdateDate>2016-02-08 09:05:21</PriceUpdateDate><ItemCode>7290100926222</ItemCode><ItemType>1</ItemType><ItemName>ג'ל כביסה סוד שושן 3</ItemName><ManufacturerName>סוד</ManufacturerName><ManufactureCountry>ישראל</ManufactureCountry><ManufacturerItemDescription>ג'ל כביסה סוד שושן 3</ManufacturerItemDescription><SoldByWeight/><Quantity>3000.00</Quantity><UnitOfMeasure>מ"ל</UnitOfMeasure><QtyInPackage>לא ידוע</QtyInPackage><UnitOfMeasurePrice>0.0096</UnitOfMeasurePrice><AllowDiscount>1</AllowDiscount><ItemStatus>1</ItemStatus><ItemPrice>28.90</ItemPrice></item><item><PriceUpdateDate>2016-02-08 09:05:21</PriceUpdateDate><ItemCode>7290100926239</ItemCode><ItemType>1</ItemType><ItemName>ג'ל כביסה סוד קולור</ItemName><ManufacturerName>סוד</ManufacturerName><ManufactureCountry>ישראל</ManufactureCountry><ManufacturerItemDescription>ג'ל כביסה סוד קולור</ManufacturerItemDescription><SoldByWeight/><Quantity>3000.00</Quantity><UnitOfMeasure>מ"ל</UnitOfMeasure><QtyInPackage>לא ידוע</QtyInPackage><UnitOfMeasurePrice>0.0096</UnitOfMeasurePrice><AllowDiscount>1</AllowDiscount><ItemStatus>1</ItemStatus><ItemPrice>28.90</ItemPrice></item><item><PriceUpdateDate>2016-05-30 22:05:07</PriceUpdateDate><ItemCode>7290100929742</ItemCode><ItemType>1</ItemType><ItemName>מרכך כביסה סוד מרוכז</ItemName><ManufacturerName>סוד</ManufacturerName><ManufactureCountry>ישראל</ManufactureCountry><ManufacturerItemDescription>מרכך כביסה סוד מרוכז</ManufacturerItemDescription><SoldByWeight/><Quantity>900.00</Quantity><UnitOfMeasure>מ"ל</UnitOfMeasure><QtyInPackage>לא ידוע</QtyInPackage><UnitOfMeasurePrice>0.0188</UnitOfMeasurePrice><AllowDiscount>1</AllowDiscount><ItemStatus>1</ItemStatus><ItemPrice>16.90</ItemPrice></item><item><PriceUpdateDate>2016-05-30 22:05:08</PriceUpdateDate><ItemCode>7290101110149</ItemCode><ItemType>1</ItemType><ItemName>מב גלידה וניל עם נטי</ItemName><ManufacturerName>פלדמן</ManufacturerName><ManufactureCountry>ישראל</ManufactureCountry><ManufacturerItemDescription>מב גלידה וניל עם נטי</ManufacturerItemDescription><SoldByWeight/><Quantity>650.00</Quantity><UnitOfMeasure>גרם     </UnitOfMeasure><QtyInPackage>לא ידוע</QtyInPackage><UnitOfMeasurePrice>0.0229</UnitOfMeasurePrice><AllowDiscount>1</AllowDiscount><ItemStatus>1</ItemStatus><ItemPrice>14.90</ItemPrice></item><item><PriceUpdateDate>2016-05-30 22:05:08</PriceUpdateDate><ItemCode>7290101110163</ItemCode><ItemType>1</ItemType><ItemName>מב גלידה וניל עוגיות</ItemName><ManufacturerName>פלדמן</ManufacturerName><ManufactureCountry>ישראל</ManufactureCountry><ManufacturerItemDescription>מב גלידה וניל עוגיות</ManufacturerItemDescription><SoldByWeight/><Quantity>650.00</Quantity><UnitOfMeasure>גרם     </UnitOfMeasure><QtyInPackage>לא ידוע</QtyInPackage><UnitOfMeasurePrice>0.0229</UnitOfMeasurePrice><AllowDiscount>1</AllowDiscount><ItemStatus>1</ItemStatus><ItemPrice>14.90</ItemPrice></item><item><PriceUpdateDate>2016-05-30 22:05:08</PriceUpdateDate><ItemCode>7290101110279</ItemCode><ItemType>1</ItemType><ItemName>מב גלידה שוקולד פקאן</ItemName><ManufacturerName>פלדמן</ManufacturerName><ManufactureCountry>ישראל</ManufactureCountry><ManufacturerItemDescription>מב גלידה שוקולד פקאן</ManufacturerItemDescription><SoldByWeight/><Quantity>650.00</Quantity><UnitOfMeasure>גרם     </UnitOfMeasure><QtyInPackage>לא ידוע</QtyInPackage><UnitOfMeasurePrice>0.0229</UnitOfMeasurePrice><AllowDiscount>1</AllowDiscount><ItemStatus>1</ItemStatus><ItemPrice>14.90</ItemPrice></item><item><PriceUpdateDate>2016-05-30 22:05:08</PriceUpdateDate><ItemCode>7290101110460</ItemCode><ItemType>1</ItemType><ItemName>מב גלידה וניל בטעם ש</ItemName><ManufacturerName>פלדמן</ManufacturerName><ManufactureCountry>ישראל</ManufactureCountry><ManufacturerItemDescription>מב גלידה וניל בטעם ש</ManufacturerItemDescription><SoldByWeight/><Quantity>650.00</Quantity><UnitOfMeasure>גרם     </UnitOfMeasure><QtyInPackage>לא ידוע</QtyInPackage><UnitOfMeasurePrice>0.0229</UnitOfMeasurePrice><AllowDiscount>1</AllowDiscount><ItemStatus>1</ItemStatus><ItemPrice>14.90</ItemPrice></item><item><PriceUpdateDate>2016-03-01 06:55:09</PriceUpdateDate><ItemCode>7290101110811</ItemCode><ItemType>1</ItemType><ItemName>מב גלידל וניל פסיפלו</ItemName><ManufacturerName>פלדמן</ManufacturerName><ManufactureCountry>ישראל</ManufactureCountry><ManufacturerItemDescription>מב גלידל וניל פסיפלו</ManufacturerItemDescription><SoldByWeight/><Quantity>400.00</Quantity><UnitOfMeasure>גרם     </UnitOfMeasure><QtyInPackage>לא ידוע</QtyInPackage><UnitOfMeasurePrice>0.0697</UnitOfMeasurePrice><AllowDiscount>1</AllowDiscount><ItemStatus>1</ItemStatus><ItemPrice>27.90</ItemPrice></item><item><PriceUpdateDate>2016-05-30 22:05:08</PriceUpdateDate><ItemCode>7290101111085</ItemCode><ItemType>1</ItemType><ItemName>מב גלידה שוקולד חלב</ItemName><ManufacturerName>פלדמן</ManufacturerName><ManufactureCountry>ישראל</ManufactureCountry><ManufacturerItemDescription>מב גלידה שוקולד חלב</ManufacturerItemDescription><SoldByWeight/><Quantity>650.00</Quantity><UnitOfMeasure>גרם     </UnitOfMeasure><QtyInPackage>לא ידוע</QtyInPackage><UnitOfMeasurePrice>0.0229</UnitOfMeasurePrice><AllowDiscount>1</AllowDiscount><ItemStatus>1</ItemStatus><ItemPrice>14.90</ItemPrice></item><item><PriceUpdateDate>2016-05-30 22:05:08</PriceUpdateDate><ItemCode>7290101111429</ItemCode><ItemType>1</ItemType><ItemName>מב גלידה שוקולד וניל</ItemName><ManufacturerName>פלדמן</ManufacturerName><ManufactureCountry>ישראל</ManufactureCountry><ManufacturerItemDescription>מב גלידה שוקולד וניל</ManufacturerItemDescription><SoldByWeight/><Quantity>650.00</Quantity><UnitOfMeasure>גרם     </UnitOfMeasure><QtyInPackage>לא ידוע</QtyInPackage><UnitOfMeasurePrice>0.0229</UnitOfMeasurePrice><AllowDiscount>1</AllowDiscount><ItemStatus>1</ItemStatus><ItemPrice>14.90</ItemPrice></item><item><PriceUpdateDate>2016-06-01 06:31:15</PriceUpdateDate><ItemCode>7290101111573</ItemCode><ItemType>1</ItemType><ItemName>מב מאגדת פרוזון יוגו</ItemName><ManufacturerName>פלדמן</ManufacturerName><ManufactureCountry>ישראל</ManufactureCountry><ManufacturerItemDescription>מב מאגדת פרוזון יוגו</ManufacturerItemDescription><SoldByWeight/><Quantity>420.00</Quantity><UnitOfMeasure>גרם     </UnitOfMeasure><QtyInPackage>לא ידוע</QtyInPackage><UnitOfMeasurePrice>0.0426</UnitOfMeasurePrice><AllowDiscount>1</AllowDiscount><ItemStatus>1</ItemStatus><ItemPrice>17.90</ItemPrice></item><item><PriceUpdateDate>2016-05-03 11:47:52</PriceUpdateDate><ItemCode>7290101112433</ItemCode><ItemType>1</ItemType><ItemName>מב מאגדת מיקס חטיפי</ItemName><ManufacturerName>פלדמן</ManufacturerName><ManufactureCountry>ישראל</ManufactureCountry><ManufacturerItemDescription>מב מאגדת מיקס חטיפי</ManufacturerItemDescription><SoldByWeight/><Quantity>300.00</Quantity><UnitOfMeasure>גרם     </UnitOfMeasure><QtyInPackage>לא ידוע</QtyInPackage><UnitOfMeasurePrice>0.0463</UnitOfMeasurePrice><AllowDiscount>1</AllowDiscount><ItemStatus>1</ItemStatus><ItemPrice>13.90</ItemPrice></item><item><PriceUpdateDate>2016-05-30 22:05:09</PriceUpdateDate><ItemCode>7290101112594</ItemCode><ItemType>1</ItemType><ItemName>מב גלידת בליסימו מיל</ItemName><ManufacturerName>פלדמן</ManufacturerName><ManufactureCountry>לא ידוע</ManufactureCountry><ManufacturerItemDescription>מב גלידת בליסימו מיל</ManufacturerItemDescription><SoldByWeight/><Quantity>1300.00</Quantity><UnitOfMeasure>גרם     </UnitOfMeasure><QtyInPackage>לא ידוע</QtyInPackage><UnitOfMeasurePrice>0.0115</UnitOfMeasurePrice><AllowDiscount>1</AllowDiscount><ItemStatus>1</ItemStatus><ItemPrice>14.90</ItemPrice></item><item><PriceUpdateDate>2016-06-01 06:31:15</PriceUpdateDate><ItemCode>7290101112624</ItemCode><ItemType>1</ItemType><ItemName>מב מאגדת פרוזן יוגור</ItemName><ManufacturerName>פלדמן</ManufacturerName><ManufactureCountry>ישראל</ManufactureCountry><ManufacturerItemDescription>מב מאגדת פרוזן יוגור</ManufacturerItemDescription><SoldByWeight/><Quantity>420.00</Quantity><UnitOfMeasure>גרם     </UnitOfMeasure><QtyInPackage>לא ידוע</QtyInPackage><UnitOfMeasurePrice>0.0426</UnitOfMeasurePrice><AllowDiscount>1</AllowDiscount><ItemStatus>1</ItemStatus><ItemPrice>17.90</ItemPrice></item><item><PriceUpdateDate>2015-11-12 18:16:44</PriceUpdateDate><ItemCode>7290101450283</ItemCode><ItemType>1</ItemType><ItemName>שקית 50 פסטל</ItemName><ManufacturerName>שמחה זה אנחנו</ManufacturerName><ManufactureCountry>ישראל</ManufactureCountry><ManufacturerItemDescription>שקית 50 פסטל</ManufacturerItemDescription><SoldByWeight/><Quantity>0.00</Quantity><UnitOfMeasure>יח'</UnitOfMeasure><QtyInPackage>לא ידוע</QtyInPackage><UnitOfMeasurePrice>0.0000</UnitOfMeasurePrice><AllowDiscount>1</AllowDiscount><ItemStatus>1</ItemStatus><ItemPrice>14.20</ItemPrice></item><item><PriceUpdateDate>2016-05-30 22:05:09</PriceUpdateDate><ItemCode>7290101482208</ItemCode><ItemType>1</ItemType><ItemName>מב משקה אורז טבעי או</ItemName><ManufacturerName>רייס דרים</ManufacturerName><ManufactureCountry>גרמניה</ManufactureCountry><ManufacturerItemDescription>קפה הפוך מריר   מריר150ג</ManufacturerItemDescription><SoldByWeight/><Quantity>1000.00</Quantity><UnitOfMeasure>מ"ל</UnitOfMeasure><QtyInPackage>לא ידוע</QtyInPackage><UnitOfMeasurePrice>0.0119</UnitOfMeasurePrice><AllowDiscount>1</AllowDiscount><ItemStatus>1</ItemStatus><ItemPrice>11.90</ItemPrice></item><item><PriceUpdateDate>2016-05-30 22:05:10</PriceUpdateDate><ItemCode>7290101488316</ItemCode><ItemType>1</ItemType><ItemName>דאו' סטיק ליידי ספיד</ItemName><ManufacturerName>ליידי ספיד סטיק</ManufacturerName><ManufactureCountry>ארצות הברית</ManufactureCountry><ManufacturerItemDescription>שוקולד לינדט     מילק100</ManufacturerItemDescription><SoldByWeight/><Quantity>65.00</Quantity><UnitOfMeasure>גרם     </UnitOfMeasure><QtyInPackage>לא ידוע</QtyInPackage><UnitOfMeasurePrice>0.5246</UnitOfMeasurePrice><AllowDiscount>1</AllowDiscount><ItemStatus>1</ItemStatus><ItemPrice>34.10</ItemPrice></item><item><PriceUpdateDate>2016-05-30 22:05:10</PriceUpdateDate><ItemCode>7290101488323</ItemCode><ItemType>1</ItemType><ItemName>דאו' סטיק ליידי ספיד</ItemName><ManufacturerName>ליידי ספיד סטיק</ManufacturerName><ManufactureCountry>ישראל</ManufactureCountry><ManufacturerItemDescription>דאו' סטיק ליידי ספיד</ManufacturerItemDescription><SoldByWeight/><Quantity>65.00</Quantity><UnitOfMeasure>גרם     </UnitOfMeasure><QtyInPackage>לא ידוע</QtyInPackage><UnitOfMeasurePrice>0.5246</UnitOfMeasurePrice><AllowDiscount>1</AllowDiscount><ItemStatus>1</ItemStatus><ItemPrice>34.10</ItemPrice></item><item><PriceUpdateDate>2016-05-30 22:05:10</PriceUpdateDate><ItemCode>7290101489306</ItemCode><ItemType>1</ItemType><ItemName>מב משקה שיבולת שועל</ItemName><ManufacturerName>רייס דרים</ManufacturerName><ManufactureCountry>גרמניה</ManufactureCountry><ManufacturerItemDescription>שוקולד לבן לנד  10 גרם</ManufacturerItemDescription><SoldByWeight/><Quantity>1000.00</Quantity><UnitOfMeasure>מ"ל</UnitOfMeasure><QtyInPackage>לא ידוע</QtyInPackage><UnitOfMeasurePrice>0.0119</UnitOfMeasurePrice><AllowDiscount>1</AllowDiscount><ItemStatus>1</ItemStatus><ItemPrice>11.90</ItemPrice></item><item><PriceUpdateDate>2016-05-20 07:21:03</PriceUpdateDate><ItemCode>7290101501374</ItemCode><ItemType>3</ItemType><ItemName>דלעת ארוזה</ItemName><ManufacturerName>.N.Y.C</ManufacturerName><ManufactureCountry>ישראל</ManufactureCountry><ManufacturerItemDescription>דלעת ארוזה</ManufacturerItemDescription><SoldByWeight/><Quantity>1.00</Quantity><UnitOfMeasure>ק"ג</UnitOfMeasure><QtyInPackage>לא ידוע</QtyInPackage><UnitOfMeasurePrice>9.9000</UnitOfMeasurePrice><AllowDiscount>1</AllowDiscount><ItemStatus>1</ItemStatus><ItemPrice>9.90</ItemPrice></item><item><PriceUpdateDate>2016-05-02 08:06:00</PriceUpdateDate><ItemCode>7290101863410</ItemCode><ItemType>1</ItemType><ItemName>מב סיליט באנג ספריי</ItemName><ManufacturerName>סיליט באנג</ManufacturerName><ManufactureCountry>פולין</ManufactureCountry><ManufacturerItemDescription>מב סיליט באנג ספריי</ManufacturerItemDescription><SoldByWeight/><Quantity>750.00</Quantity><UnitOfMeasure>מ"ל</UnitOfMeasure><QtyInPackage>לא ידוע</QtyInPackage><UnitOfMeasurePrice>0.0132</UnitOfMeasurePrice><AllowDiscount>1</AllowDiscount><ItemStatus>1</ItemStatus><ItemPrice>9.90</ItemPrice></item><item><PriceUpdateDate>2016-06-01 09:41:27</PriceUpdateDate><ItemCode>7290101864127</ItemCode><ItemType>1</ItemType><ItemName>קליה אוקסי ספריי 750</ItemName><ManufacturerName>קליה</ManufacturerName><ManufactureCountry>פולין</ManufactureCountry><ManufacturerItemDescription>קליה אוקסי ספריי 750</ManufacturerItemDescription><SoldByWeight/><Quantity>750.00</Quantity><UnitOfMeasure>מ"ל</UnitOfMeasure><QtyInPackage>לא ידוע</QtyInPackage><UnitOfMeasurePrice>0.0265</UnitOfMeasurePrice><AllowDiscount>1</AllowDiscount><ItemStatus>1</ItemStatus><ItemPrice>19.90</ItemPrice></item><item><PriceUpdateDate>2016-05-30 22:05:10</PriceUpdateDate><ItemCode>7290101865261</ItemCode><ItemType>1</ItemType><ItemName>מב פיניש נוזל הברקה</ItemName><ManufacturerName>פיניש</ManufacturerName><ManufactureCountry>פולין</ManufactureCountry><ManufacturerItemDescription>מב פיניש נוזל הברקה</ManufacturerItemDescription><SoldByWeight/><Quantity>800.00</Quantity><UnitOfMeasure>מ"ל</UnitOfMeasure><QtyInPackage>לא ידוע</QtyInPackage><UnitOfMeasurePrice>0.0311</UnitOfMeasurePrice><AllowDiscount>1</AllowDiscount><ItemStatus>1</ItemStatus><ItemPrice>24.90</ItemPrice></item><item><PriceUpdateDate>2016-05-30 22:05:10</PriceUpdateDate><ItemCode>7290101866176</ItemCode><ItemType>1</ItemType><ItemName>ג'ל כביסה קולון 101</ItemName><ManufacturerName>קולון</ManufacturerName><ManufactureCountry>ישראל</ManufactureCountry><ManufacturerItemDescription>גל כביסה קולון 3 101 ליטר</ManufacturerItemDescription><SoldByWeight/><Quantity>3000.00</Quantity><UnitOfMeasure>גרם     </UnitOfMeasure><QtyInPackage>לא ידוע</QtyInPackage><UnitOfMeasurePrice>0.0086</UnitOfMeasurePrice><AllowDiscount>1</AllowDiscount><ItemStatus>1</ItemStatus><ItemPrice>25.90</ItemPrice></item><item><PriceUpdateDate>2016-05-01 21:47:13</PriceUpdateDate><ItemCode>7290101866633</ItemCode><ItemType>1</ItemType><ItemName>מסיר כתמים קליה ג'ל</ItemName><ManufacturerName>קליה</ManufacturerName><ManufactureCountry>ישראל</ManufactureCountry><ManufacturerItemDescription>מסיר כתמים קליה ג'ל</ManufacturerItemDescription><SoldByWeight/><Quantity>3000.00</Quantity><UnitOfMeasure>מ"ל</UnitOfMeasure><QtyInPackage>לא ידוע</QtyInPackage><UnitOfMeasurePrice>0.0100</UnitOfMeasurePrice><AllowDiscount>1</AllowDiscount><ItemStatus>1</ItemStatus><ItemPrice>29.90</ItemPrice></item><item><PriceUpdateDate>2016-05-01 21:47:13</PriceUpdateDate><ItemCode>7290101866787</ItemCode><ItemType>1</ItemType><ItemName>מסיר כתמים קליה ג'ל</ItemName><ManufacturerName>קליה</ManufacturerName><ManufactureCountry>ישראל</ManufactureCountry><ManufacturerItemDescription>מסיר כתמים קליה ג'ל</ManufacturerItemDescription><SoldByWeight/><Quantity>3000.00</Quantity><UnitOfMeasure>מ"ל</UnitOfMeasure><QtyInPackage>לא ידוע</QtyInPackage><UnitOfMeasurePrice>0.0100</UnitOfMeasurePrice><AllowDiscount>1</AllowDiscount><ItemStatus>1</ItemStatus><ItemPrice>29.90</ItemPrice></item><item><PriceUpdateDate>2016-05-30 22:05:10</PriceUpdateDate><ItemCode>7290101866916</ItemCode><ItemType>1</ItemType><ItemName>ג'ל כביסה קולון 101</ItemName><ManufacturerName>קולון</ManufacturerName><ManufactureCountry>ישראל</ManufactureCountry><ManufacturerItemDescription>ג'ל כביסה קולון 101</ManufacturerItemDescription><SoldByWeight/><Quantity>3000.00</Quantity><UnitOfMeasure>גרם     </UnitOfMeasure><QtyInPackage>לא ידוע</QtyInPackage><UnitOfMeasurePrice>0.0086</UnitOfMeasurePrice><AllowDiscount>1</AllowDiscount><ItemStatus>1</ItemStatus><ItemPrice>25.90</ItemPrice></item><item><PriceUpdateDate>2016-05-30 22:05:10</PriceUpdateDate><ItemCode>7290101867708</ItemCode><ItemType>1</ItemType><ItemName>קולון ג'ל קפסולות כב</ItemName><ManufacturerName>קולון</ManufacturerName><ManufactureCountry>איטליה</ManufactureCountry><ManufacturerItemDescription>קולון ג'ל קפסולות כב</ManufacturerItemDescription><SoldByWeight/><Quantity>17.00</Quantity><UnitOfMeasure>בודד</UnitOfMeasure><QtyInPackage>לא ידוע</QtyInPackage><UnitOfMeasurePrice>1.2882</UnitOfMeasurePrice><AllowDiscount>1</AllowDiscount><ItemStatus>1</ItemStatus><ItemPrice>21.90</ItemPrice></item><item><PriceUpdateDate>2016-05-30 22:05:11</PriceUpdateDate><ItemCode>7290101868958</ItemCode><ItemType>1</ItemType><ItemName>מב פיניש נוזל הברקה</ItemName><ManufacturerName>פיניש</ManufacturerName><ManufactureCountry>פולין</ManufactureCountry><ManufacturerItemDescription>מב פיניש נוזל הברקה</ManufacturerItemDescription><SoldByWeight/><Quantity>800.00</Quantity><UnitOfMeasure>מ"ל</UnitOfMeasure><QtyInPackage>לא ידוע</QtyInPackage><UnitOfMeasurePrice>0.0311</UnitOfMeasurePrice><AllowDiscount>1</AllowDiscount><ItemStatus>1</ItemStatus><ItemPrice>24.90</ItemPrice></item><item><PriceUpdateDate>2016-05-30 22:05:11</PriceUpdateDate><ItemCode>7290101869511</ItemCode><ItemType>1</ItemType><ItemName>ג'ל כביסה קולון 101</ItemName><ManufacturerName>קולון</ManufacturerName><ManufactureCountry>ישראל</ManufactureCountry><ManufacturerItemDescription>ג'ל כביסה קולון 101</ManufacturerItemDescription><SoldByWeight/><Quantity>3000.00</Quantity><UnitOfMeasure>גרם     </UnitOfMeasure><QtyInPackage>לא ידוע</QtyInPackage><UnitOfMeasurePrice>0.0086</UnitOfMeasurePrice><AllowDiscount>1</AllowDiscount><ItemStatus>1</ItemStatus><ItemPrice>25.90</ItemPrice></item><item><PriceUpdateDate>2016-05-30 22:05:11</PriceUpdateDate><ItemCode>7290101869528</ItemCode><ItemType>1</ItemType><ItemName>ג'ל כביסה קולון 101</ItemName><ManufacturerName>קולון</ManufacturerName><ManufactureCountry>ישראל</ManufactureCountry><ManufacturerItemDescription>ג'ל כביסה קולון 101</ManufacturerItemDescription><SoldByWeight/><Quantity>3000.00</Quantity><UnitOfMeasure>גרם     </UnitOfMeasure><QtyInPackage>לא ידוע</QtyInPackage><UnitOfMeasurePrice>0.0086</UnitOfMeasurePrice><AllowDiscount>1</AllowDiscount><ItemStatus>1</ItemStatus><ItemPrice>25.90</ItemPrice></item><item><PriceUpdateDate>2016-03-30 06:47:57</PriceUpdateDate><ItemCode>7290101869719</ItemCode><ItemType>1</ItemType><ItemName>מב פיניש AIO ג'ל למד</ItemName><ManufacturerName>פיניש</ManufacturerName><ManufactureCountry>לא ידוע</ManufactureCountry><ManufacturerItemDescription>מב פיניש AIO ג'ל למד</ManufacturerItemDescription><SoldByWeight/><Quantity>600.00</Quantity><UnitOfMeasure>מ"ל</UnitOfMeasure><QtyInPackage>לא ידוע</QtyInPackage><UnitOfMeasurePrice>0.0415</UnitOfMeasurePrice><AllowDiscount>1</AllowDiscount><ItemStatus>1</ItemStatus><ItemPrice>24.90</ItemPrice></item><item><PriceUpdateDate>2016-05-30 22:05:11</PriceUpdateDate><ItemCode>7290101869788</ItemCode><ItemType>1</ItemType><ItemName>מילוי איירויק פרשמטי</ItemName><ManufacturerName>איירויק</ManufacturerName><ManufactureCountry>אנגליה</ManufactureCountry><ManufacturerItemDescription>מילוי איירויק פרשמטי</ManufacturerItemDescription><SoldByWeight/><Quantity>250.00</Quantity><UnitOfMeasure>מ"ל</UnitOfMeasure><QtyInPackage>לא ידוע</QtyInPackage><UnitOfMeasurePrice>0.1076</UnitOfMeasurePrice><AllowDiscount>1</AllowDiscount><ItemStatus>1</ItemStatus><ItemPrice>26.90</ItemPrice></item><item><PriceUpdateDate>2015-10-27 09:23:04</PriceUpdateDate><ItemCode>7290101980919</ItemCode><ItemType>1</ItemType><ItemName>ביצי שוקולד שלישייה</ItemName><ManufacturerName>שמחה זה אנחנו</ManufacturerName><ManufactureCountry>ישראל</ManufactureCountry><ManufacturerItemDescription>ביצי שוקולד שלישייה</ManufacturerItemDescription><SoldByWeight/><Quantity>0.00</Quantity><UnitOfMeasure>יח'</UnitOfMeasure><QtyInPackage>לא ידוע</QtyInPackage><UnitOfMeasurePrice>0.0000</UnitOfMeasurePrice><AllowDiscount>1</AllowDiscount><ItemStatus>1</ItemStatus><ItemPrice>14.90</ItemPrice></item><item><PriceUpdateDate>2014-11-03 06:37:37</PriceUpdateDate><ItemCode>7290101981046</ItemCode><ItemType>1</ItemType><ItemName>סט משאבה + בלונים ממ</ItemName><ManufacturerName>שמחה זה אנחנו</ManufacturerName><ManufactureCountry>ישראל</ManufactureCountry><ManufacturerItemDescription>סט משאבה + בלונים ממ</ManufacturerItemDescription><SoldByWeight/><Quantity>0.00</Quantity><UnitOfMeasure>יח'</UnitOfMeasure><QtyInPackage>לא ידוע</QtyInPackage><UnitOfMeasurePrice>0.0000</UnitOfMeasurePrice><AllowDiscount>1</AllowDiscount><ItemStatus>1</ItemStatus><ItemPrice>17.60</ItemPrice></item><item><PriceUpdateDate>2015-12-18 10:14:50</PriceUpdateDate><ItemCode>7290101981770</ItemCode><ItemType>1</ItemType><ItemName>קערה מעוצבת ממותגת</ItemName><ManufacturerName>שמחה זה אנחנו</ManufacturerName><ManufactureCountry>ישראל</ManufactureCountry><ManufacturerItemDescription>קערה מעוצבת ממותגת</ManufacturerItemDescription><SoldByWeight/><Quantity>0.00</Quantity><UnitOfMeasure>יח'</UnitOfMeasure><QtyInPackage>לא ידוע</QtyInPackage><UnitOfMeasurePrice>0.0000</UnitOfMeasurePrice><AllowDiscount>1</AllowDiscount><ItemStatus>1</ItemStatus><ItemPrice>6.90</ItemPrice></item><item><PriceUpdateDate>2015-12-18 10:14:50</PriceUpdateDate><ItemCode>7290101981787</ItemCode><ItemType>1</ItemType><ItemName>צלחת מעוצבת - ממותגת</ItemName><ManufacturerName>שמחה זה אנחנו</ManufacturerName><ManufactureCountry>ישראל</ManufactureCountry><ManufacturerItemDescription>צלחת מעוצבת - ממותגת</ManufacturerItemDescription><SoldByWeight/><Quantity>0.00</Quantity><UnitOfMeasure>יח'</UnitOfMeasure><QtyInPackage>לא ידוע</QtyInPackage><UnitOfMeasurePrice>0.0000</UnitOfMeasurePrice><AllowDiscount>1</AllowDiscount><ItemStatus>1</ItemStatus><ItemPrice>9.90</ItemPrice></item><item><PriceUpdateDate>2014-11-03 06:37:37</PriceUpdateDate><ItemCode>7290101983064</ItemCode><ItemType>1</ItemType><ItemName>בקבוק אלומיניום - ממ</ItemName><ManufacturerName>שמחה זה אנחנו</ManufacturerName><ManufactureCountry>ישראל</ManufactureCountry><ManufacturerItemDescription>בקבוק אלומיניום - ממ</ManufacturerItemDescription><SoldByWeight/><Quantity>0.00</Quantity><UnitOfMeasure>יח'</UnitOfMeasure><QtyInPackage>לא ידוע</QtyInPackage><UnitOfMeasurePrice>0.0000</UnitOfMeasurePrice><AllowDiscount>1</AllowDiscount><ItemStatus>1</ItemStatus><ItemPrice>13.20</ItemPrice></item><item><PriceUpdateDate>2016-02-24 07:10:03</PriceUpdateDate><ItemCode>7290101989332</ItemCode><ItemType>1</ItemType><ItemName>בקבוק פקק כוכב 550 מ</ItemName><ManufacturerName>שמחה זה אנחנו</ManufacturerName><ManufactureCountry>לא ידוע</ManufactureCountry><ManufacturerItemDescription>בקבוק פקק כוכב 550 מ</ManufacturerItemDescription><SoldByWeight/><Quantity>550.00</Quantity><UnitOfMeasure>מ"ל</UnitOfMeasure><QtyInPackage>לא ידוע</QtyInPackage><UnitOfMeasurePrice>0.0362</UnitOfMeasurePrice><AllowDiscount>1</AllowDiscount><ItemStatus>1</ItemStatus><ItemPrice>19.90</ItemPrice></item><item><PriceUpdateDate>2016-02-24 07:10:03</PriceUpdateDate><ItemCode>7290101989356</ItemCode><ItemType>1</ItemType><ItemName>בקבוק פקק כוכב 550 מ</ItemName><ManufacturerName>שמחה זה אנחנו</ManufacturerName><ManufactureCountry>לא ידוע</ManufactureCountry><ManufacturerItemDescription>בקבוק פקק כוכב 550 מ</ManufacturerItemDescription><SoldByWeight/><Quantity>550.00</Quantity><UnitOfMeasure>מ"ל</UnitOfMeasure><QtyInPackage>לא ידוע</QtyInPackage><UnitOfMeasurePrice>0.0362</UnitOfMeasurePrice><AllowDiscount>1</AllowDiscount><ItemStatus>1</ItemStatus><ItemPrice>19.90</ItemPrice></item><item><PriceUpdateDate>2015-10-27 09:23:04</PriceUpdateDate><ItemCode>7290102002801</ItemCode><ItemType>1</ItemType><ItemName>ביצי שוקולד שלישייה</ItemName><ManufacturerName>שמחה זה אנחנו</ManufacturerName><ManufactureCountry>ישראל</ManufactureCountry><ManufacturerItemDescription>ביצי שוקולד שלישייה</ManufacturerItemDescription><SoldByWeight/><Quantity>0.00</Quantity><UnitOfMeasure>גרם     </UnitOfMeasure><QtyInPackage>לא ידוע</QtyInPackage><UnitOfMeasurePrice>0.0000</UnitOfMeasurePrice><AllowDiscount>1</AllowDiscount><ItemStatus>1</ItemStatus><ItemPrice>14.90</ItemPrice></item><item><PriceUpdateDate>2016-06-01 06:54:03</PriceUpdateDate><ItemCode>7290102030330</ItemCode><ItemType>1</ItemType><ItemName>מב תפוצ'יפס קראנצ' מ</ItemName><ManufacturerName>תפוצ'יפס</ManufacturerName><ManufactureCountry>ישראל</ManufactureCountry><ManufacturerItemDescription>תפוציפס קראנץ מקסיקני 200</ManufacturerItemDescription><SoldByWeight/><Quantity>200.00</Quantity><UnitOfMeasure>גרם     </UnitOfMeasure><QtyInPackage>לא ידוע</QtyInPackage><UnitOfMeasurePrice>0.0445</UnitOfMeasurePrice><AllowDiscount>1</AllowDiscount><ItemStatus>1</ItemStatus><ItemPrice>8.90</ItemPrice></item><item><PriceUpdateDate>2015-12-17 09:25:07</PriceUpdateDate><ItemCode>7290102031276</ItemCode><ItemType>1</ItemType><ItemName>מארז אקטימל תות בננה</ItemName><ManufacturerName>אקטימל</ManufacturerName><ManufactureCountry>ישראל</ManufactureCountry><ManufacturerItemDescription>מארז אקטימל תות בננה</ManufacturerItemDescription><SoldByWeight/><Quantity>850.00</Quantity><UnitOfMeasure>מ"ל</UnitOfMeasure><QtyInPackage>לא ידוע</QtyInPackage><UnitOfMeasurePrice>0.0258</UnitOfMeasurePrice><AllowDiscount>1</AllowDiscount><ItemStatus>1</ItemStatus><ItemPrice>21.90</ItemPrice></item><item><PriceUpdateDate>2015-10-20 16:11:25</PriceUpdateDate><ItemCode>7290102032259</ItemCode><ItemType>1</ItemType><ItemName>טבלת פסק זמן קלאסי מ</ItemName><ManufacturerName>עלית</ManufacturerName><ManufactureCountry>ישראל</ManufactureCountry><ManufacturerItemDescription>טבלת פסק זמן קלאסי מ</ManufacturerItemDescription><SoldByWeight/><Quantity>110.00</Quantity><UnitOfMeasure>גרם     </UnitOfMeasure><QtyInPackage>לא ידוע</QtyInPackage><UnitOfMeasurePrice>0.0864</UnitOfMeasurePrice><AllowDiscount>1</AllowDiscount><ItemStatus>1</ItemStatus><ItemPrice>9.50</ItemPrice></item><item><PriceUpdateDate>2015-10-20 16:50:26</PriceUpdateDate><ItemCode>7290102033546</ItemCode><ItemType>1</ItemType><ItemName>חטיף דוריטוס נאצ'ו 2</ItemName><ManufacturerName>דוריטוס</ManufacturerName><ManufactureCountry>ישראל</ManufactureCountry><ManufacturerItemDescription>דוריטוס נאצו 200 גרם</ManufacturerItemDescription><SoldByWeight/><Quantity>200.00</Quantity><UnitOfMeasure>גרם     </UnitOfMeasure><QtyInPackage>לא ידוע</QtyInPackage><UnitOfMeasurePrice>0.0505</UnitOfMeasurePrice><AllowDiscount>1</AllowDiscount><ItemStatus>1</ItemStatus><ItemPrice>10.10</ItemPrice></item><item><PriceUpdateDate>2015-10-20 16:50:26</PriceUpdateDate><ItemCode>7290102033553</ItemCode><ItemType>1</ItemType><ItemName>חטיף דוריטוס חמוץ חר</ItemName><ManufacturerName>דוריטוס</ManufacturerName><ManufactureCountry>ישראל</ManufactureCountry><ManufacturerItemDescription>דוריטוס חמוץ חריף 200 גרם</ManufacturerItemDescription><SoldByWeight/><Quantity>200.00</Quantity><UnitOfMeasure>גרם     </UnitOfMeasure><QtyInPackage>לא ידוע</QtyInPackage><UnitOfMeasurePrice>0.0505</UnitOfMeasurePrice><AllowDiscount>1</AllowDiscount><ItemStatus>1</ItemStatus><ItemPrice>10.10</ItemPrice></item><item><PriceUpdateDate>2016-01-14 09:15:37</PriceUpdateDate><ItemCode>7290102035007</ItemCode><ItemType>1</ItemType><ItemName>מסטיק מאסט בזוקה 28</ItemName><ManufacturerName>מאסט</ManufacturerName><ManufactureCountry>ישראל</ManufactureCountry><ManufacturerItemDescription>מסטיק מאסט בטעם בזוקה</ManufacturerItemDescription><SoldByWeight/><Quantity>28.00</Quantity><UnitOfMeasure>גרם     </UnitOfMeasure><QtyInPackage>לא ידוע</QtyInPackage><UnitOfMeasurePrice>0.1607</UnitOfMeasurePrice><AllowDiscount>1</AllowDiscount><ItemStatus>1</ItemStatus><ItemPrice>4.50</ItemPrice></item><item><PriceUpdateDate>2016-03-29 06:17:36</PriceUpdateDate><ItemCode>7290102037551</ItemCode><ItemType>1</ItemType><ItemName>מארז חטיף צ'יטוס דול</ItemName><ManufacturerName>צ'יטוס</ManufacturerName><ManufactureCountry>ישראל</ManufactureCountry><ManufacturerItemDescription>מארז חטיף צ'יטוס דול</ManufacturerItemDescription><SoldByWeight/><Quantity>150.00</Quantity><UnitOfMeasure>גרם     </UnitOfMeasure><QtyInPackage>לא ידוע</QtyInPackage><UnitOfMeasurePrice>0.0867</UnitOfMeasurePrice><AllowDiscount>1</AllowDiscount><ItemStatus>1</ItemStatus><ItemPrice>13.00</ItemPrice></item><item><PriceUpdateDate>2016-05-02 08:06:00</PriceUpdateDate><ItemCode>7290102060955</ItemCode><ItemType>1</ItemType><ItemName>מב משחת שיניים מרידו</ItemName><ManufacturerName>מרידול</ManufacturerName><ManufactureCountry>פולין</ManufactureCountry><ManufacturerItemDescription>דוגלי גזע קטן   ק"ג</ManufacturerItemDescription><SoldByWeight/><Quantity>100.00</Quantity><UnitOfMeasure>מ"ל</UnitOfMeasure><QtyInPackage>לא ידוע</QtyInPackage><UnitOfMeasurePrice>0.1490</UnitOfMeasurePrice><AllowDiscount>1</AllowDiscount><ItemStatus>1</ItemStatus><ItemPrice>14.90</ItemPrice></item><item><PriceUpdateDate>2015-11-03 08:39:15</PriceUpdateDate><ItemCode>7290102062195</ItemCode><ItemType>1</ItemType><ItemName>משחת שיניים אלמקס ג'</ItemName><ManufacturerName>אלמקס</ManufacturerName><ManufactureCountry>פולין</ManufactureCountry><ManufacturerItemDescription>קפה ג'קובס נט.קפאין200גר</ManufacturerItemDescription><SoldByWeight/><Quantity>75.00</Quantity><UnitOfMeasure>מ"ל</UnitOfMeasure><QtyInPackage>לא ידוע</QtyInPackage><UnitOfMeasurePrice>0.1987</UnitOfMeasurePrice><AllowDiscount>1</AllowDiscount><ItemStatus>1</ItemStatus><ItemPrice>14.90</ItemPrice></item><item><PriceUpdateDate>2016-05-01 21:47:14</PriceUpdateDate><ItemCode>7290102300815</ItemCode><ItemType>1</ItemType><ItemName>גבינת צ'דר כתום פרוס</ItemName><ManufacturerName>נטו סחר</ManufacturerName><ManufactureCountry>ישראל</ManufactureCountry><ManufacturerItemDescription>גבינת צ'דר כתום פרוס</ManufacturerItemDescription><SoldByWeight/><Quantity>200.00</Quantity><UnitOfMeasure>גרם     </UnitOfMeasure><QtyInPackage>לא ידוע</QtyInPackage><UnitOfMeasurePrice>0.1295</UnitOfMeasurePrice><AllowDiscount>1</AllowDiscount><ItemStatus>1</ItemStatus><ItemPrice>25.90</ItemPrice></item><item><PriceUpdateDate>2016-05-01 21:47:14</PriceUpdateDate><ItemCode>7290102300822</ItemCode><ItemType>1</ItemType><ItemName>צ'דר אנגלי כתום 200</ItemName><ManufacturerName>פיירי</ManufacturerName><ManufactureCountry>לא ידוע</ManufactureCountry><ManufacturerItemDescription>צ'דר אנגלי כתום 200</ManufacturerItemDescription><SoldByWeight/><Quantity>200.00</Quantity><UnitOfMeasure>גרם     </UnitOfMeasure><QtyInPackage>לא ידוע</QtyInPackage><UnitOfMeasurePrice>0.1170</UnitOfMeasurePrice><AllowDiscount>1</AllowDiscount><ItemStatus>1</ItemStatus><ItemPrice>23.40</ItemPrice></item><item><PriceUpdateDate>2016-05-01 21:47:14</PriceUpdateDate><ItemCode>7290102300860</ItemCode><ItemType>1</ItemType><ItemName>צ'דר אנגלי 200 גרם</ItemName><ManufacturerName>נטו סחר</ManufacturerName><ManufactureCountry>לא ידוע</ManufactureCountry><ManufacturerItemDescription>צ'דר אנגלי 200 גרם</ManufacturerItemDescription><SoldByWeight/><Quantity>200.00</Quantity><UnitOfMeasure>גרם     </UnitOfMeasure><QtyInPackage>לא ידוע</QtyInPackage><UnitOfMeasurePrice>0.1170</UnitOfMeasurePrice><AllowDiscount>1</AllowDiscount><ItemStatus>1</ItemStatus><ItemPrice>23.40</ItemPrice></item><item><PriceUpdateDate>2016-05-01 21:47:14</PriceUpdateDate><ItemCode>7290102300877</ItemCode><ItemType>3</ItemType><ItemName>גבינת צ'דר אנגלי במש</ItemName><ManufacturerName>נטו סחר</ManufacturerName><ManufactureCountry>לא ידוע</ManufactureCountry><ManufacturerItemDescription>גבינת צ'דר אנגלי במש</ManufacturerItemDescription><SoldByWeight/><Quantity>1.00</Quantity><UnitOfMeasure>ק"ג</UnitOfMeasure><QtyInPackage>לא ידוע</QtyInPackage><UnitOfMeasurePrice>110.0000</UnitOfMeasurePrice><AllowDiscount>1</AllowDiscount><ItemStatus>1</ItemStatus><ItemPrice>110.00</ItemPrice></item><item><PriceUpdateDate>2016-05-01 21:47:14</PriceUpdateDate><ItemCode>7290102300884</ItemCode><ItemType>3</ItemType><ItemName>גבינה צ'דר אנגלי כתו</ItemName><ManufacturerName>נטו סחר</ManufacturerName><ManufactureCountry>לא ידוע</ManufactureCountry><ManufacturerItemDescription>גבינה צ'דר אנגלי כתו</ManufacturerItemDescription><SoldByWeight/><Quantity>1.00</Quantity><UnitOfMeasure>ק"ג</UnitOfMeasure><QtyInPackage>לא ידוע</QtyInPackage><UnitOfMeasurePrice>110.0000</UnitOfMeasurePrice><AllowDiscount>1</AllowDiscount><ItemStatus>1</ItemStatus><ItemPrice>110.00</ItemPrice></item><item><PriceUpdateDate>2015-11-19 08:31:11</PriceUpdateDate><ItemCode>7290102302222</ItemCode><ItemType>1</ItemType><ItemName>גבינת מימולט 210 גרם</ItemName><ManufacturerName>נטו סחר</ManufacturerName><ManufactureCountry>לא ידוע</ManufactureCountry><ManufacturerItemDescription>גבינת מימולט 210 גרם</ManufacturerItemDescription><SoldByWeight/><Quantity>210.00</Quantity><UnitOfMeasure>גרם     </UnitOfMeasure><QtyInPackage>לא ידוע</QtyInPackage><UnitOfMeasurePrice>0.1567</UnitOfMeasurePrice><AllowDiscount>1</AllowDiscount><ItemStatus>1</ItemStatus><ItemPrice>32.90</ItemPrice></item><item><PriceUpdateDate>2015-10-11 18:10:59</PriceUpdateDate><ItemCode>7290102390427</ItemCode><ItemType>1</ItemType><ItemName>יוגורט פרופתות מולר</ItemName><ManufacturerName>מולר</ManufacturerName><ManufactureCountry>ישראל</ManufactureCountry><ManufacturerItemDescription>פרופ תות מולר 150 מל</ManufacturerItemDescription><SoldByWeight/><Quantity>150.00</Quantity><UnitOfMeasure>מ"ל</UnitOfMeasure><QtyInPackage>לא ידוע</QtyInPackage><UnitOfMeasurePrice>0.0367</UnitOfMeasurePrice><AllowDiscount>1</AllowDiscount><ItemStatus>1</ItemStatus><ItemPrice>5.50</ItemPrice></item><item><PriceUpdateDate>2015-10-11 18:10:59</PriceUpdateDate><ItemCode>7290102390465</ItemCode><ItemType>1</ItemType><ItemName>יוגורט פרופאפרסק ופס</ItemName><ManufacturerName>מולר</ManufacturerName><ManufactureCountry>ישראל</ManufactureCountry><ManufacturerItemDescription>פרופ אפרסק פסיפלורה מולר</ManufacturerItemDescription><SoldByWeight/><Quantity>150.00</Quantity><UnitOfMeasure>מ"ל</UnitOfMeasure><QtyInPackage>לא ידוע</QtyInPackage><UnitOfMeasurePrice>0.0367</UnitOfMeasurePrice><AllowDiscount>1</AllowDiscount><ItemStatus>1</ItemStatus><ItemPrice>5.50</ItemPrice></item><item><PriceUpdateDate>2015-10-11 18:10:59</PriceUpdateDate><ItemCode>7290102390489</ItemCode><ItemType>1</ItemType><ItemName>יוגורט פרופלימון מול</ItemName><ManufacturerName>מולר</ManufacturerName><ManufactureCountry>ישראל</ManufactureCountry><ManufacturerItemDescription>פרופ לימון מולר 150 מל</ManufacturerItemDescription><SoldByWeight/><Quantity>150.00</Quantity><UnitOfMeasure>מ"ל</UnitOfMeasure><QtyInPackage>לא ידוע</QtyInPackage><UnitOfMeasurePrice>0.0367</UnitOfMeasurePrice><AllowDiscount>1</AllowDiscount><ItemStatus>1</ItemStatus><ItemPrice>5.50</ItemPrice></item><item><PriceUpdateDate>2015-10-11 18:10:59</PriceUpdateDate><ItemCode>7290102391844</ItemCode><ItemType>1</ItemType><ItemName>יוגורט פרופ פירות יע</ItemName><ManufacturerName>מולר</ManufacturerName><ManufactureCountry>ישראל</ManufactureCountry><ManufacturerItemDescription>פרופ פירות יער מולר 150</ManufacturerItemDescription><SoldByWeight/><Quantity>150.00</Quantity><UnitOfMeasure>מ"ל</UnitOfMeasure><QtyInPackage>לא ידוע</QtyInPackage><UnitOfMeasurePrice>0.0367</UnitOfMeasurePrice><AllowDiscount>1</AllowDiscount><ItemStatus>1</ItemStatus><ItemPrice>5.50</ItemPrice></item><item><PriceUpdateDate>2015-10-11 18:10:59</PriceUpdateDate><ItemCode>7290102392049</ItemCode><ItemType>1</ItemType><ItemName>תבור גבינה לאפיה 5%</ItemName><ManufacturerName>משק צוריאל</ManufacturerName><ManufactureCountry>ישראל</ManufactureCountry><ManufacturerItemDescription>תבור גבינה לאפיה 5%</ManufacturerItemDescription><SoldByWeight/><Quantity>500.00</Quantity><UnitOfMeasure>גרם     </UnitOfMeasure><QtyInPackage>לא ידוע</QtyInPackage><UnitOfMeasurePrice>0.0508</UnitOfMeasurePrice><AllowDiscount>1</AllowDiscount><ItemStatus>1</ItemStatus><ItemPrice>25.40</ItemPrice></item><item><PriceUpdateDate>2016-05-01 21:47:14</PriceUpdateDate><ItemCode>7290102392094</ItemCode><ItemType>1</ItemType><ItemName>חלב עיזים צוריאל 1 ל</ItemName><ManufacturerName>משק צוריאל</ManufacturerName><ManufactureCountry>ישראל</ManufactureCountry><ManufacturerItemDescription>חלב עיזים 1 ליטר קרטון</ManufacturerItemDescription><SoldByWeight/><Quantity>1000.00</Quantity><UnitOfMeasure>מ"ל</UnitOfMeasure><QtyInPackage>לא ידוע</QtyInPackage><UnitOfMeasurePrice>0.0175</UnitOfMeasurePrice><AllowDiscount>0</AllowDiscount><ItemStatus>1</ItemStatus><ItemPrice>17.50</ItemPrice></item><item><PriceUpdateDate>2016-02-11 09:34:59</PriceUpdateDate><ItemCode>7290102392636</ItemCode><ItemType>1</ItemType><ItemName>שמנת מתוקה לקצפת 38%</ItemName><ManufacturerName>טרה</ManufacturerName><ManufactureCountry>ישראל</ManufactureCountry><ManufacturerItemDescription>שמנת מתוקה עמידה 250 38%</ManufacturerItemDescription><SoldByWeight/><Quantity>250.00</Quantity><UnitOfMeasure>מ"ל</UnitOfMeasure><QtyInPackage>לא ידוע</QtyInPackage><UnitOfMeasurePrice>0.0238</UnitOfMeasurePrice><AllowDiscount>1</AllowDiscount><ItemStatus>1</ItemStatus><ItemPrice>5.95</ItemPrice></item><item><PriceUpdateDate>2015-10-11 18:10:59</PriceUpdateDate><ItemCode>7290102392711</ItemCode><ItemType>1</ItemType><ItemName>יוגורט מולר ביאנקו ל</ItemName><ManufacturerName>מולר</ManufacturerName><ManufactureCountry>ישראל</ManufactureCountry><ManufacturerItemDescription>מולר ביאנקו 200 1.7%  גרם</ManufacturerItemDescription><SoldByWeight/><Quantity>200.00</Quantity><UnitOfMeasure>גרם     </UnitOfMeasure><QtyInPackage>לא ידוע</QtyInPackage><UnitOfMeasurePrice>0.0205</UnitOfMeasurePrice><AllowDiscount>0</AllowDiscount><ItemStatus>1</ItemStatus><ItemPrice>4.10</ItemPrice></item><item><PriceUpdateDate>2015-10-11 18:10:59</PriceUpdateDate><ItemCode>7290102392728</ItemCode><ItemType>1</ItemType><ItemName>יוגורט מולר ביאנקו ל</ItemName><ManufacturerName>מולר</ManufacturerName><ManufactureCountry>ישראל</ManufactureCountry><ManufacturerItemDescription>מולר ביאנקו 200 2.8%  גרם</ManufacturerItemDescription><SoldByWeight/><Quantity>200.00</Quantity><UnitOfMeasure>גרם     </UnitOfMeasure><QtyInPackage>לא ידוע</QtyInPackage><UnitOfMeasurePrice>0.0205</UnitOfMeasurePrice><AllowDiscount>0</AllowDiscount><ItemStatus>1</ItemStatus><ItemPrice>4.10</ItemPrice></item><item><PriceUpdateDate>2015-10-11 18:10:59</PriceUpdateDate><ItemCode>7290102393039</ItemCode><ItemType>1</ItemType><ItemName>מולר מיקס פצפוצי שוק</ItemName><ManufacturerName>מולר</ManufacturerName><ManufactureCountry>ישראל</ManufactureCountry><ManufacturerItemDescription>יוגורט מולר מיקס פצפוצי ש</ManufacturerItemDescription><SoldByWeight/><Quantity>150.00</Quantity><UnitOfMeasure>גרם     </UnitOfMeasure><QtyInPackage>לא ידוע</QtyInPackage><UnitOfMeasurePrice>0.0420</UnitOfMeasurePrice><AllowDiscount>0</AllowDiscount><ItemStatus>1</ItemStatus><ItemPrice>6.30</ItemPrice></item><item><PriceUpdateDate>2015-10-11 18:10:59</PriceUpdateDate><ItemCode>7290102393060</ItemCode><ItemType>1</ItemType><ItemName>מולר מיקס גליליות קר</ItemName><ManufacturerName>מולר</ManufacturerName><ManufactureCountry>ישראל</ManufactureCountry><ManufacturerItemDescription>יוגורט קרם אגוזים מולר מי</ManufacturerItemDescription><SoldByWeight/><Quantity>150.00</Quantity><UnitOfMeasure>גרם     </UnitOfMeasure><QtyInPackage>לא ידוע</QtyInPackage><UnitOfMeasurePrice>0.0420</UnitOfMeasurePrice><AllowDiscount>0</AllowDiscount><ItemStatus>1</ItemStatus><ItemPrice>6.30</ItemPrice></item><item><PriceUpdateDate>2015-10-11 18:10:59</PriceUpdateDate><ItemCode>7290102393169</ItemCode><ItemType>1</ItemType><ItemName>מולר תות 3% 150 גרם</ItemName><ManufacturerName>מולר</ManufacturerName><ManufactureCountry>ישראל</ManufactureCountry><ManufacturerItemDescription>יוגורט סימפלי תות 150 3%</ManufacturerItemDescription><SoldByWeight/><Quantity>150.00</Quantity><UnitOfMeasure>גרם     </UnitOfMeasure><QtyInPackage>לא ידוע</QtyInPackage><UnitOfMeasurePrice>0.0360</UnitOfMeasurePrice><AllowDiscount>1</AllowDiscount><ItemStatus>1</ItemStatus><ItemPrice>5.40</ItemPrice></item><item><PriceUpdateDate>2015-10-11 18:10:59</PriceUpdateDate><ItemCode>7290102393176</ItemCode><ItemType>1</ItemType><ItemName>מולר אפרסק 3% 150 גר</ItemName><ManufacturerName>מולר</ManufacturerName><ManufactureCountry>ישראל</ManufactureCountry><ManufacturerItemDescription>מולר אפרסק 3% 150 גר</ManufacturerItemDescription><SoldByWeight/><Quantity>150.00</Quantity><UnitOfMeasure>גרם     </UnitOfMeasure><QtyInPackage>לא ידוע</QtyInPackage><UnitOfMeasurePrice>0.0360</UnitOfMeasurePrice><AllowDiscount>1</AllowDiscount><ItemStatus>1</ItemStatus><ItemPrice>5.40</ItemPrice></item><item><PriceUpdateDate>2015-10-11 18:10:59</PriceUpdateDate><ItemCode>7290102393190</ItemCode><ItemType>1</ItemType><ItemName>מולר פירות יער 3% 15</ItemName><ManufacturerName>מולר</ManufacturerName><ManufactureCountry>ישראל</ManufactureCountry><ManufacturerItemDescription>יוגורט סימפלי פירות יער</ManufacturerItemDescription><SoldByWeight/><Quantity>150.00</Quantity><UnitOfMeasure>גרם     </UnitOfMeasure><QtyInPackage>לא ידוע</QtyInPackage><UnitOfMeasurePrice>0.0360</UnitOfMeasurePrice><AllowDiscount>1</AllowDiscount><ItemStatus>1</ItemStatus><ItemPrice>5.40</ItemPrice></item><item><PriceUpdateDate>2016-05-30 22:05:11</PriceUpdateDate><ItemCode>7290102393268</ItemCode><ItemType>1</ItemType><ItemName>גבינה לבנה 5% 750 גר</ItemName><ManufacturerName>טרה</ManufacturerName><ManufactureCountry>ישראל</ManufactureCountry><ManufacturerItemDescription>גבינה לבנה 5% 750 גר</ManufacturerItemDescription><SoldByWeight/><Quantity>750.00</Quantity><UnitOfMeasure>גרם     </UnitOfMeasure><QtyInPackage>לא ידוע</QtyInPackage><UnitOfMeasurePrice>0.0184</UnitOfMeasurePrice><AllowDiscount>1</AllowDiscount><ItemStatus>1</ItemStatus><ItemPrice>13.80</ItemPrice></item><item><PriceUpdateDate>2016-03-29 06:17:37</PriceUpdateDate><ItemCode>7290102393299</ItemCode><ItemType>1</ItemType><ItemName>יוגורט עיזים לשתיה 5</ItemName><ManufacturerName>משק צוריאל</ManufacturerName><ManufactureCountry>ישראל</ManufactureCountry><ManufacturerItemDescription>יוגורט עיזים לשתיה 500 מל</ManufacturerItemDescription><SoldByWeight/><Quantity>500.00</Quantity><UnitOfMeasure>גרם     </UnitOfMeasure><QtyInPackage>לא ידוע</QtyInPackage><UnitOfMeasurePrice>0.0278</UnitOfMeasurePrice><AllowDiscount>1</AllowDiscount><ItemStatus>1</ItemStatus><ItemPrice>13.90</ItemPrice></item><item><PriceUpdateDate>2015-10-21 14:06:43</PriceUpdateDate><ItemCode>7290102393848</ItemCode><ItemType>1</ItemType><ItemName>יוגורט עיזים עם תות</ItemName><ManufacturerName>משק צוריאל</ManufacturerName><ManufactureCountry>ישראל</ManufactureCountry><ManufacturerItemDescription>יוגורט עיזים תות 150 גר</ManufacturerItemDescription><SoldByWeight/><Quantity>150.00</Quantity><UnitOfMeasure>גרם     </UnitOfMeasure><QtyInPackage>לא ידוע</QtyInPackage><UnitOfMeasurePrice>0.0460</UnitOfMeasurePrice><AllowDiscount>0</AllowDiscount><ItemStatus>1</ItemStatus><ItemPrice>6.90</ItemPrice></item><item><PriceUpdateDate>2015-10-21 14:06:43</PriceUpdateDate><ItemCode>7290102393855</ItemCode><ItemType>1</ItemType><ItemName>יוגורט עיזים עם אפרס</ItemName><ManufacturerName>משק צוריאל</ManufacturerName><ManufactureCountry>ישראל</ManufactureCountry><ManufacturerItemDescription>יוגורט עיזים אפרסק 150 גר</ManufacturerItemDescription><SoldByWeight/><Quantity>150.00</Quantity><UnitOfMeasure>גרם     </UnitOfMeasure><QtyInPackage>לא ידוע</QtyInPackage><UnitOfMeasurePrice>0.0460</UnitOfMeasurePrice><AllowDiscount>0</AllowDiscount><ItemStatus>1</ItemStatus><ItemPrice>6.90</ItemPrice></item><item><PriceUpdateDate>2015-10-11 18:10:59</PriceUpdateDate><ItemCode>7290102393947</ItemCode><ItemType>1</ItemType><ItemName>מולר קיווי 3% 150 גר</ItemName><ManufacturerName>מולר</ManufacturerName><ManufactureCountry>ישראל</ManufactureCountry><ManufacturerItemDescription>יוגורט סימפלי קיווי  150</ManufacturerItemDescription><SoldByWeight/><Quantity>150.00</Quantity><UnitOfMeasure>גרם     </UnitOfMeasure><QtyInPackage>לא ידוע</QtyInPackage><UnitOfMeasurePrice>0.0360</UnitOfMeasurePrice><AllowDiscount>1</AllowDiscount><ItemStatus>1</ItemStatus><ItemPrice>5.40</ItemPrice></item><item><PriceUpdateDate>2016-02-15 08:24:42</PriceUpdateDate><ItemCode>7290102394463</ItemCode><ItemType>1</ItemType><ItemName>גבינה צהובה 28% בווא</ItemName><ManufacturerName>ג.נ'עם</ManufacturerName><ManufactureCountry>ישראל</ManufactureCountry><ManufacturerItemDescription>גבינה צהובה 500 28% גרם</ManufacturerItemDescription><SoldByWeight/><Quantity>500.00</Quantity><UnitOfMeasure>גרם     </UnitOfMeasure><QtyInPackage>לא ידוע</QtyInPackage><UnitOfMeasurePrice>0.0578</UnitOfMeasurePrice><AllowDiscount>1</AllowDiscount><ItemStatus>1</ItemStatus><ItemPrice>28.90</ItemPrice></item><item><PriceUpdateDate>2016-02-11 09:34:59</PriceUpdateDate><ItemCode>7290102394814</ItemCode><ItemType>1</ItemType><ItemName>חמאה 200 גרם טרה</ItemName><ManufacturerName>טרה</ManufacturerName><ManufactureCountry>ישראל</ManufactureCountry><ManufacturerItemDescription>חמאה 200 גרם טרה</ManufacturerItemDescription><SoldByWeight/><Quantity>200.00</Quantity><UnitOfMeasure>גרם     </UnitOfMeasure><QtyInPackage>לא ידוע</QtyInPackage><UnitOfMeasurePrice>0.0380</UnitOfMeasurePrice><AllowDiscount>1</AllowDiscount><ItemStatus>1</ItemStatus><ItemPrice>7.60</ItemPrice></item><item><PriceUpdateDate>2015-10-21 14:06:43</PriceUpdateDate><ItemCode>7290102394821</ItemCode><ItemType>1</ItemType><ItemName>גבינה צהובה דקדק 28%</ItemName><ManufacturerName>ג.נ'עם</ManufacturerName><ManufactureCountry>ישראל</ManufactureCountry><ManufacturerItemDescription>גבינה צהובה דקדק 200 28%</ManufacturerItemDescription><SoldByWeight/><Quantity>200.00</Quantity><UnitOfMeasure>גרם     </UnitOfMeasure><QtyInPackage>לא ידוע</QtyInPackage><UnitOfMeasurePrice>0.0815</UnitOfMeasurePrice><AllowDiscount>1</AllowDiscount><ItemStatus>1</ItemStatus><ItemPrice>16.30</ItemPrice></item><item><PriceUpdateDate>2015-10-11 18:10:59</PriceUpdateDate><ItemCode>7290102394845</ItemCode><ItemType>1</ItemType><ItemName>גבינה צהובה דקדק 9%</ItemName><ManufacturerName>ג.נ'עם</ManufacturerName><ManufactureCountry>ישראל</ManufactureCountry><ManufacturerItemDescription>גבינה צהובה200 9% גרם דק</ManufacturerItemDescription><SoldByWeight/><Quantity>200.00</Quantity><UnitOfMeasure>גרם     </UnitOfMeasure><QtyInPackage>לא ידוע</QtyInPackage><UnitOfMeasurePrice>0.0855</UnitOfMeasurePrice><AllowDiscount>1</AllowDiscount><ItemStatus>1</ItemStatus><ItemPrice>17.10</ItemPrice></item><item><PriceUpdateDate>2015-11-12 14:40:08</PriceUpdateDate><ItemCode>7290102395101</ItemCode><ItemType>1</ItemType><ItemName>ממרח גבינה שוקולד (ש</ItemName><ManufacturerName>טרה</ManufacturerName><ManufactureCountry>ישראל</ManufactureCountry><ManufacturerItemDescription>ממרח גבינה שוקולד 200 גר</ManufacturerItemDescription><SoldByWeight/><Quantity>200.00</Quantity><UnitOfMeasure>גרם     </UnitOfMeasure><QtyInPackage>לא ידוע</QtyInPackage><UnitOfMeasurePrice>0.0610</UnitOfMeasurePrice><AllowDiscount>1</AllowDiscount><ItemStatus>1</ItemStatus><ItemPrice>12.20</ItemPrice></item><item><PriceUpdateDate>2015-10-11 18:10:59</PriceUpdateDate><ItemCode>7290102395224</ItemCode><ItemType>1</ItemType><ItemName>מאגדת מולר ביאנקו נט</ItemName><ManufacturerName>מולר</ManufacturerName><ManufactureCountry>ישראל</ManufactureCountry><ManufacturerItemDescription>מאגדת מולר ביאנקו נט</ManufacturerItemDescription><SoldByWeight/><Quantity>1200.00</Quantity><UnitOfMeasure>גרם     </UnitOfMeasure><QtyInPackage>לא ידוע</QtyInPackage><UnitOfMeasurePrice>0.0154</UnitOfMeasurePrice><AllowDiscount>1</AllowDiscount><ItemStatus>1</ItemStatus><ItemPrice>18.50</ItemPrice></item><item><PriceUpdateDate>2015-10-11 18:10:59</PriceUpdateDate><ItemCode>7290102395231</ItemCode><ItemType>1</ItemType><ItemName>מאגדת מולר ביאנקו נט</ItemName><ManufacturerName>מולר</ManufacturerName><ManufactureCountry>ישראל</ManufactureCountry><ManufacturerItemDescription>מאגדת מולר ביאנקו נט</ManufacturerItemDescription><SoldByWeight/><Quantity>1200.00</Quantity><UnitOfMeasure>גרם     </UnitOfMeasure><QtyInPackage>לא ידוע</QtyInPackage><UnitOfMeasurePrice>0.0154</UnitOfMeasurePrice><AllowDiscount>1</AllowDiscount><ItemStatus>1</ItemStatus><ItemPrice>18.50</ItemPrice></item><item><PriceUpdateDate>2015-10-21 14:06:43</PriceUpdateDate><ItemCode>7290102395262</ItemCode><ItemType>1</ItemType><ItemName>מאגדת שמינייה מולר ס</ItemName><ManufacturerName>מולר</ManufacturerName><ManufactureCountry>ישראל</ManufactureCountry><ManufacturerItemDescription>מאגדת שמינייה מולר ס</ManufacturerItemDescription><SoldByWeight/><Quantity>1200.00</Quantity><UnitOfMeasure>גרם     </UnitOfMeasure><QtyInPackage>לא ידוע</QtyInPackage><UnitOfMeasurePrice>0.0268</UnitOfMeasurePrice><AllowDiscount>1</AllowDiscount><ItemStatus>1</ItemStatus><ItemPrice>32.10</ItemPrice></item><item><PriceUpdateDate>2015-10-21 14:06:43</PriceUpdateDate><ItemCode>7290102395378</ItemCode><ItemType>1</ItemType><ItemName>גבינה צהובה וואקום 2</ItemName><ManufacturerName>ג.נ'עם</ManufacturerName><ManufactureCountry>ישראל</ManufactureCountry><ManufacturerItemDescription>גבינה צהובה 360 28% גרם</ManufacturerItemDescription><SoldByWeight/><Quantity>360.00</Quantity><UnitOfMeasure>גרם     </UnitOfMeasure><QtyInPackage>לא ידוע</QtyInPackage><UnitOfMeasurePrice>0.0592</UnitOfMeasurePrice><AllowDiscount>1</AllowDiscount><ItemStatus>1</ItemStatus><ItemPrice>21.30</ItemPrice></item><item><PriceUpdateDate>2016-03-29 06:17:37</PriceUpdateDate><ItemCode>7290102395408</ItemCode><ItemType>3</ItemType><ItemName>נעם גבינה צהובה 28%</ItemName><ManufacturerName>ג.נ'עם</ManufacturerName><ManufactureCountry>ישראל</ManufactureCountry><ManufacturerItemDescription>נעם גבינה צהובה 28%</ManufacturerItemDescription><SoldByWeight/><Quantity>1.00</Quantity><UnitOfMeasure>ק"ג</UnitOfMeasure><QtyInPackage>לא ידוע</QtyInPackage><UnitOfMeasurePrice>41.3000</UnitOfMeasurePrice><AllowDiscount>1</AllowDiscount><ItemStatus>1</ItemStatus><ItemPrice>41.30</ItemPrice></item><item><PriceUpdateDate>2015-11-12 14:41:36</PriceUpdateDate><ItemCode>7290102395415</ItemCode><ItemType>3</ItemType><ItemName>חריץ גבינה צהובה 9%</ItemName><ManufacturerName>ג.נ'עם</ManufacturerName><ManufactureCountry>ישראל</ManufactureCountry><ManufacturerItemDescription>חריץ גבינה צהובה 9%</ManufacturerItemDescription><SoldByWeight/><Quantity>1.00</Quantity><UnitOfMeasure>ק"ג</UnitOfMeasure><QtyInPackage>לא ידוע</QtyInPackage><UnitOfMeasurePrice>71.3000</UnitOfMeasurePrice><AllowDiscount>1</AllowDiscount><ItemStatus>1</ItemStatus><ItemPrice>71.30</ItemPrice></item><item><PriceUpdateDate>2016-03-01 06:44:03</PriceUpdateDate><ItemCode>7290102395422</ItemCode><ItemType>3</ItemType><ItemName>נעם גבינה צהובה 22%</ItemName><ManufacturerName>ג.נ'עם</ManufacturerName><ManufactureCountry>ישראל</ManufactureCountry><ManufacturerItemDescription>נעם גבינה צהובה 22%</ManufacturerItemDescription><SoldByWeight/><Quantity>1.00</Quantity><UnitOfMeasure>ק"ג</UnitOfMeasure><QtyInPackage>לא ידוע</QtyInPackage><UnitOfMeasurePrice>39.2500</UnitOfMeasurePrice><AllowDiscount>1</AllowDiscount><ItemStatus>1</ItemStatus><ItemPrice>39.25</ItemPrice></item><item><PriceUpdateDate>2015-10-11 18:10:59</PriceUpdateDate><ItemCode>7290102395446</ItemCode><ItemType>1</ItemType><ItemName>מעדן מוו וניל וקצפת</ItemName><ManufacturerName>מוו</ManufacturerName><ManufactureCountry>ישראל</ManufactureCountry><ManufacturerItemDescription>מעדן מוו וניל וקצפת</ManufacturerItemDescription><SoldByWeight/><Quantity>123.00</Quantity><UnitOfMeasure>גרם     </UnitOfMeasure><QtyInPackage>לא ידוע</QtyInPackage><UnitOfMeasurePrice>0.0252</UnitOfMeasurePrice><AllowDiscount>1</AllowDiscount><ItemStatus>1</ItemStatus><ItemPrice>3.10</ItemPrice></item><item><PriceUpdateDate>2015-10-11 18:10:59</PriceUpdateDate><ItemCode>7290102395477</ItemCode><ItemType>1</ItemType><ItemName>מעדן מוו שוקולד וקצפ</ItemName><ManufacturerName>מוו</ManufacturerName><ManufactureCountry>ישראל</ManufactureCountry><ManufacturerItemDescription>מעדן מוו שוקולד וקצפ</ManufacturerItemDescription><SoldByWeight/><Quantity>123.00</Quantity><UnitOfMeasure>גרם     </UnitOfMeasure><QtyInPackage>לא ידוע</QtyInPackage><UnitOfMeasurePrice>0.0252</UnitOfMeasurePrice><AllowDiscount>1</AllowDiscount><ItemStatus>1</ItemStatus><ItemPrice>3.10</ItemPrice></item><item><PriceUpdateDate>2016-06-13 13:03:32</PriceUpdateDate><ItemCode>7290102395521</ItemCode><ItemType>1</ItemType><ItemName>מב שמנת לבישול 15% 5</ItemName><ManufacturerName>טרה</ManufacturerName><ManufactureCountry>ישראל</ManufactureCountry><ManufacturerItemDescription>מב שמנת לבישול 15% 5</ManufacturerItemDescription><SoldByWeight/><Quantity>500.00</Quantity><UnitOfMeasure>מ"ל</UnitOfMeasure><QtyInPackage>לא ידוע</QtyInPackage><UnitOfMeasurePrice>0.0318</UnitOfMeasurePrice><AllowDiscount>1</AllowDiscount><ItemStatus>1</ItemStatus><ItemPrice>15.90</ItemPrice></item><item><PriceUpdateDate>2015-10-11 18:10:59</PriceUpdateDate><ItemCode>7290102396047</ItemCode><ItemType>1</ItemType><ItemName>מולר אננס  1.5% 150</ItemName><ManufacturerName>מולר</ManufacturerName><ManufactureCountry>ישראל</ManufactureCountry><ManufacturerItemDescription>יוגורט סימפלי אננס 150 1.</ManufacturerItemDescription><SoldByWeight/><Quantity>150.00</Quantity><UnitOfMeasure>גרם     </UnitOfMeasure><QtyInPackage>לא ידוע</QtyInPackage><UnitOfMeasurePrice>0.0360</UnitOfMeasurePrice><AllowDiscount>1</AllowDiscount><ItemStatus>1</ItemStatus><ItemPrice>5.40</ItemPrice></item><item><PriceUpdateDate>2015-10-21 14:06:43</PriceUpdateDate><ItemCode>7290102396399</ItemCode><ItemType>1</ItemType><ItemName>מאגדת שמינייה מעדן ש</ItemName><ManufacturerName>טרה</ManufacturerName><ManufactureCountry>ישראל</ManufactureCountry><ManufacturerItemDescription>מאגדת שמינייה מעדן ש</ManufacturerItemDescription><SoldByWeight/><Quantity>100.00</Quantity><UnitOfMeasure>גרם     </UnitOfMeasure><QtyInPackage>לא ידוע</QtyInPackage><UnitOfMeasurePrice>0.1420</UnitOfMeasurePrice><AllowDiscount>1</AllowDiscount><ItemStatus>1</ItemStatus><ItemPrice>14.20</ItemPrice></item><item><PriceUpdateDate>2015-10-11 18:10:59</PriceUpdateDate><ItemCode>7290102396436</ItemCode><ItemType>1</ItemType><ItemName>מעדן מוו שוקולד 1.5%</ItemName><ManufacturerName>טרה</ManufacturerName><ManufactureCountry>ישראל</ManufactureCountry><ManufacturerItemDescription>מעדן מוו שוקולד 1.5%</ManufacturerItemDescription><SoldByWeight/><Quantity>125.00</Quantity><UnitOfMeasure>גרם     </UnitOfMeasure><QtyInPackage>לא ידוע</QtyInPackage><UnitOfMeasurePrice>0.0240</UnitOfMeasurePrice><AllowDiscount>1</AllowDiscount><ItemStatus>1</ItemStatus><ItemPrice>3.00</ItemPrice></item><item><PriceUpdateDate>2015-10-11 18:10:59</PriceUpdateDate><ItemCode>7290102396474</ItemCode><ItemType>1</ItemType><ItemName>יוגורט פרופ מלון בננ</ItemName><ManufacturerName>מולר</ManufacturerName><ManufactureCountry>ישראל</ManufactureCountry><ManufacturerItemDescription>יוגורט פרופ מלון בננ</ManufacturerItemDescription><SoldByWeight/><Quantity>150.00</Quantity><UnitOfMeasure>מ"ל</UnitOfMeasure><QtyInPackage>לא ידוע</QtyInPackage><UnitOfMeasurePrice>0.0367</UnitOfMeasurePrice><AllowDiscount>1</AllowDiscount><ItemStatus>1</ItemStatus><ItemPrice>5.50</ItemPrice></item><item><PriceUpdateDate>2015-10-11 18:11:00</PriceUpdateDate><ItemCode>7290102396481</ItemCode><ItemType>1</ItemType><ItemName>יוגורט פרופ אפרסק פס</ItemName><ManufacturerName>מולר</ManufacturerName><ManufactureCountry>ישראל</ManufactureCountry><ManufacturerItemDescription>יוגורט פרופ אפרסק פס</ManufacturerItemDescription><SoldByWeight/><Quantity>150.00</Quantity><UnitOfMeasure>מ"ל</UnitOfMeasure><QtyInPackage>לא ידוע</QtyInPackage><UnitOfMeasurePrice>0.0367</UnitOfMeasurePrice><AllowDiscount>1</AllowDiscount><ItemStatus>1</ItemStatus><ItemPrice>5.50</ItemPrice></item><item><PriceUpdateDate>2015-10-11 18:11:00</PriceUpdateDate><ItemCode>7290102396498</ItemCode><ItemType>1</ItemType><ItemName>מעדן מוו תות  1.5% 1</ItemName><ManufacturerName>טרה</ManufacturerName><ManufactureCountry>ישראל</ManufactureCountry><ManufacturerItemDescription>מעדן מוו תות  1.5% 1</ManufacturerItemDescription><SoldByWeight/><Quantity>125.00</Quantity><UnitOfMeasure>גרם     </UnitOfMeasure><QtyInPackage>לא ידוע</QtyInPackage><UnitOfMeasurePrice>0.0240</UnitOfMeasurePrice><AllowDiscount>1</AllowDiscount><ItemStatus>1</ItemStatus><ItemPrice>3.00</ItemPrice></item><item><PriceUpdateDate>2015-10-11 18:11:00</PriceUpdateDate><ItemCode>7290102396580</ItemCode><ItemType>1</ItemType><ItemName>מעדן מוו שוקולד ומוס</ItemName><ManufacturerName>מוו</ManufacturerName><ManufactureCountry>ישראל</ManufactureCountry><ManufacturerItemDescription>מעדן מוס שוקולד 123 גר</ManufacturerItemDescription><SoldByWeight/><Quantity>118.00</Quantity><UnitOfMeasure>גרם     </UnitOfMeasure><QtyInPackage>לא ידוע</QtyInPackage><UnitOfMeasurePrice>0.0263</UnitOfMeasurePrice><AllowDiscount>1</AllowDiscount><ItemStatus>1</ItemStatus><ItemPrice>3.10</ItemPrice></item><item><PriceUpdateDate>2015-10-11 18:11:00</PriceUpdateDate><ItemCode>7290102396597</ItemCode><ItemType>1</ItemType><ItemName>מעדן מוו וניל ומוס ש</ItemName><ManufacturerName>מוו</ManufacturerName><ManufactureCountry>ישראל</ManufactureCountry><ManufacturerItemDescription>מעדן וניל מוס שוקולד 123</ManufacturerItemDescription><SoldByWeight/><Quantity>118.00</Quantity><UnitOfMeasure>גרם     </UnitOfMeasure><QtyInPackage>לא ידוע</QtyInPackage><UnitOfMeasurePrice>0.0263</UnitOfMeasurePrice><AllowDiscount>1</AllowDiscount><ItemStatus>1</ItemStatus><ItemPrice>3.10</ItemPrice></item><item><PriceUpdateDate>2015-10-29 13:51:21</PriceUpdateDate><ItemCode>7290102396665</ItemCode><ItemType>1</ItemType><ItemName>גבינה צהובה נעם דקדק</ItemName><ManufacturerName>ג.נ'עם</ManufacturerName><ManufactureCountry>ישראל</ManufactureCountry><ManufacturerItemDescription>גבינה צהובה דקדק 200 28%</ManufacturerItemDescription><SoldByWeight/><Quantity>200.00</Quantity><UnitOfMeasure>גרם     </UnitOfMeasure><QtyInPackage>לא ידוע</QtyInPackage><UnitOfMeasurePrice>0.0800</UnitOfMeasurePrice><AllowDiscount>1</AllowDiscount><ItemStatus>1</ItemStatus><ItemPrice>16.00</ItemPrice></item><item><PriceUpdateDate>2015-10-29 13:51:21</PriceUpdateDate><ItemCode>7290102396672</ItemCode><ItemType>1</ItemType><ItemName>גבינה צהובה דקדק 9%</ItemName><ManufacturerName>ג.נ'עם</ManufacturerName><ManufactureCountry>ישראל</ManufactureCountry><ManufacturerItemDescription>גבינה צהובה200 9% גרם דק</ManufacturerItemDescription><SoldByWeight/><Quantity>200.00</Quantity><UnitOfMeasure>גרם     </UnitOfMeasure><QtyInPackage>לא ידוע</QtyInPackage><UnitOfMeasurePrice>0.1395</UnitOfMeasurePrice><AllowDiscount>1</AllowDiscount><ItemStatus>1</ItemStatus><ItemPrice>27.90</ItemPrice></item><item><PriceUpdateDate>2015-10-11 18:11:00</PriceUpdateDate><ItemCode>7290102396719</ItemCode><ItemType>1</ItemType><ItemName>מולר תות 0% 150 גרם</ItemName><ManufacturerName>מולר</ManufacturerName><ManufactureCountry>ישראל</ManufactureCountry><ManufacturerItemDescription>מולר סימפלי פרוט תות</ManufacturerItemDescription><SoldByWeight/><Quantity>150.00</Quantity><UnitOfMeasure>גרם     </UnitOfMeasure><QtyInPackage>לא ידוע</QtyInPackage><UnitOfMeasurePrice>0.0360</UnitOfMeasurePrice><AllowDiscount>1</AllowDiscount><ItemStatus>1</ItemStatus><ItemPrice>5.40</ItemPrice></item><item><PriceUpdateDate>2015-10-11 18:11:00</PriceUpdateDate><ItemCode>7290102396726</ItemCode><ItemType>1</ItemType><ItemName>מולר אפרסק 0% 150 גר</ItemName><ManufacturerName>מולר</ManufacturerName><ManufactureCountry>ישראל</ManufactureCountry><ManufacturerItemDescription>מולר סימפלי פרוט אפרסק</ManufacturerItemDescription><SoldByWeight/><Quantity>150.00</Quantity><UnitOfMeasure>גרם     </UnitOfMeasure><QtyInPackage>לא ידוע</QtyInPackage><UnitOfMeasurePrice>0.0360</UnitOfMeasurePrice><AllowDiscount>1</AllowDiscount><ItemStatus>1</ItemStatus><ItemPrice>5.40</ItemPrice></item><item><PriceUpdateDate>2015-10-11 18:11:00</PriceUpdateDate><ItemCode>7290102396733</ItemCode><ItemType>1</ItemType><ItemName>מולר פירות יער 0% 15</ItemName><ManufacturerName>מולר</ManufacturerName><ManufactureCountry>ישראל</ManufactureCountry><ManufacturerItemDescription>מולר סימפלי פרוט פירות יע</ManufacturerItemDescription><SoldByWeight/><Quantity>150.00</Quantity><UnitOfMeasure>גרם     </UnitOfMeasure><QtyInPackage>לא ידוע</QtyInPackage><UnitOfMeasurePrice>0.0360</UnitOfMeasurePrice><AllowDiscount>1</AllowDiscount><ItemStatus>1</ItemStatus><ItemPrice>5.40</ItemPrice></item><item><PriceUpdateDate>2015-10-21 14:06:43</PriceUpdateDate><ItemCode>7290102396740</ItemCode><ItemType>1</ItemType><ItemName>מאגדת שמיניה מולר סי</ItemName><ManufacturerName>מולר</ManufacturerName><ManufactureCountry>ישראל</ManufactureCountry><ManufacturerItemDescription>מאגדת שמיניה מולר סי</ManufacturerItemDescription><SoldByWeight/><Quantity>1200.00</Quantity><UnitOfMeasure>גרם     </UnitOfMeasure><QtyInPackage>לא ידוע</QtyInPackage><UnitOfMeasurePrice>0.0268</UnitOfMeasurePrice><AllowDiscount>1</AllowDiscount><ItemStatus>1</ItemStatus><ItemPrice>32.10</ItemPrice></item><item><PriceUpdateDate>2016-03-29 06:37:01</PriceUpdateDate><ItemCode>7290102396757</ItemCode><ItemType>1</ItemType><ItemName>מב שוקו 1 ליטר קרטון</ItemName><ManufacturerName>טרה</ManufacturerName><ManufactureCountry>ישראל</ManufactureCountry><ManufacturerItemDescription>שוקו 1 ליטר קרטון</ManufacturerItemDescription><SoldByWeight/><Quantity>1000.00</Quantity><UnitOfMeasure>ליטר    </UnitOfMeasure><QtyInPackage>לא ידוע</QtyInPackage><UnitOfMeasurePrice>0.0099</UnitOfMeasurePrice><AllowDiscount>1</AllowDiscount><ItemStatus>1</ItemStatus><ItemPrice>9.90</ItemPrice></item><item><PriceUpdateDate>2015-10-21 14:06:43</PriceUpdateDate><ItemCode>7290102396771</ItemCode><ItemType>1</ItemType><ItemName>שוקו חצי ליטר קרטון</ItemName><ManufacturerName>טרה</ManufacturerName><ManufactureCountry>ישראל</ManufactureCountry><ManufacturerItemDescription>שוקו חצי ליטר קרטון</ManufacturerItemDescription><SoldByWeight/><Quantity>1.00</Quantity><UnitOfMeasure>מ"ל</UnitOfMeasure><QtyInPackage>לא ידוע</QtyInPackage><UnitOfMeasurePrice>7.1000</UnitOfMeasurePrice><AllowDiscount>1</AllowDiscount><ItemStatus>1</ItemStatus><ItemPrice>7.10</ItemPrice></item><item><PriceUpdateDate>2016-02-11 09:34:59</PriceUpdateDate><ItemCode>7290102396948</ItemCode><ItemType>1</ItemType><ItemName>חלב טרה 3% בקרטון 1</ItemName><ManufacturerName>טרה</ManufacturerName><ManufactureCountry>ישראל</ManufactureCountry><ManufacturerItemDescription>חלב1 3% ל.קרטון מהדרין פי</ManufacturerItemDescription><SoldByWeight/><Quantity>1.00</Quantity><UnitOfMeasure>יח'</UnitOfMeasure><QtyInPackage>לא ידוע</QtyInPackage><UnitOfMeasurePrice>5.7500</UnitOfMeasurePrice><AllowDiscount>1</AllowDiscount><ItemStatus>1</ItemStatus><ItemPrice>5.75</ItemPrice></item><item><PriceUpdateDate>2016-01-11 14:31:39</PriceUpdateDate><ItemCode>7290102396979</ItemCode><ItemType>1</ItemType><ItemName>מולר אננס 0% 150 גרם</ItemName><ManufacturerName>מולר</ManufacturerName><ManufactureCountry>ישראל</ManufactureCountry><ManufacturerItemDescription>מולר סימפלי פרוט תות</ManufacturerItemDescription><SoldByWeight/><Quantity>150.00</Quantity><UnitOfMeasure>גרם     </UnitOfMeasure><QtyInPackage>לא ידוע</QtyInPackage><UnitOfMeasurePrice>0.0360</UnitOfMeasurePrice><AllowDiscount>1</AllowDiscount><ItemStatus>1</ItemStatus><ItemPrice>5.40</ItemPrice></item><item><PriceUpdateDate>2015-10-29 13:51:21</PriceUpdateDate><ItemCode>7290102397204</ItemCode><ItemType>1</ItemType><ItemName>גבינה צהובה נעם דקדק</ItemName><ManufacturerName>ג.נ'עם</ManufacturerName><ManufactureCountry>ישראל</ManufactureCountry><ManufacturerItemDescription>גבינה צהובה דקדק 200 28%</ManufacturerItemDescription><SoldByWeight/><Quantity>200.00</Quantity><UnitOfMeasure>גרם     </UnitOfMeasure><QtyInPackage>לא ידוע</QtyInPackage><UnitOfMeasurePrice>0.0800</UnitOfMeasurePrice><AllowDiscount>1</AllowDiscount><ItemStatus>1</ItemStatus><ItemPrice>16.00</ItemPrice></item><item><PriceUpdateDate>2016-04-20 07:04:33</PriceUpdateDate><ItemCode>7290102397365</ItemCode><ItemType>1</ItemType><ItemName>מאגדת שמיניה מולר סי</ItemName><ManufacturerName>מולר</ManufacturerName><ManufactureCountry>ישראל</ManufactureCountry><ManufacturerItemDescription>מאגדת שמיניה מולר סי</ManufacturerItemDescription><SoldByWeight/><Quantity>1200.00</Quantity><UnitOfMeasure>גרם     </UnitOfMeasure><QtyInPackage>לא ידוע</QtyInPackage><UnitOfMeasurePrice>0.0268</UnitOfMeasurePrice><AllowDiscount>1</AllowDiscount><ItemStatus>1</ItemStatus><ItemPrice>32.10</ItemPrice></item><item><PriceUpdateDate>2016-05-30 22:05:12</PriceUpdateDate><ItemCode>7290103126797</ItemCode><ItemType>1</ItemType><ItemName>משחת שיניים קולגייט</ItemName><ManufacturerName>קולגייט</ManufacturerName><ManufactureCountry>ישראל</ManufactureCountry><ManufacturerItemDescription>משחת קולגייט    ף 75 מ"ל</ManufacturerItemDescription><SoldByWeight/><Quantity>75.00</Quantity><UnitOfMeasure>מ"ל</UnitOfMeasure><QtyInPackage>לא ידוע</QtyInPackage><UnitOfMeasurePrice>0.3653</UnitOfMeasurePrice><AllowDiscount>1</AllowDiscount><ItemStatus>1</ItemStatus><ItemPrice>27.40</ItemPrice></item><item><PriceUpdateDate>2014-11-03 06:36:50</PriceUpdateDate><ItemCode>7290103128739</ItemCode><ItemType>1</ItemType><ItemName>בלונס מקלות אוזניים</ItemName><ManufacturerName>בלונס</ManufacturerName><ManufactureCountry>יוון</ManufactureCountry><ManufacturerItemDescription>צמרונים קופסא בייבי</ManufacturerItemDescription><SoldByWeight/><Quantity>0.00</Quantity><UnitOfMeasure>יח'</UnitOfMeasure><QtyInPackage>לא ידוע</QtyInPackage><UnitOfMeasurePrice>0.0000</UnitOfMeasurePrice><AllowDiscount>1</AllowDiscount><ItemStatus>1</ItemStatus><ItemPrice>7.30</ItemPrice></item><item><PriceUpdateDate>2016-02-02 06:51:50</PriceUpdateDate><ItemCode>7290103129316</ItemCode><ItemType>1</ItemType><ItemName>מב סבון נוזלי פלמולי</ItemName><ManufacturerName>פלמוליב</ManufacturerName><ManufactureCountry>איטליה</ManufactureCountry><ManufacturerItemDescription>סוכריות יוגטה   לב ל.סוכ</ManufacturerItemDescription><SoldByWeight/><Quantity>500.00</Quantity><UnitOfMeasure>מ"ל</UnitOfMeasure><QtyInPackage>לא ידוע</QtyInPackage><UnitOfMeasurePrice>0.0298</UnitOfMeasurePrice><AllowDiscount>1</AllowDiscount><ItemStatus>1</ItemStatus><ItemPrice>14.90</ItemPrice></item><item><PriceUpdateDate>2016-04-03 10:07:15</PriceUpdateDate><ItemCode>7290103400194</ItemCode><ItemType>1</ItemType><ItemName>כרוב לבן 400 בדצ ירק</ItemName><ManufacturerName>שטראוס</ManufacturerName><ManufactureCountry>ישראל</ManufactureCountry><ManufacturerItemDescription>כרוב לבן 400 גרם בצצ</ManufacturerItemDescription><SoldByWeight/><Quantity>400.00</Quantity><UnitOfMeasure>גרם     </UnitOfMeasure><QtyInPackage>לא ידוע</QtyInPackage><UnitOfMeasurePrice>0.0273</UnitOfMeasurePrice><AllowDiscount>1</AllowDiscount><ItemStatus>1</ItemStatus><ItemPrice>10.90</ItemPrice></item><item><PriceUpdateDate>2016-04-03 10:07:15</PriceUpdateDate><ItemCode>7290103400231</ItemCode><ItemType>1</ItemType><ItemName>גזר בדצ' שטראוס 400</ItemName><ManufacturerName>שטראוס</ManufacturerName><ManufactureCountry>ישראל</ManufactureCountry><ManufacturerItemDescription>גזר בדצ' שטראוס 400</ManufacturerItemDescription><SoldByWeight/><Quantity>400.00</Quantity><UnitOfMeasure>גרם     </UnitOfMeasure><QtyInPackage>לא ידוע</QtyInPackage><UnitOfMeasurePrice>0.0248</UnitOfMeasurePrice><AllowDiscount>1</AllowDiscount><ItemStatus>1</ItemStatus><ItemPrice>9.90</ItemPrice></item><item><PriceUpdateDate>2016-04-03 10:07:15</PriceUpdateDate><ItemCode>7290103400255</ItemCode><ItemType>1</ItemType><ItemName>סלט קולסלאו בדצ' שטר</ItemName><ManufacturerName>שטראוס</ManufacturerName><ManufactureCountry>ישראל</ManufactureCountry><ManufacturerItemDescription>לקט לסלט קולסלאו 400 גר ב</ManufacturerItemDescription><SoldByWeight/><Quantity>400.00</Quantity><UnitOfMeasure>גרם     </UnitOfMeasure><QtyInPackage>לא ידוע</QtyInPackage><UnitOfMeasurePrice>0.0248</UnitOfMeasurePrice><AllowDiscount>1</AllowDiscount><ItemStatus>1</ItemStatus><ItemPrice>9.90</ItemPrice></item><item><PriceUpdateDate>2016-05-01 21:47:14</PriceUpdateDate><ItemCode>7290103401429</ItemCode><ItemType>1</ItemType><ItemName>קפה נמס 200 ג' קצב ב</ItemName><ManufacturerName>דרום אמריקה</ManufacturerName><ManufactureCountry>ישראל</ManufactureCountry><ManufacturerItemDescription>קפה קצב ברזילאי 200 גר</ManufacturerItemDescription><SoldByWeight/><Quantity>200.00</Quantity><UnitOfMeasure>גרם     </UnitOfMeasure><QtyInPackage>לא ידוע</QtyInPackage><UnitOfMeasurePrice>0.1595</UnitOfMeasurePrice><AllowDiscount>1</AllowDiscount><ItemStatus>1</ItemStatus><ItemPrice>31.90</ItemPrice></item><item><PriceUpdateDate>2016-05-23 09:03:57</PriceUpdateDate><ItemCode>7290103401627</ItemCode><ItemType>1</ItemType><ItemName>דנונה אננס 3% 150 גר</ItemName><ManufacturerName>דנונה</ManufacturerName><ManufactureCountry>ישראל</ManufactureCountry><ManufacturerItemDescription>דנונה אננס 3% 150 גר</ManufacturerItemDescription><SoldByWeight/><Quantity>150.00</Quantity><UnitOfMeasure>גרם     </UnitOfMeasure><QtyInPackage>לא ידוע</QtyInPackage><UnitOfMeasurePrice>0.0260</UnitOfMeasurePrice><AllowDiscount>1</AllowDiscount><ItemStatus>1</ItemStatus><ItemPrice>3.90</ItemPrice></item><item><PriceUpdateDate>2016-02-22 09:25:38</PriceUpdateDate><ItemCode>7290103402815</ItemCode><ItemType>1</ItemType><ItemName>אצבעות שוקולד שמיניו</ItemName><ManufacturerName>לא ידוע</ManufacturerName><ManufactureCountry>ישראל</ManufactureCountry><ManufacturerItemDescription>אצבעות שוקולד 1/8 קרם חלב</ManufacturerItemDescription><SoldByWeight/><Quantity>96.00</Quantity><UnitOfMeasure>גרם     </UnitOfMeasure><QtyInPackage>לא ידוע</QtyInPackage><UnitOfMeasurePrice>0.0885</UnitOfMeasurePrice><AllowDiscount>0</AllowDiscount><ItemStatus>1</ItemStatus><ItemPrice>8.50</ItemPrice></item><item><PriceUpdateDate>2016-02-22 09:25:38</PriceUpdateDate><ItemCode>7290103402839</ItemCode><ItemType>1</ItemType><ItemName>אצבעות שוקולד שמיניו</ItemName><ManufacturerName>לא ידוע</ManufacturerName><ManufactureCountry>ישראל</ManufactureCountry><ManufacturerItemDescription>אצבעות שוקולד שמיניו</ManufacturerItemDescription><SoldByWeight/><Quantity>96.00</Quantity><UnitOfMeasure>גרם     </UnitOfMeasure><QtyInPackage>לא ידוע</QtyInPackage><UnitOfMeasurePrice>0.0885</UnitOfMeasurePrice><AllowDiscount>0</AllowDiscount><ItemStatus>1</ItemStatus><ItemPrice>8.50</ItemPrice></item><item><PriceUpdateDate>2015-10-11 18:11:00</PriceUpdateDate><ItemCode>7290103403997</ItemCode><ItemType>1</ItemType><ItemName>מאגדת חטיפי אנרג'י מ</ItemName><ManufacturerName>אנרג'י</ManufacturerName><ManufactureCountry>ישראל</ManufactureCountry><ManufacturerItemDescription>חטיף דגנים אגוזים ושוקולד</ManufacturerItemDescription><SoldByWeight/><Quantity>156.00</Quantity><UnitOfMeasure>גרם     </UnitOfMeasure><QtyInPackage>לא ידוע</QtyInPackage><UnitOfMeasurePrice>0.1186</UnitOfMeasurePrice><AllowDiscount>1</AllowDiscount><ItemStatus>1</ItemStatus><ItemPrice>18.50</ItemPrice></item><item><PriceUpdateDate>2015-10-11 18:11:00</PriceUpdateDate><ItemCode>7290103404017</ItemCode><ItemType>1</ItemType><ItemName>מאגדת אנרג'י מיקס פי</ItemName><ManufacturerName>אנרג'י</ManufacturerName><ManufactureCountry>ישראל</ManufactureCountry><ManufacturerItemDescription>חטיף דגנים מיקס פירות ליי</ManufacturerItemDescription><SoldByWeight/><Quantity>120.00</Quantity><UnitOfMeasure>גרם     </UnitOfMeasure><QtyInPackage>לא ידוע</QtyInPackage><UnitOfMeasurePrice>0.1542</UnitOfMeasurePrice><AllowDiscount>1</AllowDiscount><ItemStatus>1</ItemStatus><ItemPrice>18.50</ItemPrice></item><item><PriceUpdateDate>2015-10-11 18:11:00</PriceUpdateDate><ItemCode>7290103404024</ItemCode><ItemType>1</ItemType><ItemName>מאגדת אנרג'י מיקס אג</ItemName><ManufacturerName>אנרג'י</ManufacturerName><ManufactureCountry>ישראל</ManufactureCountry><ManufacturerItemDescription>חטיף דגנים מיקס אגוזים לי</ManufacturerItemDescription><SoldByWeight/><Quantity>120.00</Quantity><UnitOfMeasure>גרם     </UnitOfMeasure><QtyInPackage>לא ידוע</QtyInPackage><UnitOfMeasurePrice>0.1542</UnitOfMeasurePrice><AllowDiscount>1</AllowDiscount><ItemStatus>1</ItemStatus><ItemPrice>18.50</ItemPrice></item><item><PriceUpdateDate>2015-10-20 16:39:48</PriceUpdateDate><ItemCode>7290103404758</ItemCode><ItemType>1</ItemType><ItemName>סלט כרוב אדום יום יו</ItemName><ManufacturerName>אחלה</ManufacturerName><ManufactureCountry>ישראל</ManufactureCountry><ManufacturerItemDescription>סלט כרוב 120 גרם</ManufacturerItemDescription><SoldByWeight/><Quantity>120.00</Quantity><UnitOfMeasure>גרם     </UnitOfMeasure><QtyInPackage>לא ידוע</QtyInPackage><UnitOfMeasurePrice>0.0508</UnitOfMeasurePrice><AllowDiscount>1</AllowDiscount><ItemStatus>1</ItemStatus><ItemPrice>6.10</ItemPrice></item><item><PriceUpdateDate>2016-03-13 09:40:11</PriceUpdateDate><ItemCode>7290103406806</ItemCode><ItemType>1</ItemType><ItemName>עוגה בחושה בטעם שוקו</ItemName><ManufacturerName>עלית</ManufacturerName><ManufactureCountry>ישראל</ManufactureCountry><ManufacturerItemDescription>עוגת שוקולד 330 גרם</ManufacturerItemDescription><SoldByWeight/><Quantity>330.00</Quantity><UnitOfMeasure>גרם     </UnitOfMeasure><QtyInPackage>לא ידוע</QtyInPackage><UnitOfMeasurePrice>0.0361</UnitOfMeasurePrice><AllowDiscount>1</AllowDiscount><ItemStatus>1</ItemStatus><ItemPrice>11.90</ItemPrice></item><item><PriceUpdateDate>2016-05-23 06:41:32</PriceUpdateDate><ItemCode>7290103407209</ItemCode><ItemType>1</ItemType><ItemName>מארז תפוצ'יפס קידס 6</ItemName><ManufacturerName>תפוצ'יפס</ManufacturerName><ManufactureCountry>ישראל</ManufactureCountry><ManufacturerItemDescription>מארז תפוצ'יפס קידס 6</ManufacturerItemDescription><SoldByWeight/><Quantity>180.00</Quantity><UnitOfMeasure>גרם     </UnitOfMeasure><QtyInPackage>לא ידוע</QtyInPackage><UnitOfMeasurePrice>0.0717</UnitOfMeasurePrice><AllowDiscount>1</AllowDiscount><ItemStatus>1</ItemStatus><ItemPrice>12.90</ItemPrice></item><item><PriceUpdateDate>2015-10-26 09:14:01</PriceUpdateDate><ItemCode>7290103407506</ItemCode><ItemType>1</ItemType><ItemName>מקופלת XL חלב 33 גרם</ItemName><ManufacturerName>מקופלת</ManufacturerName><ManufactureCountry>ישראל</ManufactureCountry><ManufacturerItemDescription>חטיף מקופלת XL חלב 33 גרם</ManufacturerItemDescription><SoldByWeight/><Quantity>33.00</Quantity><UnitOfMeasure>גרם     </UnitOfMeasure><QtyInPackage>לא ידוע</QtyInPackage><UnitOfMeasurePrice>0.1515</UnitOfMeasurePrice><AllowDiscount>1</AllowDiscount><ItemStatus>1</ItemStatus><ItemPrice>5.00</ItemPrice></item><item><PriceUpdateDate>2015-10-20 16:43:50</PriceUpdateDate><ItemCode>7290103407902</ItemCode><ItemType>1</ItemType><ItemName>מארז מיני מילקי 8*70</ItemName><ManufacturerName>מילקי מהדרין</ManufacturerName><ManufactureCountry>ישראל</ManufactureCountry><ManufacturerItemDescription>מארז מיני מילקי 8*70</ManufacturerItemDescription><SoldByWeight/><Quantity>560.00</Quantity><UnitOfMeasure>גרם     </UnitOfMeasure><QtyInPackage>לא ידוע</QtyInPackage><UnitOfMeasurePrice>0.0225</UnitOfMeasurePrice><AllowDiscount>1</AllowDiscount><ItemStatus>1</ItemStatus><ItemPrice>12.60</ItemPrice></item><item><PriceUpdateDate>2016-04-03 10:07:15</PriceUpdateDate><ItemCode>7290103408206</ItemCode><ItemType>1</ItemType><ItemName>עלי חסה בקופסא ירקות</ItemName><ManufacturerName>שטראוס</ManufacturerName><ManufactureCountry>ישראל</ManufactureCountry><ManufacturerItemDescription>עלי חסה שטופים בקופסא250</ManufacturerItemDescription><SoldByWeight/><Quantity>250.00</Quantity><UnitOfMeasure>גרם     </UnitOfMeasure><QtyInPackage>לא ידוע</QtyInPackage><UnitOfMeasurePrice>0.0476</UnitOfMeasurePrice><AllowDiscount>1</AllowDiscount><ItemStatus>1</ItemStatus><ItemPrice>11.90</ItemPrice></item><item><PriceUpdateDate>2016-03-10 09:54:29</PriceUpdateDate><ItemCode>7290103590307</ItemCode><ItemType>1</ItemType><ItemName>טונה בשמן סויה כוכב</ItemName><ManufacturerName>כוכב הבית</ManufacturerName><ManufactureCountry>ישראל</ManufactureCountry><ManufacturerItemDescription>טונה בשמן סויה כוכב</ManufacturerItemDescription><SoldByWeight/><Quantity>160.00</Quantity><UnitOfMeasure>גרם     </UnitOfMeasure><QtyInPackage>לא ידוע</QtyInPackage><UnitOfMeasurePrice>0.0419</UnitOfMeasurePrice><AllowDiscount>1</AllowDiscount><ItemStatus>1</ItemStatus><ItemPrice>5.90</ItemPrice></item><item><PriceUpdateDate>2016-04-22 15:25:39</PriceUpdateDate><ItemCode>7290103590321</ItemCode><ItemType>1</ItemType><ItemName>טונה בשמן קנולה כוכב</ItemName><ManufacturerName>כוכב הבית</ManufacturerName><ManufactureCountry>ישראל</ManufactureCountry><ManufacturerItemDescription>טונה בשמן קנולה כוכב</ManufacturerItemDescription><SoldByWeight/><Quantity>160.00</Quantity><UnitOfMeasure>גרם     </UnitOfMeasure><QtyInPackage>לא ידוע</QtyInPackage><UnitOfMeasurePrice>0.0419</UnitOfMeasurePrice><AllowDiscount>1</AllowDiscount><ItemStatus>1</ItemStatus><ItemPrice>5.90</ItemPrice></item><item><PriceUpdateDate>2015-12-31 09:26:18</PriceUpdateDate><ItemCode>7290103595036</ItemCode><ItemType>1</ItemType><ItemName>מפת שולחן 8 במותג קו</ItemName><ManufacturerName>כוכב הבית</ManufacturerName><ManufactureCountry>ישראל</ManufactureCountry><ManufacturerItemDescription>מפת שולחן 8 במותג קו</ManufacturerItemDescription><SoldByWeight/><Quantity>8.00</Quantity><UnitOfMeasure>בודד</UnitOfMeasure><QtyInPackage>לא ידוע</QtyInPackage><UnitOfMeasurePrice>1.0375</UnitOfMeasurePrice><AllowDiscount>1</AllowDiscount><ItemStatus>1</ItemStatus><ItemPrice>8.30</ItemPrice></item><item><PriceUpdateDate>2014-11-03 06:38:18</PriceUpdateDate><ItemCode>7290103595807</ItemCode><ItemType>1</ItemType><ItemName>מפיון דיספנסר כוכב ה</ItemName><ManufacturerName>כוכב הבית</ManufacturerName><ManufactureCountry>ישראל</ManufactureCountry><ManufacturerItemDescription>מפיון דיספנסר כוכב ה</ManufacturerItemDescription><SoldByWeight/><Quantity>0.00</Quantity><UnitOfMeasure>יח'</UnitOfMeasure><QtyInPackage>לא ידוע</QtyInPackage><UnitOfMeasurePrice>0.0000</UnitOfMeasurePrice><AllowDiscount>1</AllowDiscount><ItemStatus>1</ItemStatus><ItemPrice>4.10</ItemPrice></item><item><PriceUpdateDate>2016-06-15 07:14:05</PriceUpdateDate><ItemCode>7290103700089</ItemCode><ItemType>1</ItemType><ItemName>מגבות נייר שישייה המ</ItemName><ManufacturerName>"המותג"</ManufacturerName><ManufactureCountry>ישראל</ManufactureCountry><ManufacturerItemDescription>מגבות נייר שישייה המ</ManufacturerItemDescription><SoldByWeight/><Quantity>6.00</Quantity><UnitOfMeasure>יח</UnitOfMeasure><QtyInPackage>לא ידוע</QtyInPackage><UnitOfMeasurePrice>1.6500</UnitOfMeasurePrice><AllowDiscount>1</AllowDiscount><ItemStatus>1</ItemStatus><ItemPrice>9.90</ItemPrice></item><item><PriceUpdateDate>2016-01-14 09:15:37</PriceUpdateDate><ItemCode>7290104060403</ItemCode><ItemType>1</ItemType><ItemName>מסטיק מאסט בזוקה ענב</ItemName><ManufacturerName>בזוקה</ManufacturerName><ManufactureCountry>ישראל</ManufactureCountry><ManufacturerItemDescription>מסטיק מאסט בזוקה ענבים לל</ManufacturerItemDescription><SoldByWeight/><Quantity>28.00</Quantity><UnitOfMeasure>גרם     </UnitOfMeasure><QtyInPackage>לא ידוע</QtyInPackage><UnitOfMeasurePrice>0.1607</UnitOfMeasurePrice><AllowDiscount>1</AllowDiscount><ItemStatus>1</ItemStatus><ItemPrice>4.50</ItemPrice></item><item><PriceUpdateDate>2015-12-27 12:17:23</PriceUpdateDate><ItemCode>7290104061219</ItemCode><ItemType>1</ItemType><ItemName>רבע לשבע חלב קרם נוג</ItemName><ManufacturerName>עלית</ManufacturerName><ManufactureCountry>ישראל</ManufactureCountry><ManufacturerItemDescription>רבע לשבע אגוזים 120 גרם</ManufacturerItemDescription><SoldByWeight/><Quantity>120.00</Quantity><UnitOfMeasure>גרם     </UnitOfMeasure><QtyInPackage>לא ידוע</QtyInPackage><UnitOfMeasurePrice>0.1158</UnitOfMeasurePrice><AllowDiscount>1</AllowDiscount><ItemStatus>1</ItemStatus><ItemPrice>13.90</ItemPrice></item><item><PriceUpdateDate>2015-12-09 07:05:14</PriceUpdateDate><ItemCode>7290104061417</ItemCode><ItemType>1</ItemType><ItemName>סלט חומוס אחלה עם טח</ItemName><ManufacturerName>אחלה</ManufacturerName><ManufactureCountry>ישראל</ManufactureCountry><ManufacturerItemDescription>סלט חומוס וטחינה 400 גרם</ManufacturerItemDescription><SoldByWeight/><Quantity>400.00</Quantity><UnitOfMeasure>גרם     </UnitOfMeasure><QtyInPackage>לא ידוע</QtyInPackage><UnitOfMeasurePrice>0.0298</UnitOfMeasurePrice><AllowDiscount>0</AllowDiscount><ItemStatus>1</ItemStatus><ItemPrice>11.90</ItemPrice></item><item><PriceUpdateDate>2015-12-09 07:05:14</PriceUpdateDate><ItemCode>7290104061424</ItemCode><ItemType>1</ItemType><ItemName>סלט חומוס אחלה עם זע</ItemName><ManufacturerName>אחלה</ManufacturerName><ManufactureCountry>ישראל</ManufactureCountry><ManufacturerItemDescription>סלט חומוס אחלה עם זע</ManufacturerItemDescription><SoldByWeight/><Quantity>400.00</Quantity><UnitOfMeasure>גרם     </UnitOfMeasure><QtyInPackage>לא ידוע</QtyInPackage><UnitOfMeasurePrice>0.0298</UnitOfMeasurePrice><AllowDiscount>0</AllowDiscount><ItemStatus>1</ItemStatus><ItemPrice>11.90</ItemPrice></item><item><PriceUpdateDate>2015-12-09 07:05:14</PriceUpdateDate><ItemCode>7290104061431</ItemCode><ItemType>1</ItemType><ItemName>סלט חומוס אחלה עם צנ</ItemName><ManufacturerName>אחלה</ManufacturerName><ManufactureCountry>ישראל</ManufactureCountry><ManufacturerItemDescription>סלט חומוס וצנובר 400 גרם</ManufacturerItemDescription><SoldByWeight/><Quantity>400.00</Quantity><UnitOfMeasure>גרם     </UnitOfMeasure><QtyInPackage>לא ידוע</QtyInPackage><UnitOfMeasurePrice>0.0298</UnitOfMeasurePrice><AllowDiscount>0</AllowDiscount><ItemStatus>1</ItemStatus><ItemPrice>11.90</ItemPrice></item><item><PriceUpdateDate>2015-12-09 07:05:14</PriceUpdateDate><ItemCode>7290104061448</ItemCode><ItemType>1</ItemType><ItemName>סלט חומוס אחלה עם חר</ItemName><ManufacturerName>אחלה</ManufacturerName><ManufactureCountry>ישראל</ManufactureCountry><ManufacturerItemDescription>סלט חומוס וחריף 400 גרם</ManufacturerItemDescription><SoldByWeight/><Quantity>400.00</Quantity><UnitOfMeasure>גרם     </UnitOfMeasure><QtyInPackage>לא ידוע</QtyInPackage><UnitOfMeasurePrice>0.0298</UnitOfMeasurePrice><AllowDiscount>0</AllowDiscount><ItemStatus>1</ItemStatus><ItemPrice>11.90</ItemPrice></item><item><PriceUpdateDate>2016-05-23 09:03:57</PriceUpdateDate><ItemCode>7290104062599</ItemCode><ItemType>1</ItemType><ItemName>מארז שמינייה גמדים ת</ItemName><ManufacturerName>גמדים</ManufacturerName><ManufactureCountry>ישראל</ManufactureCountry><ManufacturerItemDescription>מארז שמינייה גמדים ת</ManufacturerItemDescription><SoldByWeight/><Quantity>800.00</Quantity><UnitOfMeasure>גרם     </UnitOfMeasure><QtyInPackage>לא ידוע</QtyInPackage><UnitOfMeasurePrice>0.0236</UnitOfMeasurePrice><AllowDiscount>1</AllowDiscount><ItemStatus>1</ItemStatus><ItemPrice>18.90</ItemPrice></item><item><PriceUpdateDate>2015-12-01 08:42:18</PriceUpdateDate><ItemCode>7290104062681</ItemCode><ItemType>1</ItemType><ItemName>סוכריות מאסט פטל לימ</ItemName><ManufacturerName>מאסט</ManufacturerName><ManufactureCountry>פולין</ManufactureCountry><ManufacturerItemDescription>לקקן יוגטה      'רי180ג</ManufacturerItemDescription><SoldByWeight/><Quantity>80.00</Quantity><UnitOfMeasure>גרם     </UnitOfMeasure><QtyInPackage>לא ידוע</QtyInPackage><UnitOfMeasurePrice>0.1113</UnitOfMeasurePrice><AllowDiscount>1</AllowDiscount><ItemStatus>1</ItemStatus><ItemPrice>8.90</ItemPrice></item><item><PriceUpdateDate>2015-10-11 18:11:00</PriceUpdateDate><ItemCode>7290104064111</ItemCode><ItemType>1</ItemType><ItemName>מאגדת אנרג'י מריר וא</ItemName><ManufacturerName>אנרג'י</ManufacturerName><ManufactureCountry>ישראל</ManufactureCountry><ManufacturerItemDescription>חטיף דגנים שוקולד מריר</ManufacturerItemDescription><SoldByWeight/><Quantity>156.00</Quantity><UnitOfMeasure>גרם     </UnitOfMeasure><QtyInPackage>לא ידוע</QtyInPackage><UnitOfMeasurePrice>0.1186</UnitOfMeasurePrice><AllowDiscount>1</AllowDiscount><ItemStatus>1</ItemStatus><ItemPrice>18.50</ItemPrice></item><item><PriceUpdateDate>2016-04-03 10:07:15</PriceUpdateDate><ItemCode>7290104065934</ItemCode><ItemType>1</ItemType><ItemName>עלי רוקט ירקות שטראו</ItemName><ManufacturerName>B.B.B</ManufacturerName><ManufactureCountry>ישראל</ManufactureCountry><ManufacturerItemDescription>עלי רוקט 150 גרם</ManufacturerItemDescription><SoldByWeight/><Quantity>150.00</Quantity><UnitOfMeasure>גרם     </UnitOfMeasure><QtyInPackage>לא ידוע</QtyInPackage><UnitOfMeasurePrice>0.0727</UnitOfMeasurePrice><AllowDiscount>1</AllowDiscount><ItemStatus>1</ItemStatus><ItemPrice>10.90</ItemPrice></item><item><PriceUpdateDate>2015-10-11 18:11:00</PriceUpdateDate><ItemCode>7290104066016</ItemCode><ItemType>1</ItemType><ItemName>מילקי טופ עדשים 134</ItemName><ManufacturerName>מילקי</ManufacturerName><ManufactureCountry>ישראל</ManufactureCountry><ManufacturerItemDescription>מילקי טופ עדשים 170 מל</ManufacturerItemDescription><SoldByWeight/><Quantity>134.00</Quantity><UnitOfMeasure>גרם     </UnitOfMeasure><QtyInPackage>לא ידוע</QtyInPackage><UnitOfMeasurePrice>0.0351</UnitOfMeasurePrice><AllowDiscount>1</AllowDiscount><ItemStatus>1</ItemStatus><ItemPrice>4.70</ItemPrice></item><item><PriceUpdateDate>2015-11-16 09:47:12</PriceUpdateDate><ItemCode>7290104066566</ItemCode><ItemType>1</ItemType><ItemName>טחינה אחלה 500 גרם</ItemName><ManufacturerName>אחלה</ManufacturerName><ManufactureCountry>ישראל</ManufactureCountry><ManufacturerItemDescription>טחינה משומשום מלא 500 גרם</ManufacturerItemDescription><SoldByWeight/><Quantity>500.00</Quantity><UnitOfMeasure>גרם     </UnitOfMeasure><QtyInPackage>לא ידוע</QtyInPackage><UnitOfMeasurePrice>0.0344</UnitOfMeasurePrice><AllowDiscount>1</AllowDiscount><ItemStatus>1</ItemStatus><ItemPrice>17.20</ItemPrice></item><item><PriceUpdateDate>2016-05-01 21:47:14</PriceUpdateDate><ItemCode>7290104067198</ItemCode><ItemType>1</ItemType><ItemName>שוקולד ספלנדיד מריר</ItemName><ManufacturerName>לא ידוע</ManufacturerName><ManufactureCountry>ישראל</ManufactureCountry><ManufacturerItemDescription>שוקולד ספלנדיד מריר</ManufacturerItemDescription><SoldByWeight/><Quantity>100.00</Quantity><UnitOfMeasure>גרם     </UnitOfMeasure><QtyInPackage>לא ידוע</QtyInPackage><UnitOfMeasurePrice>0.1190</UnitOfMeasurePrice><AllowDiscount>1</AllowDiscount><ItemStatus>1</ItemStatus><ItemPrice>11.90</ItemPrice></item><item><PriceUpdateDate>2015-10-11 11:22:42</PriceUpdateDate><ItemCode>7290104067723</ItemCode><ItemType>1</ItemType><ItemName>כיף כף סוכריות קופצו</ItemName><ManufacturerName>כיף כף</ManufacturerName><ManufactureCountry>ישראל</ManufactureCountry><ManufacturerItemDescription>כיףכף סוכריות קופצות</ManufacturerItemDescription><SoldByWeight/><Quantity>50.00</Quantity><UnitOfMeasure>גרם     </UnitOfMeasure><QtyInPackage>לא ידוע</QtyInPackage><UnitOfMeasurePrice>0.1000</UnitOfMeasurePrice><AllowDiscount>1</AllowDiscount><ItemStatus>1</ItemStatus><ItemPrice>5.00</ItemPrice></item><item><PriceUpdateDate>2016-01-14 09:15:37</PriceUpdateDate><ItemCode>7290104068539</ItemCode><ItemType>1</ItemType><ItemName>מסטיק מאסט מלון ואבט</ItemName><ManufacturerName>מאסט</ManufacturerName><ManufactureCountry>ישראל</ManufactureCountry><ManufacturerItemDescription>מסטיק מאסט מלון ואבטיח</ManufacturerItemDescription><SoldByWeight/><Quantity>28.00</Quantity><UnitOfMeasure>גרם     </UnitOfMeasure><QtyInPackage>לא ידוע</QtyInPackage><UnitOfMeasurePrice>0.1607</UnitOfMeasurePrice><AllowDiscount>1</AllowDiscount><ItemStatus>1</ItemStatus><ItemPrice>4.50</ItemPrice></item><item><PriceUpdateDate>2016-01-14 09:15:37</PriceUpdateDate><ItemCode>7290104068546</ItemCode><ItemType>1</ItemType><ItemName>מסטיק מאסט קולה 28 ג</ItemName><ManufacturerName>מאסט</ManufacturerName><ManufactureCountry>ישראל</ManufactureCountry><ManufacturerItemDescription>מסטיק מאסט בטעם קולה קרח</ManufacturerItemDescription><SoldByWeight/><Quantity>28.00</Quantity><UnitOfMeasure>גרם     </UnitOfMeasure><QtyInPackage>לא ידוע</QtyInPackage><UnitOfMeasurePrice>0.1607</UnitOfMeasurePrice><AllowDiscount>1</AllowDiscount><ItemStatus>1</ItemStatus><ItemPrice>4.50</ItemPrice></item><item><PriceUpdateDate>2015-10-20 16:50:26</PriceUpdateDate><ItemCode>7290104068676</ItemCode><ItemType>1</ItemType><ItemName>חטיף תפוציפס קידס 45</ItemName><ManufacturerName>תפוצ'יפס</ManufacturerName><ManufactureCountry>ישראל</ManufactureCountry><ManufacturerItemDescription>חטיף תפוציפס קידס 45</ManufacturerItemDescription><SoldByWeight/><Quantity>45.00</Quantity><UnitOfMeasure>גרם     </UnitOfMeasure><QtyInPackage>לא ידוע</QtyInPackage><UnitOfMeasurePrice>0.0733</UnitOfMeasurePrice><AllowDiscount>1</AllowDiscount><ItemStatus>1</ItemStatus><ItemPrice>3.30</ItemPrice></item><item><PriceUpdateDate>2015-12-01 08:42:18</PriceUpdateDate><ItemCode>7290104069116</ItemCode><ItemType>1</ItemType><ItemName>סוכריות ללא סוכר 80</ItemName><ManufacturerName>לא ממותג</ManufacturerName><ManufactureCountry>פולין</ManufactureCountry><ManufacturerItemDescription>דאודורנט דאב    ק 50 גרם</ManufacturerItemDescription><SoldByWeight/><Quantity>80.00</Quantity><UnitOfMeasure>גרם     </UnitOfMeasure><QtyInPackage>לא ידוע</QtyInPackage><UnitOfMeasurePrice>0.1113</UnitOfMeasurePrice><AllowDiscount>1</AllowDiscount><ItemStatus>1</ItemStatus><ItemPrice>8.90</ItemPrice></item><item><PriceUpdateDate>2016-04-03 10:07:15</PriceUpdateDate><ItemCode>7290104069680</ItemCode><ItemType>1</ItemType><ItemName>עלי תרד ניו זילנדי 3</ItemName><ManufacturerName>לא ממותג</ManufacturerName><ManufactureCountry>ישראל</ManufactureCountry><ManufacturerItemDescription>עלי תרד 300 גרם</ManufacturerItemDescription><SoldByWeight/><Quantity>300.00</Quantity><UnitOfMeasure>גרם     </UnitOfMeasure><QtyInPackage>לא ידוע</QtyInPackage><UnitOfMeasurePrice>0.0497</UnitOfMeasurePrice><AllowDiscount>1</AllowDiscount><ItemStatus>1</ItemStatus><ItemPrice>14.90</ItemPrice></item><item><PriceUpdateDate>2016-05-30 22:05:13</PriceUpdateDate><ItemCode>7290104500572</ItemCode><ItemType>1</ItemType><ItemName>חטיף אפרופו איטליאנו</ItemName><ManufacturerName>אפרופו</ManufacturerName><ManufactureCountry>ישראל</ManufactureCountry><ManufacturerItemDescription>אפרופו איטליאנו 50 גרם</ManufacturerItemDescription><SoldByWeight/><Quantity>50.00</Quantity><UnitOfMeasure>גרם     </UnitOfMeasure><QtyInPackage>לא ידוע</QtyInPackage><UnitOfMeasurePrice>0.0860</UnitOfMeasurePrice><AllowDiscount>1</AllowDiscount><ItemStatus>1</ItemStatus><ItemPrice>4.30</ItemPrice></item><item><PriceUpdateDate>2016-03-16 15:40:50</PriceUpdateDate><ItemCode>7290104501661</ItemCode><ItemType>1</ItemType><ItemName>פודינג בטעם וניל צרפ</ItemName><ManufacturerName>אסם</ManufacturerName><ManufactureCountry>ישראל</ManufactureCountry><ManufacturerItemDescription>פודינג וניל צרפתי 80 גר</ManufacturerItemDescription><SoldByWeight/><Quantity>80.00</Quantity><UnitOfMeasure>גרם     </UnitOfMeasure><QtyInPackage>לא ידוע</QtyInPackage><UnitOfMeasurePrice>0.0688</UnitOfMeasurePrice><AllowDiscount>1</AllowDiscount><ItemStatus>1</ItemStatus><ItemPrice>5.50</ItemPrice></item><item><PriceUpdateDate>2016-05-30 22:05:13</PriceUpdateDate><ItemCode>7290104504228</ItemCode><ItemType>1</ItemType><ItemName>מארז חטיף דובונים 5*</ItemName><ManufacturerName>אסם</ManufacturerName><ManufactureCountry>ישראל</ManufactureCountry><ManufacturerItemDescription>מארז חטיף דובונים 5*</ManufacturerItemDescription><SoldByWeight/><Quantity>100.00</Quantity><UnitOfMeasure>גרם     </UnitOfMeasure><QtyInPackage>לא ידוע</QtyInPackage><UnitOfMeasurePrice>0.1520</UnitOfMeasurePrice><AllowDiscount>1</AllowDiscount><ItemStatus>1</ItemStatus><ItemPrice>15.20</ItemPrice></item><item><PriceUpdateDate>2016-05-30 22:05:13</PriceUpdateDate><ItemCode>7290104508882</ItemCode><ItemType>1</ItemType><ItemName>מב סלט חציל בלאדי במ</ItemName><ManufacturerName>צבר</ManufacturerName><ManufactureCountry>ישראל</ManufactureCountry><ManufacturerItemDescription>סלט חצילים בלאדי במיונז 4</ManufacturerItemDescription><SoldByWeight/><Quantity>400.00</Quantity><UnitOfMeasure>גרם     </UnitOfMeasure><QtyInPackage>לא ידוע</QtyInPackage><UnitOfMeasurePrice>0.0348</UnitOfMeasurePrice><AllowDiscount>1</AllowDiscount><ItemStatus>1</ItemStatus><ItemPrice>13.90</ItemPrice></item><item><PriceUpdateDate>2015-11-12 18:18:36</PriceUpdateDate><ItemCode>7290104508943</ItemCode><ItemType>1</ItemType><ItemName>במבה קלאסי 200 גרם</ItemName><ManufacturerName>במבה</ManufacturerName><ManufactureCountry>ישראל</ManufactureCountry><ManufacturerItemDescription>במבה קלאסי 200 גרם</ManufacturerItemDescription><SoldByWeight/><Quantity>200.00</Quantity><UnitOfMeasure>גרם     </UnitOfMeasure><QtyInPackage>לא ידוע</QtyInPackage><UnitOfMeasurePrice>0.0565</UnitOfMeasurePrice><AllowDiscount>1</AllowDiscount><ItemStatus>1</ItemStatus><ItemPrice>11.30</ItemPrice></item><item><PriceUpdateDate>2014-11-03 06:38:28</PriceUpdateDate><ItemCode>7290104570162</ItemCode><ItemType>1</ItemType><ItemName>תמר כבוש 500 גרם</ItemName><ManufacturerName>תמר שאן</ManufacturerName><ManufactureCountry>ישראל</ManufactureCountry><ManufacturerItemDescription>תמר כבוש 500 גרם</ManufacturerItemDescription><SoldByWeight/><Quantity>500.00</Quantity><UnitOfMeasure>גרם     </UnitOfMeasure><QtyInPackage>לא ידוע</QtyInPackage><UnitOfMeasurePrice>0.0324</UnitOfMeasurePrice><AllowDiscount>1</AllowDiscount><ItemStatus>1</ItemStatus><ItemPrice>16.20</ItemPrice></item><item><PriceUpdateDate>2015-11-16 09:47:12</PriceUpdateDate><ItemCode>7290104721533</ItemCode><ItemType>1</ItemType><ItemName>רצועות פלפלים קלויים</ItemName><ManufacturerName>אחלה</ManufacturerName><ManufactureCountry>ישראל</ManufactureCountry><ManufacturerItemDescription>רצועות פלפלים קלויים 400</ManufacturerItemDescription><SoldByWeight/><Quantity>400.00</Quantity><UnitOfMeasure>גרם     </UnitOfMeasure><QtyInPackage>לא ידוע</QtyInPackage><UnitOfMeasurePrice>0.0442</UnitOfMeasurePrice><AllowDiscount>1</AllowDiscount><ItemStatus>1</ItemStatus><ItemPrice>17.70</ItemPrice></item><item><PriceUpdateDate>2016-05-30 22:05:14</PriceUpdateDate><ItemCode>7290104721762</ItemCode><ItemType>1</ItemType><ItemName>מארז קפה טורקי עלית</ItemName><ManufacturerName>טורקי עלית</ManufacturerName><ManufactureCountry>ישראל</ManufactureCountry><ManufacturerItemDescription>מארז קפה טורקי עלית</ManufacturerItemDescription><SoldByWeight/><Quantity>255.00</Quantity><UnitOfMeasure>גרם     </UnitOfMeasure><QtyInPackage>לא ידוע</QtyInPackage><UnitOfMeasurePrice>0.0820</UnitOfMeasurePrice><AllowDiscount>1</AllowDiscount><ItemStatus>1</ItemStatus><ItemPrice>20.90</ItemPrice></item><item><PriceUpdateDate>2016-04-03 10:07:15</PriceUpdateDate><ItemCode>7290104721953</ItemCode><ItemType>1</ItemType><ItemName>לקט מסולסלים ירקות ש</ItemName><ManufacturerName>שטראוס</ManufacturerName><ManufactureCountry>ישראל</ManufactureCountry><ManufacturerItemDescription>לקט מסולסלים 350 גרם</ManufacturerItemDescription><SoldByWeight/><Quantity>350.00</Quantity><UnitOfMeasure>גרם     </UnitOfMeasure><QtyInPackage>לא ידוע</QtyInPackage><UnitOfMeasurePrice>0.0426</UnitOfMeasurePrice><AllowDiscount>1</AllowDiscount><ItemStatus>1</ItemStatus><ItemPrice>14.90</ItemPrice></item><item><PriceUpdateDate>2015-12-27 12:17:23</PriceUpdateDate><ItemCode>7290104722509</ItemCode><ItemType>1</ItemType><ItemName>רבע לשבע מריר קרם טר</ItemName><ManufacturerName>עלית</ManufacturerName><ManufactureCountry>ישראל</ManufactureCountry><ManufacturerItemDescription>רבע לשבע מריר קרם טר</ManufacturerItemDescription><SoldByWeight/><Quantity>120.00</Quantity><UnitOfMeasure>גרם     </UnitOfMeasure><QtyInPackage>לא ידוע</QtyInPackage><UnitOfMeasurePrice>0.1158</UnitOfMeasurePrice><AllowDiscount>1</AllowDiscount><ItemStatus>1</ItemStatus><ItemPrice>13.90</ItemPrice></item><item><PriceUpdateDate>2016-06-01 06:54:03</PriceUpdateDate><ItemCode>7290104722530</ItemCode><ItemType>1</ItemType><ItemName>מב תפוצ'יפס שמנת בצל</ItemName><ManufacturerName>תפוצ'יפס</ManufacturerName><ManufactureCountry>ישראל</ManufactureCountry><ManufacturerItemDescription>תפוציפס שמנת בצל 200 גרם</ManufacturerItemDescription><SoldByWeight/><Quantity>200.00</Quantity><UnitOfMeasure>גרם     </UnitOfMeasure><QtyInPackage>לא ידוע</QtyInPackage><UnitOfMeasurePrice>0.0445</UnitOfMeasurePrice><AllowDiscount>1</AllowDiscount><ItemStatus>1</ItemStatus><ItemPrice>8.90</ItemPrice></item><item><PriceUpdateDate>2016-06-01 09:41:32</PriceUpdateDate><ItemCode>7290104724190</ItemCode><ItemType>1</ItemType><ItemName>מב סימפוניה 3% פיקנט</ItemName><ManufacturerName>סימפוניה שטראוס</ManufacturerName><ManufactureCountry>ישראל</ManufactureCountry><ManufacturerItemDescription>סימפוניה פימנטה פיקנטו</ManufacturerItemDescription><SoldByWeight/><Quantity>200.00</Quantity><UnitOfMeasure>גרם     </UnitOfMeasure><QtyInPackage>לא ידוע</QtyInPackage><UnitOfMeasurePrice>0.0495</UnitOfMeasurePrice><AllowDiscount>1</AllowDiscount><ItemStatus>1</ItemStatus><ItemPrice>9.90</ItemPrice></item><item><PriceUpdateDate>2015-10-20 16:43:50</PriceUpdateDate><ItemCode>7290104725845</ItemCode><ItemType>1</ItemType><ItemName>מארז 6 דנכול בטעם מע</ItemName><ManufacturerName>דנונה</ManufacturerName><ManufactureCountry>ישראל</ManufactureCountry><ManufacturerItemDescription>מארז דנכול בטעם מעודן 6 י</ManufacturerItemDescription><SoldByWeight/><Quantity>1.00</Quantity><UnitOfMeasure>יח'</UnitOfMeasure><QtyInPackage>לא ידוע</QtyInPackage><UnitOfMeasurePrice>24.7000</UnitOfMeasurePrice><AllowDiscount>1</AllowDiscount><ItemStatus>1</ItemStatus><ItemPrice>24.70</ItemPrice></item><item><PriceUpdateDate>2015-10-20 16:43:50</PriceUpdateDate><ItemCode>7290104725852</ItemCode><ItemType>1</ItemType><ItemName>מארז 6 דנכול תות</ItemName><ManufacturerName>דנונה</ManufacturerName><ManufactureCountry>ישראל</ManufactureCountry><ManufacturerItemDescription>מארז דנכול תות 600 1/6 גר</ManufacturerItemDescription><SoldByWeight/><Quantity>1.00</Quantity><UnitOfMeasure>יח'</UnitOfMeasure><QtyInPackage>לא ידוע</QtyInPackage><UnitOfMeasurePrice>24.7000</UnitOfMeasurePrice><AllowDiscount>1</AllowDiscount><ItemStatus>1</ItemStatus><ItemPrice>24.70</ItemPrice></item><item><PriceUpdateDate>2015-10-20 16:43:50</PriceUpdateDate><ItemCode>7290104726224</ItemCode><ItemType>1</ItemType><ItemName>ג'לי שטראוס בטעם פטל</ItemName><ManufacturerName>לימבו</ManufacturerName><ManufactureCountry>ישראל</ManufactureCountry><ManufacturerItemDescription>ג'לי שטראוס בטעם פטל</ManufacturerItemDescription><SoldByWeight/><Quantity>125.00</Quantity><UnitOfMeasure>גרם     </UnitOfMeasure><QtyInPackage>לא ידוע</QtyInPackage><UnitOfMeasurePrice>0.0176</UnitOfMeasurePrice><AllowDiscount>1</AllowDiscount><ItemStatus>1</ItemStatus><ItemPrice>2.20</ItemPrice></item><item><PriceUpdateDate>2016-05-01 21:47:14</PriceUpdateDate><ItemCode>7290104726262</ItemCode><ItemType>1</ItemType><ItemName>מארז דני שוקולד לשתי</ItemName><ManufacturerName>דני</ManufacturerName><ManufactureCountry>ישראל</ManufactureCountry><ManufacturerItemDescription>מארז דני לשתייה 500 1/4 ג</ManufacturerItemDescription><SoldByWeight/><Quantity>500.00</Quantity><UnitOfMeasure>מ"ל</UnitOfMeasure><QtyInPackage>לא ידוע</QtyInPackage><UnitOfMeasurePrice>0.0230</UnitOfMeasurePrice><AllowDiscount>1</AllowDiscount><ItemStatus>1</ItemStatus><ItemPrice>11.50</ItemPrice></item><item><PriceUpdateDate>2016-03-16 15:40:50</PriceUpdateDate><ItemCode>7290104726712</ItemCode><ItemType>1</ItemType><ItemName>מארז מילקי שמינייה</ItemName><ManufacturerName>מילקי</ManufacturerName><ManufactureCountry>ישראל</ManufactureCountry><ManufacturerItemDescription>מארז מילקי שמינייה</ManufacturerItemDescription><SoldByWeight/><Quantity>1064.00</Quantity><UnitOfMeasure>גרם     </UnitOfMeasure><QtyInPackage>לא ידוע</QtyInPackage><UnitOfMeasurePrice>0.0196</UnitOfMeasurePrice><AllowDiscount>1</AllowDiscount><ItemStatus>1</ItemStatus><ItemPrice>20.90</ItemPrice></item><item><PriceUpdateDate>2016-02-11 09:34:59</PriceUpdateDate><ItemCode>7290104728310</ItemCode><ItemType>1</ItemType><ItemName>שמנת להקצפה 38% 250</ItemName><ManufacturerName>יטבתה</ManufacturerName><ManufactureCountry>ישראל</ManufactureCountry><ManufacturerItemDescription>שמנת עמידה לקצפת 250 38%</ManufacturerItemDescription><SoldByWeight/><Quantity>250.00</Quantity><UnitOfMeasure>מ"ל</UnitOfMeasure><QtyInPackage>לא ידוע</QtyInPackage><UnitOfMeasurePrice>0.0238</UnitOfMeasurePrice><AllowDiscount>1</AllowDiscount><ItemStatus>1</ItemStatus><ItemPrice>5.95</ItemPrice></item><item><PriceUpdateDate>2015-11-12 14:58:33</PriceUpdateDate><ItemCode>7290104728518</ItemCode><ItemType>1</ItemType><ItemName>עוגת שוקולד עם קרם</ItemName><ManufacturerName>עלית</ManufacturerName><ManufactureCountry>ישראל</ManufactureCountry><ManufacturerItemDescription>עוגת שוקולד עם קרם</ManufacturerItemDescription><SoldByWeight/><Quantity>330.00</Quantity><UnitOfMeasure>גרם     </UnitOfMeasure><QtyInPackage>לא ידוע</QtyInPackage><UnitOfMeasurePrice>0.0558</UnitOfMeasurePrice><AllowDiscount>1</AllowDiscount><ItemStatus>1</ItemStatus><ItemPrice>18.40</ItemPrice></item><item><PriceUpdateDate>2016-03-24 13:56:24</PriceUpdateDate><ItemCode>7290104728747</ItemCode><ItemType>1</ItemType><ItemName>החומוסיה של אבי חלק</ItemName><ManufacturerName>אחלה</ManufacturerName><ManufactureCountry>ישראל</ManufactureCountry><ManufacturerItemDescription>החומוסייה של אבי חלק 400</ManufacturerItemDescription><SoldByWeight/><Quantity>400.00</Quantity><UnitOfMeasure>גרם     </UnitOfMeasure><QtyInPackage>לא ידוע</QtyInPackage><UnitOfMeasurePrice>0.0398</UnitOfMeasurePrice><AllowDiscount>1</AllowDiscount><ItemStatus>1</ItemStatus><ItemPrice>15.90</ItemPrice></item><item><PriceUpdateDate>2015-10-11 18:11:01</PriceUpdateDate><ItemCode>7290104729539</ItemCode><ItemType>1</ItemType><ItemName>מאגדת אנרג'י מיקס אג</ItemName><ManufacturerName>אנרג'י</ManufacturerName><ManufactureCountry>ישראל</ManufactureCountry><ManufacturerItemDescription>חטיף דגנים שוקולד חלב ומי</ManufacturerItemDescription><SoldByWeight/><Quantity>180.00</Quantity><UnitOfMeasure>גרם     </UnitOfMeasure><QtyInPackage>לא ידוע</QtyInPackage><UnitOfMeasurePrice>0.1028</UnitOfMeasurePrice><AllowDiscount>1</AllowDiscount><ItemStatus>1</ItemStatus><ItemPrice>18.50</ItemPrice></item><item><PriceUpdateDate>2016-04-28 08:18:46</PriceUpdateDate><ItemCode>7290104960246</ItemCode><ItemType>1</ItemType><ItemName>תחליב רחצה נקה-7ארומ</ItemName><ManufacturerName>נקה 7</ManufacturerName><ManufactureCountry>ישראל</ManufactureCountry><ManufacturerItemDescription>תחליב רחצה נקה-7ארומ</ManufacturerItemDescription><SoldByWeight/><Quantity>750.00</Quantity><UnitOfMeasure>מ"ל</UnitOfMeasure><QtyInPackage>לא ידוע</QtyInPackage><UnitOfMeasurePrice>0.0195</UnitOfMeasurePrice><AllowDiscount>1</AllowDiscount><ItemStatus>1</ItemStatus><ItemPrice>14.60</ItemPrice></item><item><PriceUpdateDate>2016-04-28 08:18:46</PriceUpdateDate><ItemCode>7290104960338</ItemCode><ItemType>1</ItemType><ItemName>תחליב רחצה נקה-7ארומ</ItemName><ManufacturerName>נקה 7</ManufacturerName><ManufactureCountry>ישראל</ManufactureCountry><ManufacturerItemDescription>תחליב רחצה נקה-7ארומ</ManufacturerItemDescription><SoldByWeight/><Quantity>750.00</Quantity><UnitOfMeasure>מ"ל</UnitOfMeasure><QtyInPackage>לא ידוע</QtyInPackage><UnitOfMeasurePrice>0.0195</UnitOfMeasurePrice><AllowDiscount>1</AllowDiscount><ItemStatus>1</ItemStatus><ItemPrice>14.60</ItemPrice></item><item><PriceUpdateDate>2016-04-28 08:18:47</PriceUpdateDate><ItemCode>7290104960352</ItemCode><ItemType>1</ItemType><ItemName>תחליב רחצה נקה-7ארומ</ItemName><ManufacturerName>נקה 7</ManufacturerName><ManufactureCountry>ישראל</ManufactureCountry><ManufacturerItemDescription>תחליב רחצה נקה-7ארומ</ManufacturerItemDescription><SoldByWeight/><Quantity>750.00</Quantity><UnitOfMeasure>מ"ל</UnitOfMeasure><QtyInPackage>לא ידוע</QtyInPackage><UnitOfMeasurePrice>0.0195</UnitOfMeasurePrice><AllowDiscount>1</AllowDiscount><ItemStatus>1</ItemStatus><ItemPrice>14.60</ItemPrice></item><item><PriceUpdateDate>2016-05-30 22:05:14</PriceUpdateDate><ItemCode>7290104960970</ItemCode><ItemType>1</ItemType><ItemName>דאו' ספריי טיטניום מ</ItemName><ManufacturerName>טיטניום</ManufacturerName><ManufactureCountry>ישראל</ManufactureCountry><ManufacturerItemDescription>דאו' ספריי טיטניום מ</ManufacturerItemDescription><SoldByWeight/><Quantity>180.00</Quantity><UnitOfMeasure>מ"ל</UnitOfMeasure><QtyInPackage>לא ידוע</QtyInPackage><UnitOfMeasurePrice>0.1106</UnitOfMeasurePrice><AllowDiscount>1</AllowDiscount><ItemStatus>1</ItemStatus><ItemPrice>19.90</ItemPrice></item><item><PriceUpdateDate>2016-05-01 21:47:15</PriceUpdateDate><ItemCode>7290104961250</ItemCode><ItemType>1</ItemType><ItemName>מב תחליב רחצה מגע הק</ItemName><ManufacturerName>נקה 7</ManufacturerName><ManufactureCountry>ישראל</ManufactureCountry><ManufacturerItemDescription>מב תחליב רחצה מגע הק</ManufacturerItemDescription><SoldByWeight/><Quantity>750.00</Quantity><UnitOfMeasure>מ"ל</UnitOfMeasure><QtyInPackage>לא ידוע</QtyInPackage><UnitOfMeasurePrice>0.0145</UnitOfMeasurePrice><AllowDiscount>1</AllowDiscount><ItemStatus>1</ItemStatus><ItemPrice>10.90</ItemPrice></item><item><PriceUpdateDate>2016-05-30 22:05:14</PriceUpdateDate><ItemCode>7290104961526</ItemCode><ItemType>1</ItemType><ItemName>מב טיטניום ספריי גוף</ItemName><ManufacturerName>טיטניום</ManufacturerName><ManufactureCountry>ישראל</ManufactureCountry><ManufacturerItemDescription>מב טיטניום ספריי גוף</ManufacturerItemDescription><SoldByWeight/><Quantity>150.00</Quantity><UnitOfMeasure>מ"ל</UnitOfMeasure><QtyInPackage>לא ידוע</QtyInPackage><UnitOfMeasurePrice>0.0727</UnitOfMeasurePrice><AllowDiscount>1</AllowDiscount><ItemStatus>1</ItemStatus><ItemPrice>10.90</ItemPrice></item><item><PriceUpdateDate>2016-05-30 22:05:14</PriceUpdateDate><ItemCode>7290104961540</ItemCode><ItemType>1</ItemType><ItemName>מב טיטניום ספריי גוף</ItemName><ManufacturerName>טיטניום</ManufacturerName><ManufactureCountry>ישראל</ManufactureCountry><ManufacturerItemDescription>מב טיטניום ספריי גוף</ManufacturerItemDescription><SoldByWeight/><Quantity>150.00</Quantity><UnitOfMeasure>מ"ל</UnitOfMeasure><QtyInPackage>לא ידוע</QtyInPackage><UnitOfMeasurePrice>0.0727</UnitOfMeasurePrice><AllowDiscount>1</AllowDiscount><ItemStatus>1</ItemStatus><ItemPrice>10.90</ItemPrice></item><item><PriceUpdateDate>2015-11-12 14:56:48</PriceUpdateDate><ItemCode>7290104961878</ItemCode><ItemType>1</ItemType><ItemName>שמפו נטורל פורמולה ק</ItemName><ManufacturerName>נטורל פורמולה</ManufacturerName><ManufactureCountry>ישראל</ManufactureCountry><ManufacturerItemDescription>שמפו נטורל פורמולה ק</ManufacturerItemDescription><SoldByWeight/><Quantity>400.00</Quantity><UnitOfMeasure>מ"ל</UnitOfMeasure><QtyInPackage>לא ידוע</QtyInPackage><UnitOfMeasurePrice>0.0830</UnitOfMeasurePrice><AllowDiscount>1</AllowDiscount><ItemStatus>1</ItemStatus><ItemPrice>33.20</ItemPrice></item><item><PriceUpdateDate>2015-11-12 14:56:48</PriceUpdateDate><ItemCode>7290104961885</ItemCode><ItemType>1</ItemType><ItemName>מרכך נטורל פורמולה ק</ItemName><ManufacturerName>נטורל פורמולה</ManufacturerName><ManufactureCountry>ישראל</ManufactureCountry><ManufacturerItemDescription>מרכך נטורל פורמולה ק</ManufacturerItemDescription><SoldByWeight/><Quantity>400.00</Quantity><UnitOfMeasure>מ"ל</UnitOfMeasure><QtyInPackage>לא ידוע</QtyInPackage><UnitOfMeasurePrice>0.0830</UnitOfMeasurePrice><AllowDiscount>1</AllowDiscount><ItemStatus>1</ItemStatus><ItemPrice>33.20</ItemPrice></item><item><PriceUpdateDate>2016-05-30 22:05:15</PriceUpdateDate><ItemCode>7290104962073</ItemCode><ItemType>1</ItemType><ItemName>דאו' ספריי טיטניום ג</ItemName><ManufacturerName>טיטניום</ManufacturerName><ManufactureCountry>ישראל</ManufactureCountry><ManufacturerItemDescription>דאו' ספריי טיטניום ג</ManufacturerItemDescription><SoldByWeight/><Quantity>180.00</Quantity><UnitOfMeasure>מ"ל</UnitOfMeasure><QtyInPackage>לא ידוע</QtyInPackage><UnitOfMeasurePrice>0.1106</UnitOfMeasurePrice><AllowDiscount>1</AllowDiscount><ItemStatus>1</ItemStatus><ItemPrice>19.90</ItemPrice></item><item><PriceUpdateDate>2016-05-30 22:05:15</PriceUpdateDate><ItemCode>7290104962080</ItemCode><ItemType>1</ItemType><ItemName>מב טיטניום ספריי גוף</ItemName><ManufacturerName>טיטניום</ManufacturerName><ManufactureCountry>ישראל</ManufactureCountry><ManufacturerItemDescription>מב טיטניום ספריי גוף</ManufacturerItemDescription><SoldByWeight/><Quantity>150.00</Quantity><UnitOfMeasure>מ"ל</UnitOfMeasure><QtyInPackage>לא ידוע</QtyInPackage><UnitOfMeasurePrice>0.0727</UnitOfMeasurePrice><AllowDiscount>1</AllowDiscount><ItemStatus>1</ItemStatus><ItemPrice>10.90</ItemPrice></item><item><PriceUpdateDate>2016-05-30 22:05:15</PriceUpdateDate><ItemCode>7290105360755</ItemCode><ItemType>1</ItemType><ItemName>שמן זית יד מרדכי כתי</ItemName><ManufacturerName>יד מרדכי</ManufacturerName><ManufactureCountry>ישראל</ManufactureCountry><ManufacturerItemDescription>שמן זית 3 חזק 750 מל</ManufacturerItemDescription><SoldByWeight/><Quantity>750.00</Quantity><UnitOfMeasure>מ"ל</UnitOfMeasure><QtyInPackage>לא ידוע</QtyInPackage><UnitOfMeasurePrice>0.0465</UnitOfMeasurePrice><AllowDiscount>1</AllowDiscount><ItemStatus>1</ItemStatus><ItemPrice>34.90</ItemPrice></item><item><PriceUpdateDate>2016-05-30 22:05:15</PriceUpdateDate><ItemCode>7290105360762</ItemCode><ItemType>1</ItemType><ItemName>שמן זית יד מרדכי כתי</ItemName><ManufacturerName>יד מרדכי</ManufacturerName><ManufactureCountry>ישראל</ManufactureCountry><ManufacturerItemDescription>שמן זית 1 עדין 750 מל</ManufacturerItemDescription><SoldByWeight/><Quantity>750.00</Quantity><UnitOfMeasure>מ"ל</UnitOfMeasure><QtyInPackage>לא ידוע</QtyInPackage><UnitOfMeasurePrice>0.0465</UnitOfMeasurePrice><AllowDiscount>1</AllowDiscount><ItemStatus>1</ItemStatus><ItemPrice>34.90</ItemPrice></item><item><PriceUpdateDate>2016-03-16 15:40:50</PriceUpdateDate><ItemCode>7290105360878</ItemCode><ItemType>1</ItemType><ItemName>מארז תפוצ'יפס 4*50 ג</ItemName><ManufacturerName>תפוצ'יפס</ManufacturerName><ManufactureCountry>ישראל</ManufactureCountry><ManufacturerItemDescription>מארז תפוצ'יפס 4*50 ג</ManufacturerItemDescription><SoldByWeight/><Quantity>200.00</Quantity><UnitOfMeasure>גרם     </UnitOfMeasure><QtyInPackage>לא ידוע</QtyInPackage><UnitOfMeasurePrice>0.0545</UnitOfMeasurePrice><AllowDiscount>1</AllowDiscount><ItemStatus>1</ItemStatus><ItemPrice>10.90</ItemPrice></item><item><PriceUpdateDate>2015-10-11 11:22:43</PriceUpdateDate><ItemCode>7290105361707</ItemCode><ItemType>1</ItemType><ItemName>חטיף כיף כף לבן 45 ג</ItemName><ManufacturerName>לא ידוע</ManufacturerName><ManufactureCountry>ישראל</ManufactureCountry><ManufacturerItemDescription>כיף כף לבן 45 גרם</ManufacturerItemDescription><SoldByWeight/><Quantity>45.00</Quantity><UnitOfMeasure>גרם     </UnitOfMeasure><QtyInPackage>לא ידוע</QtyInPackage><UnitOfMeasurePrice>0.1111</UnitOfMeasurePrice><AllowDiscount>1</AllowDiscount><ItemStatus>1</ItemStatus><ItemPrice>5.00</ItemPrice></item><item><PriceUpdateDate>2015-10-20 16:11:25</PriceUpdateDate><ItemCode>7290105361714</ItemCode><ItemType>1</ItemType><ItemName>טבלת פסק זמן לבן מגד</ItemName><ManufacturerName>עלית</ManufacturerName><ManufactureCountry>ישראל</ManufactureCountry><ManufacturerItemDescription>טבלת פסק זמן לבן מגד</ManufacturerItemDescription><SoldByWeight/><Quantity>110.00</Quantity><UnitOfMeasure>גרם     </UnitOfMeasure><QtyInPackage>לא ידוע</QtyInPackage><UnitOfMeasurePrice>0.0864</UnitOfMeasurePrice><AllowDiscount>1</AllowDiscount><ItemStatus>1</ItemStatus><ItemPrice>9.50</ItemPrice></item><item><PriceUpdateDate>2016-05-11 13:01:36</PriceUpdateDate><ItemCode>7290105362339</ItemCode><ItemType>1</ItemType><ItemName>שמנת לבישול 15% יטבת</ItemName><ManufacturerName>יטבתה</ManufacturerName><ManufactureCountry>ישראל</ManufactureCountry><ManufacturerItemDescription>שמנת לבישול 15% מהדרין 25</ManufacturerItemDescription><SoldByWeight/><Quantity>250.00</Quantity><UnitOfMeasure>מ"ל</UnitOfMeasure><QtyInPackage>לא ידוע</QtyInPackage><UnitOfMeasurePrice>0.0356</UnitOfMeasurePrice><AllowDiscount>1</AllowDiscount><ItemStatus>1</ItemStatus><ItemPrice>8.90</ItemPrice></item><item><PriceUpdateDate>2016-03-14 06:44:35</PriceUpdateDate><ItemCode>7290105363602</ItemCode><ItemType>1</ItemType><ItemName>כיף כף מקלות קלאסי 4</ItemName><ManufacturerName>עלית</ManufacturerName><ManufactureCountry>ישראל</ManufactureCountry><ManufacturerItemDescription>מקלות כיף כף קלאסי 40 גרם</ManufacturerItemDescription><SoldByWeight/><Quantity>40.00</Quantity><UnitOfMeasure>גרם     </UnitOfMeasure><QtyInPackage>לא ידוע</QtyInPackage><UnitOfMeasurePrice>0.1375</UnitOfMeasurePrice><AllowDiscount>1</AllowDiscount><ItemStatus>1</ItemStatus><ItemPrice>5.50</ItemPrice></item><item><PriceUpdateDate>2015-12-16 07:19:23</PriceUpdateDate><ItemCode>7290105364883</ItemCode><ItemType>1</ItemType><ItemName>ביסקוויט עד חצות לבן</ItemName><ManufacturerName>עלית</ManufacturerName><ManufactureCountry>ישראל</ManufactureCountry><ManufacturerItemDescription>מעדן ביסקויט שוקולד לבן</ManufacturerItemDescription><SoldByWeight/><Quantity>200.00</Quantity><UnitOfMeasure>גרם     </UnitOfMeasure><QtyInPackage>לא ידוע</QtyInPackage><UnitOfMeasurePrice>0.0745</UnitOfMeasurePrice><AllowDiscount>1</AllowDiscount><ItemStatus>1</ItemStatus><ItemPrice>14.90</ItemPrice></item><item><PriceUpdateDate>2016-03-16 15:40:50</PriceUpdateDate><ItemCode>7290105364890</ItemCode><ItemType>1</ItemType><ItemName>שוקולד פרה מריר 60%</ItemName><ManufacturerName>פרה</ManufacturerName><ManufactureCountry>ישראל</ManufactureCountry><ManufacturerItemDescription>שוקולד פרה מריר 60%</ManufacturerItemDescription><SoldByWeight/><Quantity>100.00</Quantity><UnitOfMeasure>גרם     </UnitOfMeasure><QtyInPackage>לא ידוע</QtyInPackage><UnitOfMeasurePrice>0.0950</UnitOfMeasurePrice><AllowDiscount>1</AllowDiscount><ItemStatus>1</ItemStatus><ItemPrice>9.50</ItemPrice></item><item><PriceUpdateDate>2015-10-20 16:39:48</PriceUpdateDate><ItemCode>7290105366054</ItemCode><ItemType>1</ItemType><ItemName>טחינה עם פטרוזיליה א</ItemName><ManufacturerName>אחלה</ManufacturerName><ManufactureCountry>ישראל</ManufactureCountry><ManufacturerItemDescription>טחינה עם פטרוזיליה א</ManufacturerItemDescription><SoldByWeight/><Quantity>400.00</Quantity><UnitOfMeasure>גרם     </UnitOfMeasure><QtyInPackage>לא ידוע</QtyInPackage><UnitOfMeasurePrice>0.0422</UnitOfMeasurePrice><AllowDiscount>1</AllowDiscount><ItemStatus>1</ItemStatus><ItemPrice>16.90</ItemPrice></item><item><PriceUpdateDate>2016-02-22 09:25:38</PriceUpdateDate><ItemCode>7290105366504</ItemCode><ItemType>1</ItemType><ItemName>אצבעות שוקולד לבן לי</ItemName><ManufacturerName>עלית</ManufacturerName><ManufactureCountry>ישראל</ManufactureCountry><ManufacturerItemDescription>אצבעות שוקולד לבן לי</ManufacturerItemDescription><SoldByWeight/><Quantity>96.00</Quantity><UnitOfMeasure>גרם     </UnitOfMeasure><QtyInPackage>לא ידוע</QtyInPackage><UnitOfMeasurePrice>0.0885</UnitOfMeasurePrice><AllowDiscount>1</AllowDiscount><ItemStatus>1</ItemStatus><ItemPrice>8.50</ItemPrice></item><item><PriceUpdateDate>2015-11-12 16:55:26</PriceUpdateDate><ItemCode>7290105366962</ItemCode><ItemType>1</ItemType><ItemName>בונבוניירה מיני שוקו</ItemName><ManufacturerName>עלית</ManufacturerName><ManufactureCountry>ישראל</ManufactureCountry><ManufacturerItemDescription>מארז מיני שוקולדים</ManufacturerItemDescription><SoldByWeight/><Quantity>200.00</Quantity><UnitOfMeasure>גרם     </UnitOfMeasure><QtyInPackage>לא ידוע</QtyInPackage><UnitOfMeasurePrice>0.1035</UnitOfMeasurePrice><AllowDiscount>1</AllowDiscount><ItemStatus>1</ItemStatus><ItemPrice>20.70</ItemPrice></item><item><PriceUpdateDate>2016-06-01 09:41:32</PriceUpdateDate><ItemCode>7290105366993</ItemCode><ItemType>1</ItemType><ItemName>מב סימפוניה 5% פלפל</ItemName><ManufacturerName>סימפוניה שטראוס</ManufacturerName><ManufactureCountry>ישראל</ManufactureCountry><ManufacturerItemDescription>מב סימפוניה 5% פלפל</ManufacturerItemDescription><SoldByWeight/><Quantity>200.00</Quantity><UnitOfMeasure>גרם     </UnitOfMeasure><QtyInPackage>לא ידוע</QtyInPackage><UnitOfMeasurePrice>0.0495</UnitOfMeasurePrice><AllowDiscount>0</AllowDiscount><ItemStatus>1</ItemStatus><ItemPrice>9.90</ItemPrice></item><item><PriceUpdateDate>2016-05-30 22:05:16</PriceUpdateDate><ItemCode>7290105367020</ItemCode><ItemType>1</ItemType><ItemName>מב גבינת סימפוניה טב</ItemName><ManufacturerName>סימפוניה שטראוס</ManufacturerName><ManufactureCountry>ישראל</ManufactureCountry><ManufacturerItemDescription>גבינת שמנת טבעי</ManufacturerItemDescription><SoldByWeight/><Quantity>200.00</Quantity><UnitOfMeasure>גרם     </UnitOfMeasure><QtyInPackage>לא ידוע</QtyInPackage><UnitOfMeasurePrice>0.0495</UnitOfMeasurePrice><AllowDiscount>0</AllowDiscount><ItemStatus>1</ItemStatus><ItemPrice>9.90</ItemPrice></item><item><PriceUpdateDate>2015-10-20 16:43:51</PriceUpdateDate><ItemCode>7290105367297</ItemCode><ItemType>1</ItemType><ItemName>יוגורט דנונה במתיקות</ItemName><ManufacturerName>דנונה</ManufacturerName><ManufactureCountry>ישראל</ManufactureCountry><ManufacturerItemDescription>יוגורט 2% במתיקות מעודנת</ManufacturerItemDescription><SoldByWeight/><Quantity>150.00</Quantity><UnitOfMeasure>גרם     </UnitOfMeasure><QtyInPackage>לא ידוע</QtyInPackage><UnitOfMeasurePrice>0.0220</UnitOfMeasurePrice><AllowDiscount>1</AllowDiscount><ItemStatus>1</ItemStatus><ItemPrice>3.30</ItemPrice></item><item><PriceUpdateDate>2015-12-28 09:39:53</PriceUpdateDate><ItemCode>7290105367617</ItemCode><ItemType>1</ItemType><ItemName>דנונה תות פרי בתחתית</ItemName><ManufacturerName>דנונה</ManufacturerName><ManufactureCountry>ישראל</ManufactureCountry><ManufacturerItemDescription>דנונה פרי בתחתית דיאט תות</ManufacturerItemDescription><SoldByWeight/><Quantity>150.00</Quantity><UnitOfMeasure>גרם     </UnitOfMeasure><QtyInPackage>לא ידוע</QtyInPackage><UnitOfMeasurePrice>0.0333</UnitOfMeasurePrice><AllowDiscount>1</AllowDiscount><ItemStatus>1</ItemStatus><ItemPrice>5.00</ItemPrice></item><item><PriceUpdateDate>2015-11-16 09:47:12</PriceUpdateDate><ItemCode>7290105368171</ItemCode><ItemType>1</ItemType><ItemName>מילקי שייק 143 גרם</ItemName><ManufacturerName>מילקי</ManufacturerName><ManufactureCountry>ישראל</ManufactureCountry><ManufacturerItemDescription>מילקי שייק 143 גרם</ManufacturerItemDescription><SoldByWeight/><Quantity>143.00</Quantity><UnitOfMeasure>גרם     </UnitOfMeasure><QtyInPackage>לא ידוע</QtyInPackage><UnitOfMeasurePrice>0.0336</UnitOfMeasurePrice><AllowDiscount>1</AllowDiscount><ItemStatus>1</ItemStatus><ItemPrice>4.80</ItemPrice></item><item><PriceUpdateDate>2015-09-30 23:37:50</PriceUpdateDate><ItemCode>7290105368331</ItemCode><ItemType>1</ItemType><ItemName>מעדן מילקי תות 170 מ</ItemName><ManufacturerName>מילקי</ManufacturerName><ManufactureCountry>ישראל</ManufactureCountry><ManufacturerItemDescription>מילקי תות 133 גרם</ManufacturerItemDescription><SoldByWeight/><Quantity>170.00</Quantity><UnitOfMeasure>מ"ל</UnitOfMeasure><QtyInPackage>לא ידוע</QtyInPackage><UnitOfMeasurePrice>0.0165</UnitOfMeasurePrice><AllowDiscount>1</AllowDiscount><ItemStatus>1</ItemStatus><ItemPrice>2.80</ItemPrice></item><item><PriceUpdateDate>2015-11-03 08:39:17</PriceUpdateDate><ItemCode>7290105368355</ItemCode><ItemType>1</ItemType><ItemName>מילקי שוקולד עשיר 13</ItemName><ManufacturerName>מילקי</ManufacturerName><ManufactureCountry>ישראל</ManufactureCountry><ManufacturerItemDescription>מילקיקל שוקולד 170-3% מל</ManufacturerItemDescription><SoldByWeight/><Quantity>133.00</Quantity><UnitOfMeasure>גרם     </UnitOfMeasure><QtyInPackage>לא ידוע</QtyInPackage><UnitOfMeasurePrice>0.0316</UnitOfMeasurePrice><AllowDiscount>1</AllowDiscount><ItemStatus>1</ItemStatus><ItemPrice>4.20</ItemPrice></item><item><PriceUpdateDate>2016-06-13 13:03:32</PriceUpdateDate><ItemCode>7290105368737</ItemCode><ItemType>1</ItemType><ItemName>שמן זית מס' 2 לתיבול</ItemName><ManufacturerName>יד מרדכי</ManufacturerName><ManufactureCountry>ישראל</ManufactureCountry><ManufacturerItemDescription>בקבוקון שמן זית 2 תיבול א</ManufacturerItemDescription><SoldByWeight/><Quantity>150.00</Quantity><UnitOfMeasure>מ"ל</UnitOfMeasure><QtyInPackage>לא ידוע</QtyInPackage><UnitOfMeasurePrice>0.0727</UnitOfMeasurePrice><AllowDiscount>1</AllowDiscount><ItemStatus>1</ItemStatus><ItemPrice>10.90</ItemPrice></item><item><PriceUpdateDate>2016-05-11 13:01:36</PriceUpdateDate><ItemCode>7290105368904</ItemCode><ItemType>1</ItemType><ItemName>שמנת מתוקה 32% יטבתה</ItemName><ManufacturerName>יטבתה</ManufacturerName><ManufactureCountry>ישראל</ManufactureCountry><ManufacturerItemDescription>שמנת מתוקה 32% יטבתה</ManufacturerItemDescription><SoldByWeight/><Quantity>250.00</Quantity><UnitOfMeasure>מ"ל</UnitOfMeasure><QtyInPackage>לא ידוע</QtyInPackage><UnitOfMeasurePrice>0.0316</UnitOfMeasurePrice><AllowDiscount>1</AllowDiscount><ItemStatus>1</ItemStatus><ItemPrice>7.90</ItemPrice></item><item><PriceUpdateDate>2015-10-20 16:43:51</PriceUpdateDate><ItemCode>7290105368928</ItemCode><ItemType>1</ItemType><ItemName>שמנת 9% 200 גרם מהדר</ItemName><ManufacturerName>יטבתה</ManufacturerName><ManufactureCountry>ישראל</ManufactureCountry><ManufacturerItemDescription>שמנת 9% 200 גרם מהדר</ManufacturerItemDescription><SoldByWeight/><Quantity>200.00</Quantity><UnitOfMeasure>גרם     </UnitOfMeasure><QtyInPackage>לא ידוע</QtyInPackage><UnitOfMeasurePrice>0.0165</UnitOfMeasurePrice><AllowDiscount>1</AllowDiscount><ItemStatus>1</ItemStatus><ItemPrice>3.30</ItemPrice></item><item><PriceUpdateDate>2015-11-16 09:47:13</PriceUpdateDate><ItemCode>7290105368959</ItemCode><ItemType>1</ItemType><ItemName>משקה פונץ' בננה עם פ</ItemName><ManufacturerName>יטבתה</ManufacturerName><ManufactureCountry>ישראל</ManufactureCountry><ManufacturerItemDescription>משקה פונץ בננה פקק ספורטא</ManufacturerItemDescription><SoldByWeight/><Quantity>250.00</Quantity><UnitOfMeasure>מ"ל</UnitOfMeasure><QtyInPackage>לא ידוע</QtyInPackage><UnitOfMeasurePrice>0.0216</UnitOfMeasurePrice><AllowDiscount>1</AllowDiscount><ItemStatus>1</ItemStatus><ItemPrice>5.40</ItemPrice></item><item><PriceUpdateDate>2016-05-01 21:47:15</PriceUpdateDate><ItemCode>7290105369147</ItemCode><ItemType>1</ItemType><ItemName>שוקולד ספלנדיד פירות</ItemName><ManufacturerName>ספלנדיד</ManufacturerName><ManufactureCountry>ישראל</ManufactureCountry><ManufacturerItemDescription>שוקולד ספלנדיד פרות יער 1</ManufacturerItemDescription><SoldByWeight/><Quantity>100.00</Quantity><UnitOfMeasure>גרם     </UnitOfMeasure><QtyInPackage>לא ידוע</QtyInPackage><UnitOfMeasurePrice>0.1190</UnitOfMeasurePrice><AllowDiscount>1</AllowDiscount><ItemStatus>1</ItemStatus><ItemPrice>11.90</ItemPrice></item><item><PriceUpdateDate>2015-10-11 18:11:01</PriceUpdateDate><ItemCode>7290105369451</ItemCode><ItemType>1</ItemType><ItemName>צ'יטוס דולפינים גבינ</ItemName><ManufacturerName>עלית</ManufacturerName><ManufactureCountry>ישראל</ManufactureCountry><ManufacturerItemDescription>צ'יטוס דולפינים גבינ</ManufacturerItemDescription><SoldByWeight/><Quantity>55.00</Quantity><UnitOfMeasure>גרם     </UnitOfMeasure><QtyInPackage>לא ידוע</QtyInPackage><UnitOfMeasurePrice>0.0782</UnitOfMeasurePrice><AllowDiscount>1</AllowDiscount><ItemStatus>1</ItemStatus><ItemPrice>4.30</ItemPrice></item><item><PriceUpdateDate>2016-05-30 22:05:17</PriceUpdateDate><ItemCode>7290105434012</ItemCode><ItemType>1</ItemType><ItemName>דאו' ספיד סטיק נוטרו</ItemName><ManufacturerName>ספיד סטיק</ManufacturerName><ManufactureCountry>ארצות הברית</ManufactureCountry><ManufacturerItemDescription>ממרח אגוזים     ר 320גרם</ManufacturerItemDescription><SoldByWeight/><Quantity>50.00</Quantity><UnitOfMeasure>גרם     </UnitOfMeasure><QtyInPackage>לא ידוע</QtyInPackage><UnitOfMeasurePrice>0.5160</UnitOfMeasurePrice><AllowDiscount>1</AllowDiscount><ItemStatus>1</ItemStatus><ItemPrice>25.80</ItemPrice></item><item><PriceUpdateDate>2016-03-13 14:39:08</PriceUpdateDate><ItemCode>7290105439499</ItemCode><ItemType>1</ItemType><ItemName>מאסטר שף מיונז 481 ג</ItemName><ManufacturerName>מאסטר שף</ManufacturerName><ManufactureCountry>לא ידוע</ManufactureCountry><ManufacturerItemDescription>מאסטר שף מיונז 481 ג</ManufacturerItemDescription><SoldByWeight/><Quantity>481.00</Quantity><UnitOfMeasure>גרם     </UnitOfMeasure><QtyInPackage>לא ידוע</QtyInPackage><UnitOfMeasurePrice>0.0227</UnitOfMeasurePrice><AllowDiscount>1</AllowDiscount><ItemStatus>1</ItemStatus><ItemPrice>10.90</ItemPrice></item><item><PriceUpdateDate>2016-04-08 11:15:05</PriceUpdateDate><ItemCode>7290105439581</ItemCode><ItemType>1</ItemType><ItemName>מאסטר שף חרדל דיז'ון</ItemName><ManufacturerName>מאסטר שף</ManufacturerName><ManufactureCountry>לא ידוע</ManufactureCountry><ManufacturerItemDescription>מאסטר שף חרדל דיז'ון</ManufacturerItemDescription><SoldByWeight/><Quantity>370.00</Quantity><UnitOfMeasure>גרם     </UnitOfMeasure><QtyInPackage>לא ידוע</QtyInPackage><UnitOfMeasurePrice>0.0349</UnitOfMeasurePrice><AllowDiscount>1</AllowDiscount><ItemStatus>1</ItemStatus><ItemPrice>12.90</ItemPrice></item><item><PriceUpdateDate>2016-05-30 22:05:17</PriceUpdateDate><ItemCode>7290105470683</ItemCode><ItemType>1</ItemType><ItemName>לה קט חתולי בית 2.85</ItemName><ManufacturerName>לה קט</ManufacturerName><ManufactureCountry>ישראל</ManufactureCountry><ManufacturerItemDescription>לה קט חתולי בית 2.85</ManufacturerItemDescription><SoldByWeight/><Quantity>2850.00</Quantity><UnitOfMeasure>גרם     </UnitOfMeasure><QtyInPackage>לא ידוע</QtyInPackage><UnitOfMeasurePrice>0.0244</UnitOfMeasurePrice><AllowDiscount>1</AllowDiscount><ItemStatus>1</ItemStatus><ItemPrice>69.40</ItemPrice></item><item><PriceUpdateDate>2016-05-01 21:47:16</PriceUpdateDate><ItemCode>7290105475787</ItemCode><ItemType>1</ItemType><ItemName>לה קט מולטיפק נתחוני</ItemName><ManufacturerName>לה קט</ManufacturerName><ManufactureCountry>צרפת</ManufactureCountry><ManufacturerItemDescription>מעדני לה קט 3*400 גרם</ManufacturerItemDescription><SoldByWeight/><Quantity>1200.00</Quantity><UnitOfMeasure>גרם     </UnitOfMeasure><QtyInPackage>לא ידוע</QtyInPackage><UnitOfMeasurePrice>0.0166</UnitOfMeasurePrice><AllowDiscount>1</AllowDiscount><ItemStatus>1</ItemStatus><ItemPrice>19.90</ItemPrice></item><item><PriceUpdateDate>2016-01-05 08:50:02</PriceUpdateDate><ItemCode>7290105500151</ItemCode><ItemType>1</ItemType><ItemName>מב וודקה פינלנדיה 70</ItemName><ManufacturerName>לא ממותג</ManufacturerName><ManufactureCountry>ישראל</ManufactureCountry><ManufacturerItemDescription>וודקה פינלנדיה 700 מל</ManufacturerItemDescription><SoldByWeight/><Quantity>700.00</Quantity><UnitOfMeasure>מ"ל</UnitOfMeasure><QtyInPackage>לא ידוע</QtyInPackage><UnitOfMeasurePrice>0.1141</UnitOfMeasurePrice><AllowDiscount>1</AllowDiscount><ItemStatus>1</ItemStatus><ItemPrice>79.90</ItemPrice></item><item><PriceUpdateDate>2016-03-01 06:44:06</PriceUpdateDate><ItemCode>7290105690715</ItemCode><ItemType>1</ItemType><ItemName>זוג מרק נמס סוף תירס</ItemName><ManufacturerName>אסם</ManufacturerName><ManufactureCountry>ישראל</ManufactureCountry><ManufacturerItemDescription>זוג מרק נמס סוף תירס</ManufacturerItemDescription><SoldByWeight/><Quantity>54.00</Quantity><UnitOfMeasure>גרם     </UnitOfMeasure><QtyInPackage>לא ידוע</QtyInPackage><UnitOfMeasurePrice>0.1426</UnitOfMeasurePrice><AllowDiscount>1</AllowDiscount><ItemStatus>1</ItemStatus><ItemPrice>7.70</ItemPrice></item><item><PriceUpdateDate>2015-11-12 18:18:37</PriceUpdateDate><ItemCode>7290105691248</ItemCode><ItemType>1</ItemType><ItemName>חטיפי טורטיה תירס 60</ItemName><ManufacturerName>אסם</ManufacturerName><ManufactureCountry>ישראל</ManufactureCountry><ManufacturerItemDescription>חטיפי טורטיה תירס 60</ManufacturerItemDescription><SoldByWeight/><Quantity>60.00</Quantity><UnitOfMeasure>גרם     </UnitOfMeasure><QtyInPackage>לא ידוע</QtyInPackage><UnitOfMeasurePrice>0.1550</UnitOfMeasurePrice><AllowDiscount>1</AllowDiscount><ItemStatus>1</ItemStatus><ItemPrice>9.30</ItemPrice></item><item><PriceUpdateDate>2015-11-12 18:18:37</PriceUpdateDate><ItemCode>7290105691323</ItemCode><ItemType>1</ItemType><ItemName>חרוזית בית השיטה בתי</ItemName><ManufacturerName>בית השיטה</ManufacturerName><ManufactureCountry>ישראל</ManufactureCountry><ManufacturerItemDescription>חרוזית בית השיטה בתי</ManufacturerItemDescription><SoldByWeight/><Quantity>275.00</Quantity><UnitOfMeasure>גרם     </UnitOfMeasure><QtyInPackage>לא ידוע</QtyInPackage><UnitOfMeasurePrice>0.0455</UnitOfMeasurePrice><AllowDiscount>1</AllowDiscount><ItemStatus>1</ItemStatus><ItemPrice>12.50</ItemPrice></item><item><PriceUpdateDate>2014-11-03 06:37:03</PriceUpdateDate><ItemCode>7290105691897</ItemCode><ItemType>1</ItemType><ItemName>קוסקוס עם חיטה מלאה</ItemName><ManufacturerName>אסם</ManufacturerName><ManufactureCountry>ישראל</ManufactureCountry><ManufacturerItemDescription>קוסקוס עם חיטה מלאה</ManufacturerItemDescription><SoldByWeight/><Quantity>350.00</Quantity><UnitOfMeasure>גרם     </UnitOfMeasure><QtyInPackage>לא ידוע</QtyInPackage><UnitOfMeasurePrice>0.0266</UnitOfMeasurePrice><AllowDiscount>1</AllowDiscount><ItemStatus>1</ItemStatus><ItemPrice>9.30</ItemPrice></item><item><PriceUpdateDate>2016-05-30 22:05:17</PriceUpdateDate><ItemCode>7290105691934</ItemCode><ItemType>1</ItemType><ItemName>קמח שמרים אסם 1 ק"ג</ItemName><ManufacturerName>לא ממותג</ManufacturerName><ManufactureCountry>ישראל</ManufactureCountry><ManufacturerItemDescription>קמח שמרים אסם 1 ק"ג</ManufacturerItemDescription><SoldByWeight/><Quantity>1000.00</Quantity><UnitOfMeasure>גרם     </UnitOfMeasure><QtyInPackage>לא ידוע</QtyInPackage><UnitOfMeasurePrice>0.0098</UnitOfMeasurePrice><AllowDiscount>1</AllowDiscount><ItemStatus>1</ItemStatus><ItemPrice>9.80</ItemPrice></item><item><PriceUpdateDate>2016-06-01 06:47:56</PriceUpdateDate><ItemCode>7290105693341</ItemCode><ItemType>1</ItemType><ItemName>מב מארז חטיף במבה 10</ItemName><ManufacturerName>במבה</ManufacturerName><ManufactureCountry>ישראל</ManufactureCountry><ManufacturerItemDescription>מב מארז חטיף במבה 10</ManufacturerItemDescription><SoldByWeight/><Quantity>250.00</Quantity><UnitOfMeasure>גרם     </UnitOfMeasure><QtyInPackage>לא ידוע</QtyInPackage><UnitOfMeasurePrice>0.0596</UnitOfMeasurePrice><AllowDiscount>1</AllowDiscount><ItemStatus>1</ItemStatus><ItemPrice>14.90</ItemPrice></item><item><PriceUpdateDate>2015-10-21 16:18:26</PriceUpdateDate><ItemCode>7290105693952</ItemCode><ItemType>1</ItemType><ItemName>פירורית זהב שומשום 2</ItemName><ManufacturerName>פירורית</ManufacturerName><ManufactureCountry>ישראל</ManufactureCountry><ManufacturerItemDescription>פירורית זהב שומשום 2</ManufacturerItemDescription><SoldByWeight/><Quantity>200.00</Quantity><UnitOfMeasure>גרם     </UnitOfMeasure><QtyInPackage>לא ידוע</QtyInPackage><UnitOfMeasurePrice>0.0390</UnitOfMeasurePrice><AllowDiscount>1</AllowDiscount><ItemStatus>1</ItemStatus><ItemPrice>7.80</ItemPrice></item><item><PriceUpdateDate>2016-02-02 06:51:53</PriceUpdateDate><ItemCode>7290105694775</ItemCode><ItemType>1</ItemType><ItemName>מב דגני בוקר טריקס פ</ItemName><ManufacturerName>טריקס</ManufacturerName><ManufactureCountry>ארצות הברית</ManufactureCountry><ManufacturerItemDescription>חטיפי לואקר 4 יחגוז26X4ג</ManufacturerItemDescription><SoldByWeight/><Quantity>480.00</Quantity><UnitOfMeasure>גרם     </UnitOfMeasure><QtyInPackage>לא ידוע</QtyInPackage><UnitOfMeasurePrice>0.0415</UnitOfMeasurePrice><AllowDiscount>1</AllowDiscount><ItemStatus>1</ItemStatus><ItemPrice>19.90</ItemPrice></item><item><PriceUpdateDate>2015-11-12 17:42:14</PriceUpdateDate><ItemCode>7290105694881</ItemCode><ItemType>1</ItemType><ItemName>צבר סחוג ירוק רפי 15</ItemName><ManufacturerName>צבר</ManufacturerName><ManufactureCountry>ישראל</ManufactureCountry><ManufacturerItemDescription>צבר סחוג ירוק רפי 15</ManufacturerItemDescription><SoldByWeight/><Quantity>150.00</Quantity><UnitOfMeasure>גרם     </UnitOfMeasure><QtyInPackage>לא ידוע</QtyInPackage><UnitOfMeasurePrice>0.0793</UnitOfMeasurePrice><AllowDiscount>1</AllowDiscount><ItemStatus>1</ItemStatus><ItemPrice>11.90</ItemPrice></item><item><PriceUpdateDate>2015-11-12 18:18:37</PriceUpdateDate><ItemCode>7290105694928</ItemCode><ItemType>1</ItemType><ItemName>אבקת מרק בצל רכיבים</ItemName><ManufacturerName>לא ממותג</ManufacturerName><ManufactureCountry>ישראל</ManufactureCountry><ManufacturerItemDescription>אבקת מרק בצל</ManufacturerItemDescription><SoldByWeight/><Quantity>220.00</Quantity><UnitOfMeasure>גרם     </UnitOfMeasure><QtyInPackage>לא ידוע</QtyInPackage><UnitOfMeasurePrice>0.0836</UnitOfMeasurePrice><AllowDiscount>1</AllowDiscount><ItemStatus>1</ItemStatus><ItemPrice>18.40</ItemPrice></item><item><PriceUpdateDate>2015-11-12 17:42:14</PriceUpdateDate><ItemCode>7290105694966</ItemCode><ItemType>1</ItemType><ItemName>צבר סחוג אדום רפי 15</ItemName><ManufacturerName>צבר</ManufacturerName><ManufactureCountry>ישראל</ManufactureCountry><ManufacturerItemDescription>צבר סחוג אדום רפי 15</ManufacturerItemDescription><SoldByWeight/><Quantity>150.00</Quantity><UnitOfMeasure>גרם     </UnitOfMeasure><QtyInPackage>לא ידוע</QtyInPackage><UnitOfMeasurePrice>0.0793</UnitOfMeasurePrice><AllowDiscount>1</AllowDiscount><ItemStatus>1</ItemStatus><ItemPrice>11.90</ItemPrice></item><item><PriceUpdateDate>2016-05-30 22:05:17</PriceUpdateDate><ItemCode>7290105695024</ItemCode><ItemType>1</ItemType><ItemName>פתיתים אפויים אורז ע</ItemName><ManufacturerName>לא ממותג</ManufacturerName><ManufactureCountry>ישראל</ManufactureCountry><ManufacturerItemDescription>פתיתים אפויים אורז עם אטר</ManufacturerItemDescription><SoldByWeight/><Quantity>500.00</Quantity><UnitOfMeasure>גרם     </UnitOfMeasure><QtyInPackage>לא ידוע</QtyInPackage><UnitOfMeasurePrice>0.0118</UnitOfMeasurePrice><AllowDiscount>1</AllowDiscount><ItemStatus>1</ItemStatus><ItemPrice>5.90</ItemPrice></item><item><PriceUpdateDate>2015-11-12 18:18:37</PriceUpdateDate><ItemCode>7290105695994</ItemCode><ItemType>1</ItemType><ItemName>רוטב סויה טבעי 290 מ</ItemName><ManufacturerName>לא ממותג</ManufacturerName><ManufactureCountry>ישראל</ManufactureCountry><ManufacturerItemDescription>רוטב סויה טבעי 290 מ</ManufacturerItemDescription><SoldByWeight/><Quantity>290.00</Quantity><UnitOfMeasure>מ"ל</UnitOfMeasure><QtyInPackage>לא ידוע</QtyInPackage><UnitOfMeasurePrice>0.0676</UnitOfMeasurePrice><AllowDiscount>1</AllowDiscount><ItemStatus>1</ItemStatus><ItemPrice>19.60</ItemPrice></item><item><PriceUpdateDate>2016-05-01 21:47:16</PriceUpdateDate><ItemCode>7290105961525</ItemCode><ItemType>1</ItemType><ItemName>שוקולד ספלנדיד מריר</ItemName><ManufacturerName>ספלנדיד</ManufacturerName><ManufactureCountry>ישראל</ManufactureCountry><ManufacturerItemDescription>שוקולד ספלנדיד מריר</ManufacturerItemDescription><SoldByWeight/><Quantity>100.00</Quantity><UnitOfMeasure>גרם     </UnitOfMeasure><QtyInPackage>לא ידוע</QtyInPackage><UnitOfMeasurePrice>0.1190</UnitOfMeasurePrice><AllowDiscount>1</AllowDiscount><ItemStatus>1</ItemStatus><ItemPrice>11.90</ItemPrice></item><item><PriceUpdateDate>2015-12-15 10:09:43</PriceUpdateDate><ItemCode>7290105964748</ItemCode><ItemType>1</ItemType><ItemName>בונבוניירה ספלנדיד מ</ItemName><ManufacturerName>עלית</ManufacturerName><ManufactureCountry>ישראל</ManufactureCountry><ManufacturerItemDescription>בונ ספלנדיד מריר</ManufacturerItemDescription><SoldByWeight/><Quantity>216.00</Quantity><UnitOfMeasure>גרם     </UnitOfMeasure><QtyInPackage>לא ידוע</QtyInPackage><UnitOfMeasurePrice>0.1338</UnitOfMeasurePrice><AllowDiscount>1</AllowDiscount><ItemStatus>1</ItemStatus><ItemPrice>28.90</ItemPrice></item><item><PriceUpdateDate>2015-12-15 10:09:43</PriceUpdateDate><ItemCode>7290105964755</ItemCode><ItemType>1</ItemType><ItemName>בונבוניירה ספלנדיד מ</ItemName><ManufacturerName>עלית</ManufacturerName><ManufactureCountry>ישראל</ManufactureCountry><ManufacturerItemDescription>בונ ספלנדיד מיקס משפחתי 2</ManufacturerItemDescription><SoldByWeight/><Quantity>216.00</Quantity><UnitOfMeasure>גרם     </UnitOfMeasure><QtyInPackage>לא ידוע</QtyInPackage><UnitOfMeasurePrice>0.1338</UnitOfMeasurePrice><AllowDiscount>1</AllowDiscount><ItemStatus>1</ItemStatus><ItemPrice>28.90</ItemPrice></item><item><PriceUpdateDate>2015-10-20 16:50:27</PriceUpdateDate><ItemCode>7290105964915</ItemCode><ItemType>1</ItemType><ItemName>פופקורן בטעם טבעי 80</ItemName><ManufacturerName>עלית</ManufacturerName><ManufactureCountry>ישראל</ManufactureCountry><ManufacturerItemDescription>פופקורן בטעם טבעי 80 גרם</ManufacturerItemDescription><SoldByWeight/><Quantity>80.00</Quantity><UnitOfMeasure>גרם     </UnitOfMeasure><QtyInPackage>לא ידוע</QtyInPackage><UnitOfMeasurePrice>0.0738</UnitOfMeasurePrice><AllowDiscount>1</AllowDiscount><ItemStatus>1</ItemStatus><ItemPrice>5.90</ItemPrice></item><item><PriceUpdateDate>2016-05-01 21:47:16</PriceUpdateDate><ItemCode>7290105965493</ItemCode><ItemType>1</ItemType><ItemName>שוקולד ספלנדיד מוס מ</ItemName><ManufacturerName>ספלנדיד</ManufacturerName><ManufactureCountry>ישראל</ManufactureCountry><ManufacturerItemDescription>שוקולד ספלנדיד מריר 100 ג</ManufacturerItemDescription><SoldByWeight/><Quantity>100.00</Quantity><UnitOfMeasure>גרם     </UnitOfMeasure><QtyInPackage>לא ידוע</QtyInPackage><UnitOfMeasurePrice>0.1190</UnitOfMeasurePrice><AllowDiscount>1</AllowDiscount><ItemStatus>1</ItemStatus><ItemPrice>11.90</ItemPrice></item><item><PriceUpdateDate>2015-06-30 06:46:48</PriceUpdateDate><ItemCode>7290105965707</ItemCode><ItemType>1</ItemType><ItemName>דנונה לשתיה תות בננה</ItemName><ManufacturerName>דנונה</ManufacturerName><ManufactureCountry>ישראל</ManufactureCountry><ManufacturerItemDescription>משקה יוגורט תות בננה 820</ManufacturerItemDescription><SoldByWeight/><Quantity>850.00</Quantity><UnitOfMeasure>גרם     </UnitOfMeasure><QtyInPackage>לא ידוע</QtyInPackage><UnitOfMeasurePrice>0.0194</UnitOfMeasurePrice><AllowDiscount>1</AllowDiscount><ItemStatus>1</ItemStatus><ItemPrice>16.50</ItemPrice></item><item><PriceUpdateDate>2016-05-09 06:44:24</PriceUpdateDate><ItemCode>7290105965738</ItemCode><ItemType>1</ItemType><ItemName>דנונה לשתיה תות בננה</ItemName><ManufacturerName>דנונה</ManufacturerName><ManufactureCountry>ישראל</ManufactureCountry><ManufacturerItemDescription>משקה יוגורט תות בננה 250</ManufacturerItemDescription><SoldByWeight/><Quantity>267.00</Quantity><UnitOfMeasure>גרם     </UnitOfMeasure><QtyInPackage>לא ידוע</QtyInPackage><UnitOfMeasurePrice>0.0206</UnitOfMeasurePrice><AllowDiscount>1</AllowDiscount><ItemStatus>1</ItemStatus><ItemPrice>5.50</ItemPrice></item><item><PriceUpdateDate>2016-01-05 08:50:03</PriceUpdateDate><ItemCode>7290105966018</ItemCode><ItemType>1</ItemType><ItemName>חלב מועשר 1% יטבתה 1</ItemName><ManufacturerName>יטבתה</ManufacturerName><ManufactureCountry>ישראל</ManufactureCountry><ManufacturerItemDescription>חלב מועשר 1% יטבתה 1</ManufacturerItemDescription><SoldByWeight/><Quantity>1750.00</Quantity><UnitOfMeasure>גרם     </UnitOfMeasure><QtyInPackage>לא ידוע</QtyInPackage><UnitOfMeasurePrice>0.0079</UnitOfMeasurePrice><AllowDiscount>1</AllowDiscount><ItemStatus>1</ItemStatus><ItemPrice>13.90</ItemPrice></item><item><PriceUpdateDate>2014-11-03 06:36:41</PriceUpdateDate><ItemCode>7290105966469</ItemCode><ItemType>1</ItemType><ItemName>חומץ בלסמי יד מורדכי</ItemName><ManufacturerName>לא ממותג</ManufacturerName><ManufactureCountry>איטליה</ManufactureCountry><ManufacturerItemDescription>וופל גרדנה      ד 100 גר</ManufacturerItemDescription><SoldByWeight/><Quantity>500.00</Quantity><UnitOfMeasure>מ"ל</UnitOfMeasure><QtyInPackage>לא ידוע</QtyInPackage><UnitOfMeasurePrice>0.0384</UnitOfMeasurePrice><AllowDiscount>1</AllowDiscount><ItemStatus>1</ItemStatus><ItemPrice>19.20</ItemPrice></item><item><PriceUpdateDate>2015-12-09 07:05:14</PriceUpdateDate><ItemCode>7290105968067</ItemCode><ItemType>1</ItemType><ItemName>סלט חומוס אחלה עם גר</ItemName><ManufacturerName>אחלה</ManufacturerName><ManufactureCountry>ישראל</ManufactureCountry><ManufacturerItemDescription>חומוס לניגוב על גרגרים 40</ManufacturerItemDescription><SoldByWeight/><Quantity>400.00</Quantity><UnitOfMeasure>גרם     </UnitOfMeasure><QtyInPackage>לא ידוע</QtyInPackage><UnitOfMeasurePrice>0.0298</UnitOfMeasurePrice><AllowDiscount>0</AllowDiscount><ItemStatus>1</ItemStatus><ItemPrice>11.90</ItemPrice></item><item><PriceUpdateDate>2015-10-11 18:11:02</PriceUpdateDate><ItemCode>7290105968630</ItemCode><ItemType>1</ItemType><ItemName>מאגדת אנרג'י אגוזים</ItemName><ManufacturerName>אנרג'י</ManufacturerName><ManufactureCountry>ישראל</ManufactureCountry><ManufacturerItemDescription>חטיף דגנים אגוזים ללא סוכ</ManufacturerItemDescription><SoldByWeight/><Quantity>168.00</Quantity><UnitOfMeasure>גרם     </UnitOfMeasure><QtyInPackage>לא ידוע</QtyInPackage><UnitOfMeasurePrice>0.1101</UnitOfMeasurePrice><AllowDiscount>1</AllowDiscount><ItemStatus>1</ItemStatus><ItemPrice>18.50</ItemPrice></item><item><PriceUpdateDate>2016-02-02 06:51:53</PriceUpdateDate><ItemCode>7290105968654</ItemCode><ItemType>1</ItemType><ItemName>רביולי בטטה פרווה 40</ItemName><ManufacturerName>שטראוס</ManufacturerName><ManufactureCountry>ישראל</ManufactureCountry><ManufacturerItemDescription>פסטה רביולי בטטה 400 גרם</ManufacturerItemDescription><SoldByWeight/><Quantity>400.00</Quantity><UnitOfMeasure>גרם     </UnitOfMeasure><QtyInPackage>לא ידוע</QtyInPackage><UnitOfMeasurePrice>0.0522</UnitOfMeasurePrice><AllowDiscount>1</AllowDiscount><ItemStatus>1</ItemStatus><ItemPrice>20.90</ItemPrice></item><item><PriceUpdateDate>2016-05-31 12:02:39</PriceUpdateDate><ItemCode>7290106340244</ItemCode><ItemType>1</ItemType><ItemName>מב עוגיות מלוחות-מקל</ItemName><ManufacturerName>קואופ שופ</ManufacturerName><ManufactureCountry>ישראל</ManufactureCountry><ManufacturerItemDescription>מב עוגיות מלוחות-מקל</ManufacturerItemDescription><SoldByWeight/><Quantity>400.00</Quantity><UnitOfMeasure>גרם     </UnitOfMeasure><QtyInPackage>לא ידוע</QtyInPackage><UnitOfMeasurePrice>0.0248</UnitOfMeasurePrice><AllowDiscount>1</AllowDiscount><ItemStatus>1</ItemStatus><ItemPrice>9.90</ItemPrice></item><item><PriceUpdateDate>2016-04-06 07:12:03</PriceUpdateDate><ItemCode>7290106340251</ItemCode><ItemType>1</ItemType><ItemName>עוגיות רייף מרוקאיות</ItemName><ManufacturerName>קואופ שופ</ManufacturerName><ManufactureCountry>ישראל</ManufactureCountry><ManufacturerItemDescription>עוגיות רייף מרוקאיות</ManufacturerItemDescription><SoldByWeight/><Quantity>350.00</Quantity><UnitOfMeasure>גרם     </UnitOfMeasure><QtyInPackage>לא ידוע</QtyInPackage><UnitOfMeasurePrice>0.0397</UnitOfMeasurePrice><AllowDiscount>1</AllowDiscount><ItemStatus>1</ItemStatus><ItemPrice>13.90</ItemPrice></item><item><PriceUpdateDate>2016-05-31 12:02:39</PriceUpdateDate><ItemCode>7290106340268</ItemCode><ItemType>1</ItemType><ItemName>מב עוגיות מלוחות עגו</ItemName><ManufacturerName>קואופ שופ</ManufacturerName><ManufactureCountry>ישראל</ManufactureCountry><ManufacturerItemDescription>מב עוגיות מלוחות עגו</ManufacturerItemDescription><SoldByWeight/><Quantity>400.00</Quantity><UnitOfMeasure>גרם     </UnitOfMeasure><QtyInPackage>לא ידוע</QtyInPackage><UnitOfMeasurePrice>0.0248</UnitOfMeasurePrice><AllowDiscount>1</AllowDiscount><ItemStatus>1</ItemStatus><ItemPrice>9.90</ItemPrice></item><item><PriceUpdateDate>2016-04-06 07:12:03</PriceUpdateDate><ItemCode>7290106340275</ItemCode><ItemType>1</ItemType><ItemName>עוגיות מרוקאיות 350</ItemName><ManufacturerName>קואופ שופ</ManufacturerName><ManufactureCountry>ישראל</ManufactureCountry><ManufacturerItemDescription>עוגיות מרוקאיות 350</ManufacturerItemDescription><SoldByWeight/><Quantity>350.00</Quantity><UnitOfMeasure>גרם     </UnitOfMeasure><QtyInPackage>לא ידוע</QtyInPackage><UnitOfMeasurePrice>0.0397</UnitOfMeasurePrice><AllowDiscount>1</AllowDiscount><ItemStatus>1</ItemStatus><ItemPrice>13.90</ItemPrice></item><item><PriceUpdateDate>2016-04-06 07:12:04</PriceUpdateDate><ItemCode>7290106340305</ItemCode><ItemType>1</ItemType><ItemName>עוגיות תה ביתיות 350</ItemName><ManufacturerName>קואופ שופ</ManufacturerName><ManufactureCountry>ישראל</ManufactureCountry><ManufacturerItemDescription>עוגיות תה ביתיות 350</ManufacturerItemDescription><SoldByWeight/><Quantity>300.00</Quantity><UnitOfMeasure>גרם     </UnitOfMeasure><QtyInPackage>לא ידוע</QtyInPackage><UnitOfMeasurePrice>0.0463</UnitOfMeasurePrice><AllowDiscount>1</AllowDiscount><ItemStatus>1</ItemStatus><ItemPrice>13.90</ItemPrice></item><item><PriceUpdateDate>2016-04-06 07:12:04</PriceUpdateDate><ItemCode>7290106340381</ItemCode><ItemType>1</ItemType><ItemName>רוגלך שוקולד 500 גרם</ItemName><ManufacturerName>קואופ שופ</ManufacturerName><ManufactureCountry>ישראל</ManufactureCountry><ManufacturerItemDescription>רוגלך שוקולד 500 גרם</ManufacturerItemDescription><SoldByWeight/><Quantity>500.00</Quantity><UnitOfMeasure>גרם     </UnitOfMeasure><QtyInPackage>לא ידוע</QtyInPackage><UnitOfMeasurePrice>0.0278</UnitOfMeasurePrice><AllowDiscount>1</AllowDiscount><ItemStatus>1</ItemStatus><ItemPrice>13.90</ItemPrice></item><item><PriceUpdateDate>2016-04-06 07:12:04</PriceUpdateDate><ItemCode>7290106340442</ItemCode><ItemType>1</ItemType><ItemName>שנק קינמון 500 גרם ק</ItemName><ManufacturerName>קואופ שופ</ManufacturerName><ManufactureCountry>ישראל</ManufactureCountry><ManufacturerItemDescription>שנק קינמון 500 גרם ק</ManufacturerItemDescription><SoldByWeight/><Quantity>500.00</Quantity><UnitOfMeasure>גרם     </UnitOfMeasure><QtyInPackage>לא ידוע</QtyInPackage><UnitOfMeasurePrice>0.0278</UnitOfMeasurePrice><AllowDiscount>1</AllowDiscount><ItemStatus>1</ItemStatus><ItemPrice>13.90</ItemPrice></item><item><PriceUpdateDate>2015-10-20 17:10:55</PriceUpdateDate><ItemCode>7290106340480</ItemCode><ItemType>1</ItemType><ItemName>וופל מילוי ט.שוקולד</ItemName><ManufacturerName>קואופ שופ</ManufacturerName><ManufactureCountry>ישראל</ManufactureCountry><ManufacturerItemDescription>וופל מילוי ט.שוקולד</ManufacturerItemDescription><SoldByWeight/><Quantity>200.00</Quantity><UnitOfMeasure>גרם     </UnitOfMeasure><QtyInPackage>לא ידוע</QtyInPackage><UnitOfMeasurePrice>0.0200</UnitOfMeasurePrice><AllowDiscount>1</AllowDiscount><ItemStatus>1</ItemStatus><ItemPrice>4.00</ItemPrice></item><item><PriceUpdateDate>2015-10-11 18:11:02</PriceUpdateDate><ItemCode>7290106342668</ItemCode><ItemType>1</ItemType><ItemName>פריכיות אורז מלא קוא</ItemName><ManufacturerName>קואופ שופ</ManufacturerName><ManufactureCountry>ישראל</ManufactureCountry><ManufacturerItemDescription>פריכיות אורז מלא קוא</ManufacturerItemDescription><SoldByWeight/><Quantity>100.00</Quantity><UnitOfMeasure>גרם     </UnitOfMeasure><QtyInPackage>לא ידוע</QtyInPackage><UnitOfMeasurePrice>0.0690</UnitOfMeasurePrice><AllowDiscount>1</AllowDiscount><ItemStatus>1</ItemStatus><ItemPrice>6.90</ItemPrice></item><item><PriceUpdateDate>2016-03-16 15:40:50</PriceUpdateDate><ItemCode>7290106342798</ItemCode><ItemType>1</ItemType><ItemName>שמן קנולה מזוכך 1 לי</ItemName><ManufacturerName>קואופ שופ</ManufacturerName><ManufactureCountry>ישראל</ManufactureCountry><ManufacturerItemDescription>שמן קנולה מזוכך 1 לי</ManufacturerItemDescription><SoldByWeight/><Quantity>1000.00</Quantity><UnitOfMeasure>מ"ל</UnitOfMeasure><QtyInPackage>לא ידוע</QtyInPackage><UnitOfMeasurePrice>0.0069</UnitOfMeasurePrice><AllowDiscount>1</AllowDiscount><ItemStatus>1</ItemStatus><ItemPrice>6.90</ItemPrice></item><item><PriceUpdateDate>2016-05-30 22:05:18</PriceUpdateDate><ItemCode>7290106342804</ItemCode><ItemType>1</ItemType><ItemName>שמן זית כתית מעולה 7</ItemName><ManufacturerName>קואופ שופ</ManufacturerName><ManufactureCountry>ישראל</ManufactureCountry><ManufacturerItemDescription>שמן זית כתית מעולה 7</ManufacturerItemDescription><SoldByWeight/><Quantity>750.00</Quantity><UnitOfMeasure>מ"ל</UnitOfMeasure><QtyInPackage>לא ידוע</QtyInPackage><UnitOfMeasurePrice>0.0372</UnitOfMeasurePrice><AllowDiscount>1</AllowDiscount><ItemStatus>1</ItemStatus><ItemPrice>27.90</ItemPrice></item><item><PriceUpdateDate>2015-12-27 12:17:23</PriceUpdateDate><ItemCode>7290106520066</ItemCode><ItemType>1</ItemType><ItemName>רבע לשבע קרם אגוזים</ItemName><ManufacturerName>עלית</ManufacturerName><ManufactureCountry>ישראל</ManufactureCountry><ManufacturerItemDescription>רבע לשבע בדצ 160 גרם</ManufacturerItemDescription><SoldByWeight/><Quantity>160.00</Quantity><UnitOfMeasure>גרם     </UnitOfMeasure><QtyInPackage>לא ידוע</QtyInPackage><UnitOfMeasurePrice>0.0869</UnitOfMeasurePrice><AllowDiscount>1</AllowDiscount><ItemStatus>1</ItemStatus><ItemPrice>13.90</ItemPrice></item><item><PriceUpdateDate>2016-02-03 08:25:58</PriceUpdateDate><ItemCode>7290106520288</ItemCode><ItemType>1</ItemType><ItemName>דנונה פרו תות 2.4% 1</ItemName><ManufacturerName>דנונה</ManufacturerName><ManufactureCountry>ישראל</ManufactureCountry><ManufacturerItemDescription>דנונה פרי בתחתית תות 145</ManufacturerItemDescription><SoldByWeight/><Quantity>150.00</Quantity><UnitOfMeasure>גרם     </UnitOfMeasure><QtyInPackage>לא ידוע</QtyInPackage><UnitOfMeasurePrice>0.0333</UnitOfMeasurePrice><AllowDiscount>1</AllowDiscount><ItemStatus>1</ItemStatus><ItemPrice>5.00</ItemPrice></item><item><PriceUpdateDate>2015-12-28 09:39:53</PriceUpdateDate><ItemCode>7290106520295</ItemCode><ItemType>1</ItemType><ItemName>דנונה פרו לבן 2.9% 1</ItemName><ManufacturerName>דנונה</ManufacturerName><ManufactureCountry>ישראל</ManufactureCountry><ManufacturerItemDescription>דנונה פרי בתחתית תות 145</ManufacturerItemDescription><SoldByWeight/><Quantity>150.00</Quantity><UnitOfMeasure>גרם     </UnitOfMeasure><QtyInPackage>לא ידוע</QtyInPackage><UnitOfMeasurePrice>0.0333</UnitOfMeasurePrice><AllowDiscount>1</AllowDiscount><ItemStatus>1</ItemStatus><ItemPrice>5.00</ItemPrice></item><item><PriceUpdateDate>2015-12-28 09:39:53</PriceUpdateDate><ItemCode>7290106520417</ItemCode><ItemType>1</ItemType><ItemName>JOY בר חלב עם שברי ו</ItemName><ManufacturerName>דנונה</ManufacturerName><ManufactureCountry>ישראל</ManufactureCountry><ManufacturerItemDescription>דנונה+דגנים שוקולד200 1/2</ManufacturerItemDescription><SoldByWeight/><Quantity>140.00</Quantity><UnitOfMeasure>גרם     </UnitOfMeasure><QtyInPackage>לא ידוע</QtyInPackage><UnitOfMeasurePrice>0.0321</UnitOfMeasurePrice><AllowDiscount>1</AllowDiscount><ItemStatus>1</ItemStatus><ItemPrice>4.50</ItemPrice></item><item><PriceUpdateDate>2016-03-16 15:40:50</PriceUpdateDate><ItemCode>7290106520462</ItemCode><ItemType>1</ItemType><ItemName>מאגדת מילקי CAKE קיי</ItemName><ManufacturerName>מילקי</ManufacturerName><ManufactureCountry>ישראל</ManufactureCountry><ManufacturerItemDescription>מילקי וניל170 מל</ManufacturerItemDescription><SoldByWeight/><Quantity>136.00</Quantity><UnitOfMeasure>גרם     </UnitOfMeasure><QtyInPackage>לא ידוע</QtyInPackage><UnitOfMeasurePrice>0.0801</UnitOfMeasurePrice><AllowDiscount>1</AllowDiscount><ItemStatus>1</ItemStatus><ItemPrice>10.90</ItemPrice></item><item><PriceUpdateDate>2016-05-11 13:01:36</PriceUpdateDate><ItemCode>7290106520912</ItemCode><ItemType>1</ItemType><ItemName>שמנת לבישול 9% יטבתה</ItemName><ManufacturerName>יטבתה</ManufacturerName><ManufactureCountry>ישראל</ManufactureCountry><ManufacturerItemDescription>שמנת לבישול 9% יטבתה</ManufacturerItemDescription><SoldByWeight/><Quantity>250.00</Quantity><UnitOfMeasure>מ"ל</UnitOfMeasure><QtyInPackage>לא ידוע</QtyInPackage><UnitOfMeasurePrice>0.0356</UnitOfMeasurePrice><AllowDiscount>1</AllowDiscount><ItemStatus>1</ItemStatus><ItemPrice>8.90</ItemPrice></item><item><PriceUpdateDate>2016-03-24 13:56:24</PriceUpdateDate><ItemCode>7290106521049</ItemCode><ItemType>1</ItemType><ItemName>סלט אחלה קוביות סלק</ItemName><ManufacturerName>אחלה</ManufacturerName><ManufactureCountry>ישראל</ManufactureCountry><ManufacturerItemDescription>קוביות סלק 400 גר אחלה</ManufacturerItemDescription><SoldByWeight/><Quantity>400.00</Quantity><UnitOfMeasure>גרם     </UnitOfMeasure><QtyInPackage>לא ידוע</QtyInPackage><UnitOfMeasurePrice>0.0422</UnitOfMeasurePrice><AllowDiscount>1</AllowDiscount><ItemStatus>1</ItemStatus><ItemPrice>16.90</ItemPrice></item><item><PriceUpdateDate>2016-03-02 07:28:22</PriceUpdateDate><ItemCode>7290106521629</ItemCode><ItemType>1</ItemType><ItemName>רביעיית טוויסט</ItemName><ManufacturerName>עלית</ManufacturerName><ManufactureCountry>ישראל</ManufactureCountry><ManufacturerItemDescription>רביעיית חטיפי טוויסט 112</ManufacturerItemDescription><SoldByWeight/><Quantity>112.00</Quantity><UnitOfMeasure>גרם     </UnitOfMeasure><QtyInPackage>לא ידוע</QtyInPackage><UnitOfMeasurePrice>0.1330</UnitOfMeasurePrice><AllowDiscount>1</AllowDiscount><ItemStatus>1</ItemStatus><ItemPrice>14.90</ItemPrice></item><item><PriceUpdateDate>2016-03-02 07:28:22</PriceUpdateDate><ItemCode>7290106521650</ItemCode><ItemType>1</ItemType><ItemName>רביעיית טעמי</ItemName><ManufacturerName>עלית</ManufacturerName><ManufactureCountry>ישראל</ManufactureCountry><ManufacturerItemDescription>רביעיית חטיפי טעמי 160 גר</ManufacturerItemDescription><SoldByWeight/><Quantity>160.00</Quantity><UnitOfMeasure>גרם     </UnitOfMeasure><QtyInPackage>לא ידוע</QtyInPackage><UnitOfMeasurePrice>0.0931</UnitOfMeasurePrice><AllowDiscount>1</AllowDiscount><ItemStatus>1</ItemStatus><ItemPrice>14.90</ItemPrice></item><item><PriceUpdateDate>2015-10-20 16:43:51</PriceUpdateDate><ItemCode>7290106523142</ItemCode><ItemType>1</ItemType><ItemName>מארז יוגורט יווני טב</ItemName><ManufacturerName>דנונה</ManufacturerName><ManufactureCountry>ישראל</ManufactureCountry><ManufacturerItemDescription>מארז 1/4 יוגורט יווני</ManufacturerItemDescription><SoldByWeight/><Quantity>520.00</Quantity><UnitOfMeasure>גרם     </UnitOfMeasure><QtyInPackage>לא ידוע</QtyInPackage><UnitOfMeasurePrice>0.0254</UnitOfMeasurePrice><AllowDiscount>1</AllowDiscount><ItemStatus>1</ItemStatus><ItemPrice>13.20</ItemPrice></item><item><PriceUpdateDate>2015-10-21 13:56:09</PriceUpdateDate><ItemCode>7290106524224</ItemCode><ItemType>1</ItemType><ItemName>פריכיות אנרג'י ביס ב</ItemName><ManufacturerName>עלית</ManufacturerName><ManufactureCountry>ישראל</ManufactureCountry><ManufacturerItemDescription>פריכיות ביס בטעם וניל 25</ManufacturerItemDescription><SoldByWeight/><Quantity>25.00</Quantity><UnitOfMeasure>גרם     </UnitOfMeasure><QtyInPackage>לא ידוע</QtyInPackage><UnitOfMeasurePrice>0.2000</UnitOfMeasurePrice><AllowDiscount>1</AllowDiscount><ItemStatus>1</ItemStatus><ItemPrice>5.00</ItemPrice></item><item><PriceUpdateDate>2015-10-21 13:56:09</PriceUpdateDate><ItemCode>7290106524231</ItemCode><ItemType>1</ItemType><ItemName>פריכיות אנרג'י ביס ב</ItemName><ManufacturerName>עלית</ManufacturerName><ManufactureCountry>ישראל</ManufactureCountry><ManufacturerItemDescription>פריכיות ביס בטעם תות 25 ג</ManufacturerItemDescription><SoldByWeight/><Quantity>25.00</Quantity><UnitOfMeasure>גרם     </UnitOfMeasure><QtyInPackage>לא ידוע</QtyInPackage><UnitOfMeasurePrice>0.2000</UnitOfMeasurePrice><AllowDiscount>1</AllowDiscount><ItemStatus>1</ItemStatus><ItemPrice>5.00</ItemPrice></item><item><PriceUpdateDate>2016-03-14 06:44:35</PriceUpdateDate><ItemCode>7290106524569</ItemCode><ItemType>1</ItemType><ItemName>כיף כף מקלות קרמל 39</ItemName><ManufacturerName>עלית</ManufacturerName><ManufactureCountry>ישראל</ManufactureCountry><ManufacturerItemDescription>כיף כף מקלות    וצים40גר</ManufacturerItemDescription><SoldByWeight/><Quantity>39.00</Quantity><UnitOfMeasure>גרם     </UnitOfMeasure><QtyInPackage>לא ידוע</QtyInPackage><UnitOfMeasurePrice>0.1410</UnitOfMeasurePrice><AllowDiscount>1</AllowDiscount><ItemStatus>1</ItemStatus><ItemPrice>5.50</ItemPrice></item><item><PriceUpdateDate>2014-11-03 06:36:42</PriceUpdateDate><ItemCode>7290106525320</ItemCode><ItemType>1</ItemType><ItemName>אבקת שוקולית לאפיה 5</ItemName><ManufacturerName>שוקולית</ManufacturerName><ManufactureCountry>ישראל</ManufactureCountry><ManufacturerItemDescription>אבקת שוקולית לאפיה 5</ManufacturerItemDescription><SoldByWeight/><Quantity>500.00</Quantity><UnitOfMeasure>גרם     </UnitOfMeasure><QtyInPackage>לא ידוע</QtyInPackage><UnitOfMeasurePrice>0.0338</UnitOfMeasurePrice><AllowDiscount>1</AllowDiscount><ItemStatus>1</ItemStatus><ItemPrice>16.90</ItemPrice></item><item><PriceUpdateDate>2015-12-10 07:00:40</PriceUpdateDate><ItemCode>7290106526822</ItemCode><ItemType>1</ItemType><ItemName>פריכיות אנרג'י שוק.ח</ItemName><ManufacturerName>אנרג'י</ManufacturerName><ManufactureCountry>ישראל</ManufactureCountry><ManufacturerItemDescription>פריכיות עם תחתית שוקולד</ManufacturerItemDescription><SoldByWeight/><Quantity>80.00</Quantity><UnitOfMeasure>גרם     </UnitOfMeasure><QtyInPackage>לא ידוע</QtyInPackage><UnitOfMeasurePrice>0.1113</UnitOfMeasurePrice><AllowDiscount>1</AllowDiscount><ItemStatus>1</ItemStatus><ItemPrice>8.90</ItemPrice></item><item><PriceUpdateDate>2015-12-10 07:00:40</PriceUpdateDate><ItemCode>7290106527386</ItemCode><ItemType>1</ItemType><ItemName>פריכיות אנרג'י אורז</ItemName><ManufacturerName>אנרג'י</ManufacturerName><ManufactureCountry>ישראל</ManufactureCountry><ManufacturerItemDescription>פריכיות מצופות שוקולד חלב</ManufacturerItemDescription><SoldByWeight/><Quantity>70.00</Quantity><UnitOfMeasure>גרם     </UnitOfMeasure><QtyInPackage>לא ידוע</QtyInPackage><UnitOfMeasurePrice>0.1271</UnitOfMeasurePrice><AllowDiscount>1</AllowDiscount><ItemStatus>1</ItemStatus><ItemPrice>8.90</ItemPrice></item><item><PriceUpdateDate>2016-05-05 09:13:50</PriceUpdateDate><ItemCode>7290106528406</ItemCode><ItemType>1</ItemType><ItemName>דוריטוס בום פיצה 70</ItemName><ManufacturerName>דוריטוס</ManufacturerName><ManufactureCountry>ישראל</ManufactureCountry><ManufacturerItemDescription>דוריטוס דיפ בטעם טבעי 70</ManufacturerItemDescription><SoldByWeight/><Quantity>70.00</Quantity><UnitOfMeasure>גרם     </UnitOfMeasure><QtyInPackage>לא ידוע</QtyInPackage><UnitOfMeasurePrice>0.0643</UnitOfMeasurePrice><AllowDiscount>1</AllowDiscount><ItemStatus>1</ItemStatus><ItemPrice>4.50</ItemPrice></item><item><PriceUpdateDate>2015-11-03 08:39:19</PriceUpdateDate><ItemCode>7290106571907</ItemCode><ItemType>1</ItemType><ItemName>פיטנס עוגיות שוקוצ'י</ItemName><ManufacturerName>אסם</ManufacturerName><ManufactureCountry>ישראל</ManufactureCountry><ManufacturerItemDescription>עוגיות בטעם שוקולד ציפס 1</ManufacturerItemDescription><SoldByWeight/><Quantity>180.00</Quantity><UnitOfMeasure>גרם     </UnitOfMeasure><QtyInPackage>לא ידוע</QtyInPackage><UnitOfMeasurePrice>0.0733</UnitOfMeasurePrice><AllowDiscount>1</AllowDiscount><ItemStatus>1</ItemStatus><ItemPrice>13.20</ItemPrice></item><item><PriceUpdateDate>2016-05-18 17:55:14</PriceUpdateDate><ItemCode>7290106572065</ItemCode><ItemType>1</ItemType><ItemName>חטיפי טורטיה חמוץ מת</ItemName><ManufacturerName>אסם</ManufacturerName><ManufactureCountry>ישראל</ManufactureCountry><ManufacturerItemDescription>חטיפי טורטיה חמוץ מת</ManufacturerItemDescription><SoldByWeight/><Quantity>60.00</Quantity><UnitOfMeasure>גרם     </UnitOfMeasure><QtyInPackage>לא ידוע</QtyInPackage><UnitOfMeasurePrice>0.1550</UnitOfMeasurePrice><AllowDiscount>1</AllowDiscount><ItemStatus>1</ItemStatus><ItemPrice>9.30</ItemPrice></item><item><PriceUpdateDate>2016-05-30 22:05:18</PriceUpdateDate><ItemCode>7290106572997</ItemCode><ItemType>1</ItemType><ItemName>קמח שמרים לפיצה 1 ק"</ItemName><ManufacturerName>אסם</ManufacturerName><ManufactureCountry>ישראל</ManufactureCountry><ManufacturerItemDescription>קמח שמרים לפיצה 1 ק"</ManufacturerItemDescription><SoldByWeight/><Quantity>1000.00</Quantity><UnitOfMeasure>גרם     </UnitOfMeasure><QtyInPackage>לא ידוע</QtyInPackage><UnitOfMeasurePrice>0.0098</UnitOfMeasurePrice><AllowDiscount>1</AllowDiscount><ItemStatus>1</ItemStatus><ItemPrice>9.80</ItemPrice></item><item><PriceUpdateDate>2016-05-30 22:05:18</PriceUpdateDate><ItemCode>7290106573277</ItemCode><ItemType>1</ItemType><ItemName>מב קריספי טאפס זיתים</ItemName><ManufacturerName>לא ממותג</ManufacturerName><ManufactureCountry>ישראל</ManufactureCountry><ManufacturerItemDescription>מב קריספי טאפס זיתים</ManufacturerItemDescription><SoldByWeight/><Quantity>150.00</Quantity><UnitOfMeasure>גרם     </UnitOfMeasure><QtyInPackage>לא ידוע</QtyInPackage><UnitOfMeasurePrice>0.0660</UnitOfMeasurePrice><AllowDiscount>1</AllowDiscount><ItemStatus>1</ItemStatus><ItemPrice>9.90</ItemPrice></item><item><PriceUpdateDate>2016-05-30 22:05:18</PriceUpdateDate><ItemCode>7290106573314</ItemCode><ItemType>1</ItemType><ItemName>מב קריספי טאפס פיצוח</ItemName><ManufacturerName>לא ממותג</ManufacturerName><ManufactureCountry>ישראל</ManufactureCountry><ManufacturerItemDescription>מב קריספי טאפס פיצוח</ManufacturerItemDescription><SoldByWeight/><Quantity>150.00</Quantity><UnitOfMeasure>גרם     </UnitOfMeasure><QtyInPackage>לא ידוע</QtyInPackage><UnitOfMeasurePrice>0.0660</UnitOfMeasurePrice><AllowDiscount>1</AllowDiscount><ItemStatus>1</ItemStatus><ItemPrice>9.90</ItemPrice></item><item><PriceUpdateDate>2016-06-02 12:22:23</PriceUpdateDate><ItemCode>7290106573574</ItemCode><ItemType>1</ItemType><ItemName>מב סלט צבר חומוס ירו</ItemName><ManufacturerName>צבר</ManufacturerName><ManufactureCountry>ישראל</ManufactureCountry><ManufacturerItemDescription>סלט חומוס ירושלמי 400 גרם</ManufacturerItemDescription><SoldByWeight/><Quantity>400.00</Quantity><UnitOfMeasure>גרם     </UnitOfMeasure><QtyInPackage>לא ידוע</QtyInPackage><UnitOfMeasurePrice>0.0323</UnitOfMeasurePrice><AllowDiscount>1</AllowDiscount><ItemStatus>1</ItemStatus><ItemPrice>12.90</ItemPrice></item><item><PriceUpdateDate>2016-06-02 12:22:23</PriceUpdateDate><ItemCode>7290106573598</ItemCode><ItemType>1</ItemType><ItemName>מב סלט צבר חומוס לבנ</ItemName><ManufacturerName>צבר</ManufacturerName><ManufactureCountry>ישראל</ManufactureCountry><ManufacturerItemDescription>סלט חומוס לבנוני 400 גרם</ManufacturerItemDescription><SoldByWeight/><Quantity>400.00</Quantity><UnitOfMeasure>גרם     </UnitOfMeasure><QtyInPackage>לא ידוע</QtyInPackage><UnitOfMeasurePrice>0.0323</UnitOfMeasurePrice><AllowDiscount>1</AllowDiscount><ItemStatus>1</ItemStatus><ItemPrice>12.90</ItemPrice></item><item><PriceUpdateDate>2016-06-02 12:22:24</PriceUpdateDate><ItemCode>7290106573642</ItemCode><ItemType>1</ItemType><ItemName>מב סלט צבר חומוס צנו</ItemName><ManufacturerName>צבר</ManufacturerName><ManufactureCountry>ישראל</ManufactureCountry><ManufacturerItemDescription>סלט חומוס צנובר 400 גרם</ManufacturerItemDescription><SoldByWeight/><Quantity>400.00</Quantity><UnitOfMeasure>גרם     </UnitOfMeasure><QtyInPackage>לא ידוע</QtyInPackage><UnitOfMeasurePrice>0.0323</UnitOfMeasurePrice><AllowDiscount>1</AllowDiscount><ItemStatus>1</ItemStatus><ItemPrice>12.90</ItemPrice></item><item><PriceUpdateDate>2016-05-30 22:05:18</PriceUpdateDate><ItemCode>7290106573703</ItemCode><ItemType>1</ItemType><ItemName>מב סלט חציל פיקנטי ר</ItemName><ManufacturerName>צבר</ManufacturerName><ManufactureCountry>ישראל</ManufactureCountry><ManufacturerItemDescription>מב סלט חציל פיקנטי ר</ManufacturerItemDescription><SoldByWeight/><Quantity>400.00</Quantity><UnitOfMeasure>גרם     </UnitOfMeasure><QtyInPackage>לא ידוע</QtyInPackage><UnitOfMeasurePrice>0.0348</UnitOfMeasurePrice><AllowDiscount>1</AllowDiscount><ItemStatus>1</ItemStatus><ItemPrice>13.90</ItemPrice></item><item><PriceUpdateDate>2016-06-02 12:22:24</PriceUpdateDate><ItemCode>7290106573819</ItemCode><ItemType>1</ItemType><ItemName>מב סלט צבר חומוס אבו</ItemName><ManufacturerName>צבר</ManufacturerName><ManufactureCountry>ישראל</ManufactureCountry><ManufacturerItemDescription>סלט חומוס אבו גוש 400 גרם</ManufacturerItemDescription><SoldByWeight/><Quantity>400.00</Quantity><UnitOfMeasure>גרם     </UnitOfMeasure><QtyInPackage>לא ידוע</QtyInPackage><UnitOfMeasurePrice>0.0323</UnitOfMeasurePrice><AllowDiscount>1</AllowDiscount><ItemStatus>1</ItemStatus><ItemPrice>12.90</ItemPrice></item><item><PriceUpdateDate>2016-03-29 06:17:38</PriceUpdateDate><ItemCode>7290106574328</ItemCode><ItemType>1</ItemType><ItemName>אורז סיני עם נודלס 1</ItemName><ManufacturerName>אסם</ManufacturerName><ManufactureCountry>ישראל</ManufactureCountry><ManufacturerItemDescription>אורז סיני עם נודלס 1</ManufacturerItemDescription><SoldByWeight/><Quantity>130.00</Quantity><UnitOfMeasure>גרם     </UnitOfMeasure><QtyInPackage>לא ידוע</QtyInPackage><UnitOfMeasurePrice>0.0969</UnitOfMeasurePrice><AllowDiscount>1</AllowDiscount><ItemStatus>1</ItemStatus><ItemPrice>12.60</ItemPrice></item><item><PriceUpdateDate>2016-05-30 22:05:19</PriceUpdateDate><ItemCode>7290106575011</ItemCode><ItemType>1</ItemType><ItemName>פתיתים אפויים פלוס ח</ItemName><ManufacturerName>פסטה אסם</ManufacturerName><ManufactureCountry>ישראל</ManufactureCountry><ManufacturerItemDescription>פתיתים אפויים עם חיטה מלא</ManufacturerItemDescription><SoldByWeight/><Quantity>500.00</Quantity><UnitOfMeasure>גרם     </UnitOfMeasure><QtyInPackage>לא ידוע</QtyInPackage><UnitOfMeasurePrice>0.0118</UnitOfMeasurePrice><AllowDiscount>1</AllowDiscount><ItemStatus>1</ItemStatus><ItemPrice>5.90</ItemPrice></item><item><PriceUpdateDate>2016-05-30 22:05:19</PriceUpdateDate><ItemCode>7290106575257</ItemCode><ItemType>1</ItemType><ItemName>עוגת הבית סופלה בטעם</ItemName><ManufacturerName>עוגות הבית</ManufacturerName><ManufactureCountry>ישראל</ManufactureCountry><ManufacturerItemDescription>עוגת הבית סופלה בטעם שוקו</ManufacturerItemDescription><SoldByWeight/><Quantity>340.00</Quantity><UnitOfMeasure>גרם     </UnitOfMeasure><QtyInPackage>לא ידוע</QtyInPackage><UnitOfMeasurePrice>0.0321</UnitOfMeasurePrice><AllowDiscount>0</AllowDiscount><ItemStatus>1</ItemStatus><ItemPrice>10.90</ItemPrice></item><item><PriceUpdateDate>2016-05-30 22:05:19</PriceUpdateDate><ItemCode>7290106575431</ItemCode><ItemType>1</ItemType><ItemName>עוגת הבית סופלה בטעם</ItemName><ManufacturerName>עוגות הבית</ManufacturerName><ManufactureCountry>ישראל</ManufactureCountry><ManufacturerItemDescription>עוגת הבית סופלה בטעם</ManufacturerItemDescription><SoldByWeight/><Quantity>340.00</Quantity><UnitOfMeasure>גרם     </UnitOfMeasure><QtyInPackage>לא ידוע</QtyInPackage><UnitOfMeasurePrice>0.0321</UnitOfMeasurePrice><AllowDiscount>0</AllowDiscount><ItemStatus>1</ItemStatus><ItemPrice>10.90</ItemPrice></item><item><PriceUpdateDate>2015-10-11 18:11:03</PriceUpdateDate><ItemCode>7290106576391</ItemCode><ItemType>1</ItemType><ItemName>חטיף צ'יפסי בטעם שמנ</ItemName><ManufacturerName>ציפסי</ManufacturerName><ManufactureCountry>ישראל</ManufactureCountry><ManufacturerItemDescription>חטיף ציפסי בטעם שמנת בצל</ManufacturerItemDescription><SoldByWeight/><Quantity>50.00</Quantity><UnitOfMeasure>גרם     </UnitOfMeasure><QtyInPackage>לא ידוע</QtyInPackage><UnitOfMeasurePrice>0.0760</UnitOfMeasurePrice><AllowDiscount>1</AllowDiscount><ItemStatus>1</ItemStatus><ItemPrice>3.80</ItemPrice></item><item><PriceUpdateDate>2015-10-11 18:11:03</PriceUpdateDate><ItemCode>7290106576414</ItemCode><ItemType>1</ItemType><ItemName>חטיף צ'יפסי בטעם מקס</ItemName><ManufacturerName>ציפסי</ManufacturerName><ManufactureCountry>ישראל</ManufactureCountry><ManufacturerItemDescription>חטיף ציפסי בטעם מקסיקני 5</ManufacturerItemDescription><SoldByWeight/><Quantity>50.00</Quantity><UnitOfMeasure>גרם     </UnitOfMeasure><QtyInPackage>לא ידוע</QtyInPackage><UnitOfMeasurePrice>0.0760</UnitOfMeasurePrice><AllowDiscount>1</AllowDiscount><ItemStatus>1</ItemStatus><ItemPrice>3.80</ItemPrice></item><item><PriceUpdateDate>2015-10-20 16:37:57</PriceUpdateDate><ItemCode>7290106576513</ItemCode><ItemType>1</ItemType><ItemName>סלט חומוס צבר 400 גר</ItemName><ManufacturerName>צבר</ManufacturerName><ManufactureCountry>ישראל</ManufactureCountry><ManufacturerItemDescription>סלט חומוס 400 גר</ManufacturerItemDescription><SoldByWeight/><Quantity>400.00</Quantity><UnitOfMeasure>גרם     </UnitOfMeasure><QtyInPackage>לא ידוע</QtyInPackage><UnitOfMeasurePrice>0.0252</UnitOfMeasurePrice><AllowDiscount>1</AllowDiscount><ItemStatus>1</ItemStatus><ItemPrice>10.10</ItemPrice></item><item><PriceUpdateDate>2016-03-16 15:40:50</PriceUpdateDate><ItemCode>7290106576537</ItemCode><ItemType>1</ItemType><ItemName>חומוס צבר מסעדה 700</ItemName><ManufacturerName>צבר</ManufacturerName><ManufactureCountry>ישראל</ManufactureCountry><ManufacturerItemDescription>חומוס מסעדה 700 גר</ManufacturerItemDescription><SoldByWeight/><Quantity>700.00</Quantity><UnitOfMeasure>גרם     </UnitOfMeasure><QtyInPackage>לא ידוע</QtyInPackage><UnitOfMeasurePrice>0.0156</UnitOfMeasurePrice><AllowDiscount>1</AllowDiscount><ItemStatus>1</ItemStatus><ItemPrice>10.90</ItemPrice></item><item><PriceUpdateDate>2016-05-30 22:05:19</PriceUpdateDate><ItemCode>7290106576797</ItemCode><ItemType>1</ItemType><ItemName>גלידה קרמריה 1.4 ליט</ItemName><ManufacturerName>לה קרמריה</ManufacturerName><ManufactureCountry>ישראל</ManufactureCountry><ManufacturerItemDescription>גלידה לה קרמריה וניל איטל</ManufacturerItemDescription><SoldByWeight/><Quantity>1400.00</Quantity><UnitOfMeasure>מ"ל</UnitOfMeasure><QtyInPackage>לא ידוע</QtyInPackage><UnitOfMeasurePrice>0.0128</UnitOfMeasurePrice><AllowDiscount>1</AllowDiscount><ItemStatus>1</ItemStatus><ItemPrice>17.90</ItemPrice></item><item><PriceUpdateDate>2016-05-30 22:05:19</PriceUpdateDate><ItemCode>7290106576810</ItemCode><ItemType>1</ItemType><ItemName>גלידה קרמריה 1.4 ליט</ItemName><ManufacturerName>לה קרמריה</ManufacturerName><ManufactureCountry>ישראל</ManufactureCountry><ManufacturerItemDescription>לה קרמריה ריבת חלב</ManufacturerItemDescription><SoldByWeight/><Quantity>1400.00</Quantity><UnitOfMeasure>מ"ל</UnitOfMeasure><QtyInPackage>לא ידוע</QtyInPackage><UnitOfMeasurePrice>0.0128</UnitOfMeasurePrice><AllowDiscount>1</AllowDiscount><ItemStatus>1</ItemStatus><ItemPrice>17.90</ItemPrice></item><item><PriceUpdateDate>2016-05-30 22:05:19</PriceUpdateDate><ItemCode>7290106576834</ItemCode><ItemType>1</ItemType><ItemName>גלידה קרמריה 1.4 ליט</ItemName><ManufacturerName>לה קרמריה</ManufacturerName><ManufactureCountry>ישראל</ManufactureCountry><ManufacturerItemDescription>לה קרמריה פונטש בננה</ManufacturerItemDescription><SoldByWeight/><Quantity>1400.00</Quantity><UnitOfMeasure>מ"ל</UnitOfMeasure><QtyInPackage>לא ידוע</QtyInPackage><UnitOfMeasurePrice>0.0128</UnitOfMeasurePrice><AllowDiscount>1</AllowDiscount><ItemStatus>1</ItemStatus><ItemPrice>17.90</ItemPrice></item><item><PriceUpdateDate>2016-05-30 22:05:19</PriceUpdateDate><ItemCode>7290106576858</ItemCode><ItemType>1</ItemType><ItemName>גלידה קרמריה 1.4 ליט</ItemName><ManufacturerName>לה קרמריה</ManufacturerName><ManufactureCountry>ישראל</ManufactureCountry><ManufacturerItemDescription>גלידה לה קרמריה תותים</ManufacturerItemDescription><SoldByWeight/><Quantity>1400.00</Quantity><UnitOfMeasure>מ"ל</UnitOfMeasure><QtyInPackage>לא ידוע</QtyInPackage><UnitOfMeasurePrice>0.0128</UnitOfMeasurePrice><AllowDiscount>1</AllowDiscount><ItemStatus>1</ItemStatus><ItemPrice>17.90</ItemPrice></item><item><PriceUpdateDate>2016-05-30 22:05:19</PriceUpdateDate><ItemCode>7290106576896</ItemCode><ItemType>1</ItemType><ItemName>גלידה לה קרמריה וניל</ItemName><ManufacturerName>לה קרמריה</ManufacturerName><ManufactureCountry>ישראל</ManufactureCountry><ManufacturerItemDescription>גלידה וניל קוקולידה 1.4 ל</ManufacturerItemDescription><SoldByWeight/><Quantity>1400.00</Quantity><UnitOfMeasure>גרם     </UnitOfMeasure><QtyInPackage>לא ידוע</QtyInPackage><UnitOfMeasurePrice>0.0128</UnitOfMeasurePrice><AllowDiscount>1</AllowDiscount><ItemStatus>1</ItemStatus><ItemPrice>17.90</ItemPrice></item><item><PriceUpdateDate>2016-05-30 22:05:19</PriceUpdateDate><ItemCode>7290106576919</ItemCode><ItemType>1</ItemType><ItemName>גלידה קרמריה 1.4 ליט</ItemName><ManufacturerName>לה קרמריה</ManufacturerName><ManufactureCountry>ישראל</ManufactureCountry><ManufacturerItemDescription>גלידה לה קרמריה סורבה תות</ManufacturerItemDescription><SoldByWeight/><Quantity>1400.00</Quantity><UnitOfMeasure>מ"ל</UnitOfMeasure><QtyInPackage>לא ידוע</QtyInPackage><UnitOfMeasurePrice>0.0128</UnitOfMeasurePrice><AllowDiscount>1</AllowDiscount><ItemStatus>1</ItemStatus><ItemPrice>17.90</ItemPrice></item><item><PriceUpdateDate>2016-05-30 22:05:19</PriceUpdateDate><ItemCode>7290106576926</ItemCode><ItemType>1</ItemType><ItemName>גלידה לה קרמריה שוקו</ItemName><ManufacturerName>לה קרמריה</ManufacturerName><ManufactureCountry>ישראל</ManufactureCountry><ManufacturerItemDescription>גלידה שוקו וניל לייט 1.4</ManufacturerItemDescription><SoldByWeight/><Quantity>1400.00</Quantity><UnitOfMeasure>גרם     </UnitOfMeasure><QtyInPackage>לא ידוע</QtyInPackage><UnitOfMeasurePrice>0.0128</UnitOfMeasurePrice><AllowDiscount>1</AllowDiscount><ItemStatus>1</ItemStatus><ItemPrice>17.90</ItemPrice></item><item><PriceUpdateDate>2016-05-30 22:05:19</PriceUpdateDate><ItemCode>7290106576971</ItemCode><ItemType>1</ItemType><ItemName>גלידה קרמריה 1.4 ליט</ItemName><ManufacturerName>לה קרמריה</ManufacturerName><ManufactureCountry>ישראל</ManufactureCountry><ManufacturerItemDescription>לה קרמריה ש.בלגי</ManufacturerItemDescription><SoldByWeight/><Quantity>1400.00</Quantity><UnitOfMeasure>מ"ל</UnitOfMeasure><QtyInPackage>לא ידוע</QtyInPackage><UnitOfMeasurePrice>0.0128</UnitOfMeasurePrice><AllowDiscount>1</AllowDiscount><ItemStatus>1</ItemStatus><ItemPrice>17.90</ItemPrice></item><item><PriceUpdateDate>2016-05-30 22:05:19</PriceUpdateDate><ItemCode>7290106576995</ItemCode><ItemType>1</ItemType><ItemName>גלידה לה קרמריה סורב</ItemName><ManufacturerName>לה קרמריה</ManufacturerName><ManufactureCountry>ישראל</ManufactureCountry><ManufacturerItemDescription>גלידה סורבה תות מנגו לייט</ManufacturerItemDescription><SoldByWeight/><Quantity>1400.00</Quantity><UnitOfMeasure>גרם     </UnitOfMeasure><QtyInPackage>לא ידוע</QtyInPackage><UnitOfMeasurePrice>0.0128</UnitOfMeasurePrice><AllowDiscount>1</AllowDiscount><ItemStatus>1</ItemStatus><ItemPrice>17.90</ItemPrice></item><item><PriceUpdateDate>2016-06-02 12:22:24</PriceUpdateDate><ItemCode>7290106577282</ItemCode><ItemType>1</ItemType><ItemName>מב סלט טחינה צבר 400</ItemName><ManufacturerName>צבר</ManufacturerName><ManufactureCountry>ישראל</ManufactureCountry><ManufacturerItemDescription>טחינה 400 גר</ManufacturerItemDescription><SoldByWeight/><Quantity>400.00</Quantity><UnitOfMeasure>גרם     </UnitOfMeasure><QtyInPackage>לא ידוע</QtyInPackage><UnitOfMeasurePrice>0.0323</UnitOfMeasurePrice><AllowDiscount>1</AllowDiscount><ItemStatus>1</ItemStatus><ItemPrice>12.90</ItemPrice></item><item><PriceUpdateDate>2016-06-02 12:22:24</PriceUpdateDate><ItemCode>7290106577480</ItemCode><ItemType>1</ItemType><ItemName>מב חציל על האש בטחינ</ItemName><ManufacturerName>צבר</ManufacturerName><ManufactureCountry>ישראל</ManufactureCountry><ManufacturerItemDescription>חציל על האש בטחינה 400 גר</ManufacturerItemDescription><SoldByWeight/><Quantity>400.00</Quantity><UnitOfMeasure>גרם     </UnitOfMeasure><QtyInPackage>לא ידוע</QtyInPackage><UnitOfMeasurePrice>0.0323</UnitOfMeasurePrice><AllowDiscount>1</AllowDiscount><ItemStatus>1</ItemStatus><ItemPrice>12.90</ItemPrice></item><item><PriceUpdateDate>2016-06-02 12:22:24</PriceUpdateDate><ItemCode>7290106577503</ItemCode><ItemType>1</ItemType><ItemName>מב סלט חצילים צבר 40</ItemName><ManufacturerName>צבר</ManufacturerName><ManufactureCountry>ישראל</ManufactureCountry><ManufacturerItemDescription>חציל במיונז 400 גרם</ManufacturerItemDescription><SoldByWeight/><Quantity>400.00</Quantity><UnitOfMeasure>גרם     </UnitOfMeasure><QtyInPackage>לא ידוע</QtyInPackage><UnitOfMeasurePrice>0.0323</UnitOfMeasurePrice><AllowDiscount>1</AllowDiscount><ItemStatus>1</ItemStatus><ItemPrice>12.90</ItemPrice></item><item><PriceUpdateDate>2016-06-02 12:22:24</PriceUpdateDate><ItemCode>7290106577527</ItemCode><ItemType>1</ItemType><ItemName>מב סלט קולסלו 400 גר</ItemName><ManufacturerName>צבר</ManufacturerName><ManufactureCountry>ישראל</ManufactureCountry><ManufacturerItemDescription>מב סלט קולסלו 400 גר</ManufacturerItemDescription><SoldByWeight/><Quantity>400.00</Quantity><UnitOfMeasure>גרם     </UnitOfMeasure><QtyInPackage>לא ידוע</QtyInPackage><UnitOfMeasurePrice>0.0323</UnitOfMeasurePrice><AllowDiscount>1</AllowDiscount><ItemStatus>1</ItemStatus><ItemPrice>12.90</ItemPrice></item><item><PriceUpdateDate>2016-06-02 12:22:24</PriceUpdateDate><ItemCode>7290106577541</ItemCode><ItemType>1</ItemType><ItemName>מב סלט כרוב אדום צבר</ItemName><ManufacturerName>צבר</ManufacturerName><ManufactureCountry>ישראל</ManufactureCountry><ManufacturerItemDescription>כרוב אדום 400 גר</ManufacturerItemDescription><SoldByWeight/><Quantity>400.00</Quantity><UnitOfMeasure>גרם     </UnitOfMeasure><QtyInPackage>לא ידוע</QtyInPackage><UnitOfMeasurePrice>0.0323</UnitOfMeasurePrice><AllowDiscount>1</AllowDiscount><ItemStatus>1</ItemStatus><ItemPrice>12.90</ItemPrice></item><item><PriceUpdateDate>2015-11-12 18:18:37</PriceUpdateDate><ItemCode>7290106577961</ItemCode><ItemType>1</ItemType><ItemName>צ'ריוס שיבולת שועל 3</ItemName><ManufacturerName>לא ממותג</ManufacturerName><ManufactureCountry>ישראל</ManufactureCountry><ManufacturerItemDescription>צ'ריוס שיבולת שועל 3</ManufacturerItemDescription><SoldByWeight/><Quantity>340.00</Quantity><UnitOfMeasure>גרם     </UnitOfMeasure><QtyInPackage>לא ידוע</QtyInPackage><UnitOfMeasurePrice>0.0597</UnitOfMeasurePrice><AllowDiscount>1</AllowDiscount><ItemStatus>1</ItemStatus><ItemPrice>20.30</ItemPrice></item><item><PriceUpdateDate>2016-06-02 12:22:24</PriceUpdateDate><ItemCode>7290106578333</ItemCode><ItemType>1</ItemType><ItemName>מב סלט חציל על האש 4</ItemName><ManufacturerName>צבר</ManufacturerName><ManufactureCountry>ישראל</ManufactureCountry><ManufacturerItemDescription>חציל על האש 400 גר</ManufacturerItemDescription><SoldByWeight/><Quantity>400.00</Quantity><UnitOfMeasure>גרם     </UnitOfMeasure><QtyInPackage>לא ידוע</QtyInPackage><UnitOfMeasurePrice>0.0323</UnitOfMeasurePrice><AllowDiscount>1</AllowDiscount><ItemStatus>1</ItemStatus><ItemPrice>12.90</ItemPrice></item><item><PriceUpdateDate>2015-11-12 18:18:37</PriceUpdateDate><ItemCode>7290106579118</ItemCode><ItemType>1</ItemType><ItemName>פסטה פרפקטו ספגטי עת</ItemName><ManufacturerName>פרפקטו</ManufacturerName><ManufactureCountry>איטליה</ManufactureCountry><ManufacturerItemDescription>ספומנטה ורדי     מ"ל</ManufacturerItemDescription><SoldByWeight/><Quantity>450.00</Quantity><UnitOfMeasure>גרם     </UnitOfMeasure><QtyInPackage>לא ידוע</QtyInPackage><UnitOfMeasurePrice>0.0224</UnitOfMeasurePrice><AllowDiscount>1</AllowDiscount><ItemStatus>1</ItemStatus><ItemPrice>10.10</ItemPrice></item><item><PriceUpdateDate>2015-11-12 18:18:37</PriceUpdateDate><ItemCode>7290106579170</ItemCode><ItemType>1</ItemType><ItemName>אטריות פרפקטו פפאילד</ItemName><ManufacturerName>פרפקטו</ManufacturerName><ManufactureCountry>איטליה</ManufactureCountry><ManufacturerItemDescription>ורדי גרין אפל   7 מ"ל</ManufacturerItemDescription><SoldByWeight/><Quantity>450.00</Quantity><UnitOfMeasure>גרם     </UnitOfMeasure><QtyInPackage>לא ידוע</QtyInPackage><UnitOfMeasurePrice>0.0213</UnitOfMeasurePrice><AllowDiscount>1</AllowDiscount><ItemStatus>1</ItemStatus><ItemPrice>9.60</ItemPrice></item><item><PriceUpdateDate>2016-05-30 22:05:20</PriceUpdateDate><ItemCode>7290106579293</ItemCode><ItemType>1</ItemType><ItemName>מב סלט סלק רפי כהן 4</ItemName><ManufacturerName>צבר</ManufacturerName><ManufactureCountry>ישראל</ManufactureCountry><ManufacturerItemDescription>מב סלט סלק רפי כהן 4</ManufacturerItemDescription><SoldByWeight/><Quantity>400.00</Quantity><UnitOfMeasure>גרם     </UnitOfMeasure><QtyInPackage>לא ידוע</QtyInPackage><UnitOfMeasurePrice>0.0348</UnitOfMeasurePrice><AllowDiscount>1</AllowDiscount><ItemStatus>1</ItemStatus><ItemPrice>13.90</ItemPrice></item><item><PriceUpdateDate>2015-10-21 13:56:09</PriceUpdateDate><ItemCode>7290106651272</ItemCode><ItemType>1</ItemType><ItemName>פריכיות אנרג'י ביס ב</ItemName><ManufacturerName>עלית</ManufacturerName><ManufactureCountry>ישראל</ManufactureCountry><ManufacturerItemDescription>פריכיות ביס 5 דגנים בטעם</ManufacturerItemDescription><SoldByWeight/><Quantity>25.00</Quantity><UnitOfMeasure>גרם     </UnitOfMeasure><QtyInPackage>לא ידוע</QtyInPackage><UnitOfMeasurePrice>0.2000</UnitOfMeasurePrice><AllowDiscount>1</AllowDiscount><ItemStatus>1</ItemStatus><ItemPrice>5.00</ItemPrice></item><item><PriceUpdateDate>2015-10-21 13:56:09</PriceUpdateDate><ItemCode>7290106651289</ItemCode><ItemType>1</ItemType><ItemName>פריכיות אנרג'י ביס ב</ItemName><ManufacturerName>עלית</ManufacturerName><ManufactureCountry>ישראל</ManufactureCountry><ManufacturerItemDescription>פריכיות ביס 5 דגנים בטעם</ManufacturerItemDescription><SoldByWeight/><Quantity>25.00</Quantity><UnitOfMeasure>גרם     </UnitOfMeasure><QtyInPackage>לא ידוע</QtyInPackage><UnitOfMeasurePrice>0.2000</UnitOfMeasurePrice><AllowDiscount>1</AllowDiscount><ItemStatus>1</ItemStatus><ItemPrice>5.00</ItemPrice></item><item><PriceUpdateDate>2016-05-30 22:05:20</PriceUpdateDate><ItemCode>7290106652484</ItemCode><ItemType>1</ItemType><ItemName>בפלות שוקולד בד"צ 30</ItemName><ManufacturerName>עלית</ManufacturerName><ManufactureCountry>ישראל</ManufactureCountry><ManufacturerItemDescription>בפלות שוקולד קראנץ 300 גר</ManufacturerItemDescription><SoldByWeight/><Quantity>300.00</Quantity><UnitOfMeasure>גרם     </UnitOfMeasure><QtyInPackage>לא ידוע</QtyInPackage><UnitOfMeasurePrice>0.0197</UnitOfMeasurePrice><AllowDiscount>1</AllowDiscount><ItemStatus>1</ItemStatus><ItemPrice>5.90</ItemPrice></item><item><PriceUpdateDate>2016-05-30 22:05:20</PriceUpdateDate><ItemCode>7290106652514</ItemCode><ItemType>1</ItemType><ItemName>בפלות וניל בד"צ 300</ItemName><ManufacturerName>עלית</ManufacturerName><ManufactureCountry>ישראל</ManufactureCountry><ManufacturerItemDescription>בפלות וניל קראנץ 300 גרם</ManufacturerItemDescription><SoldByWeight/><Quantity>300.00</Quantity><UnitOfMeasure>גרם     </UnitOfMeasure><QtyInPackage>לא ידוע</QtyInPackage><UnitOfMeasurePrice>0.0197</UnitOfMeasurePrice><AllowDiscount>1</AllowDiscount><ItemStatus>1</ItemStatus><ItemPrice>5.90</ItemPrice></item><item><PriceUpdateDate>2016-05-02 08:06:00</PriceUpdateDate><ItemCode>7290106653191</ItemCode><ItemType>1</ItemType><ItemName>מב פיתה קראנצ' טעם ט</ItemName><ManufacturerName>לא ממותג</ManufacturerName><ManufactureCountry>ישראל</ManufactureCountry><ManufacturerItemDescription>פיתה קראנצ בטעם טבעי 300</ManufacturerItemDescription><SoldByWeight/><Quantity>300.00</Quantity><UnitOfMeasure>גרם     </UnitOfMeasure><QtyInPackage>לא ידוע</QtyInPackage><UnitOfMeasurePrice>0.0397</UnitOfMeasurePrice><AllowDiscount>1</AllowDiscount><ItemStatus>1</ItemStatus><ItemPrice>11.90</ItemPrice></item><item><PriceUpdateDate>2016-05-02 08:06:00</PriceUpdateDate><ItemCode>7290106653207</ItemCode><ItemType>1</ItemType><ItemName>מב פיתה קראנצ' זעתר</ItemName><ManufacturerName>לא ממותג</ManufacturerName><ManufactureCountry>ישראל</ManufactureCountry><ManufacturerItemDescription>פיתה קראנצ טעם זעתר 300 ג</ManufacturerItemDescription><SoldByWeight/><Quantity>300.00</Quantity><UnitOfMeasure>גרם     </UnitOfMeasure><QtyInPackage>לא ידוע</QtyInPackage><UnitOfMeasurePrice>0.0397</UnitOfMeasurePrice><AllowDiscount>1</AllowDiscount><ItemStatus>1</ItemStatus><ItemPrice>11.90</ItemPrice></item><item><PriceUpdateDate>2016-05-02 08:06:00</PriceUpdateDate><ItemCode>7290106653429</ItemCode><ItemType>1</ItemType><ItemName>מב פיתה קראנצ' מחיטה</ItemName><ManufacturerName>לא ממותג</ManufacturerName><ManufactureCountry>ישראל</ManufactureCountry><ManufacturerItemDescription>פיתה קראנצ מחיטה מלאה 300</ManufacturerItemDescription><SoldByWeight/><Quantity>300.00</Quantity><UnitOfMeasure>גרם     </UnitOfMeasure><QtyInPackage>לא ידוע</QtyInPackage><UnitOfMeasurePrice>0.0397</UnitOfMeasurePrice><AllowDiscount>1</AllowDiscount><ItemStatus>1</ItemStatus><ItemPrice>11.90</ItemPrice></item><item><PriceUpdateDate>2015-09-30 23:37:50</PriceUpdateDate><ItemCode>7290106654921</ItemCode><ItemType>1</ItemType><ItemName>חטיף תפוצי'פס אקסטרא</ItemName><ManufacturerName>תפוצ'יפס</ManufacturerName><ManufactureCountry>ישראל</ManufactureCountry><ManufacturerItemDescription>חטיף תפוצי'פס אקסטרא</ManufacturerItemDescription><SoldByWeight/><Quantity>50.00</Quantity><UnitOfMeasure>גרם     </UnitOfMeasure><QtyInPackage>לא ידוע</QtyInPackage><UnitOfMeasurePrice>0.0780</UnitOfMeasurePrice><AllowDiscount>1</AllowDiscount><ItemStatus>1</ItemStatus><ItemPrice>3.90</ItemPrice></item><item><PriceUpdateDate>2015-09-30 23:37:50</PriceUpdateDate><ItemCode>7290106654945</ItemCode><ItemType>1</ItemType><ItemName>חטיף תפוצי'פס אקסטרא</ItemName><ManufacturerName>תפוצ'יפס</ManufacturerName><ManufactureCountry>ישראל</ManufactureCountry><ManufacturerItemDescription>חטיף תפוצי'פס אקסטרא</ManufacturerItemDescription><SoldByWeight/><Quantity>50.00</Quantity><UnitOfMeasure>גרם     </UnitOfMeasure><QtyInPackage>לא ידוע</QtyInPackage><UnitOfMeasurePrice>0.0780</UnitOfMeasurePrice><AllowDiscount>1</AllowDiscount><ItemStatus>1</ItemStatus><ItemPrice>3.90</ItemPrice></item><item><PriceUpdateDate>2016-01-14 09:15:38</PriceUpdateDate><ItemCode>7290106656352</ItemCode><ItemType>1</ItemType><ItemName>גומי לעיסה מאסט תות</ItemName><ManufacturerName>דזיטול</ManufacturerName><ManufactureCountry>ישראל</ManufactureCountry><ManufacturerItemDescription>גומי לעיסה מאסט תות</ManufacturerItemDescription><SoldByWeight/><Quantity>28.00</Quantity><UnitOfMeasure>גרם     </UnitOfMeasure><QtyInPackage>לא ידוע</QtyInPackage><UnitOfMeasurePrice>0.1607</UnitOfMeasurePrice><AllowDiscount>1</AllowDiscount><ItemStatus>1</ItemStatus><ItemPrice>4.50</ItemPrice></item><item><PriceUpdateDate>2015-11-12 14:58:33</PriceUpdateDate><ItemCode>7290106656512</ItemCode><ItemType>1</ItemType><ItemName>בפלות טורטית 360 גרם</ItemName><ManufacturerName>עלית</ManufacturerName><ManufactureCountry>ישראל</ManufactureCountry><ManufacturerItemDescription>בפלה טורטית 360 גרם</ManufacturerItemDescription><SoldByWeight/><Quantity>360.00</Quantity><UnitOfMeasure>גרם     </UnitOfMeasure><QtyInPackage>לא ידוע</QtyInPackage><UnitOfMeasurePrice>0.0536</UnitOfMeasurePrice><AllowDiscount>1</AllowDiscount><ItemStatus>1</ItemStatus><ItemPrice>19.30</ItemPrice></item><item><PriceUpdateDate>2016-02-02 06:51:55</PriceUpdateDate><ItemCode>7290106656727</ItemCode><ItemType>1</ItemType><ItemName>עוגיות חיוכים שוקו 6</ItemName><ManufacturerName>עלית</ManufacturerName><ManufactureCountry>ישראל</ManufactureCountry><ManufacturerItemDescription>חיוכים בטעם שוקו 600 גרם</ManufacturerItemDescription><SoldByWeight/><Quantity>600.00</Quantity><UnitOfMeasure>גרם     </UnitOfMeasure><QtyInPackage>לא ידוע</QtyInPackage><UnitOfMeasurePrice>0.0332</UnitOfMeasurePrice><AllowDiscount>1</AllowDiscount><ItemStatus>1</ItemStatus><ItemPrice>19.90</ItemPrice></item><item><PriceUpdateDate>2016-05-30 22:05:20</PriceUpdateDate><ItemCode>7290106656901</ItemCode><ItemType>1</ItemType><ItemName>מב גבינת סימפוניה זי</ItemName><ManufacturerName>סימפוניה שטראוס</ManufacturerName><ManufactureCountry>ישראל</ManufactureCountry><ManufacturerItemDescription>גבינת שמנת זיתים 210 25%</ManufacturerItemDescription><SoldByWeight/><Quantity>210.00</Quantity><UnitOfMeasure>גרם     </UnitOfMeasure><QtyInPackage>לא ידוע</QtyInPackage><UnitOfMeasurePrice>0.0471</UnitOfMeasurePrice><AllowDiscount>0</AllowDiscount><ItemStatus>1</ItemStatus><ItemPrice>9.90</ItemPrice></item><item><PriceUpdateDate>2016-06-01 06:54:03</PriceUpdateDate><ItemCode>7290106657137</ItemCode><ItemType>1</ItemType><ItemName>מב תפוצי'פס אקסטרא ט</ItemName><ManufacturerName>תפוצ'יפס</ManufacturerName><ManufactureCountry>ישראל</ManufactureCountry><ManufacturerItemDescription>מב תפוצי'פס אקסטרא ט</ManufacturerItemDescription><SoldByWeight/><Quantity>200.00</Quantity><UnitOfMeasure>גרם     </UnitOfMeasure><QtyInPackage>לא ידוע</QtyInPackage><UnitOfMeasurePrice>0.0445</UnitOfMeasurePrice><AllowDiscount>1</AllowDiscount><ItemStatus>1</ItemStatus><ItemPrice>8.90</ItemPrice></item><item><PriceUpdateDate>2014-11-03 06:36:42</PriceUpdateDate><ItemCode>7290106657748</ItemCode><ItemType>1</ItemType><ItemName>סוכריות עדשים מיני מ</ItemName><ManufacturerName>עלית</ManufacturerName><ManufactureCountry>ישראל</ManufactureCountry><ManufacturerItemDescription>סוכריות עדשים מיני מ</ManufacturerItemDescription><SoldByWeight/><Quantity>80.00</Quantity><UnitOfMeasure>גרם     </UnitOfMeasure><QtyInPackage>לא ידוע</QtyInPackage><UnitOfMeasurePrice>0.0988</UnitOfMeasurePrice><AllowDiscount>1</AllowDiscount><ItemStatus>1</ItemStatus><ItemPrice>7.90</ItemPrice></item><item><PriceUpdateDate>2016-02-16 15:55:40</PriceUpdateDate><ItemCode>7290106660724</ItemCode><ItemType>1</ItemType><ItemName>פרה קראנצ' שברי גליד</ItemName><ManufacturerName>פרה</ManufacturerName><ManufactureCountry>ישראל</ManufactureCountry><ManufacturerItemDescription>ביסקויט קראנצ לבן 100 גרם</ManufacturerItemDescription><SoldByWeight/><Quantity>100.00</Quantity><UnitOfMeasure>גרם     </UnitOfMeasure><QtyInPackage>לא ידוע</QtyInPackage><UnitOfMeasurePrice>0.0690</UnitOfMeasurePrice><AllowDiscount>1</AllowDiscount><ItemStatus>1</ItemStatus><ItemPrice>6.90</ItemPrice></item><item><PriceUpdateDate>2015-10-26 09:14:01</PriceUpdateDate><ItemCode>7290106660915</ItemCode><ItemType>1</ItemType><ItemName>מקופלת XL מריר 33 גר</ItemName><ManufacturerName>מקופלת</ManufacturerName><ManufactureCountry>ישראל</ManufactureCountry><ManufacturerItemDescription>חטיף מקופלת מריר כשלפ 33</ManufacturerItemDescription><SoldByWeight/><Quantity>33.00</Quantity><UnitOfMeasure>גרם     </UnitOfMeasure><QtyInPackage>לא ידוע</QtyInPackage><UnitOfMeasurePrice>0.1515</UnitOfMeasurePrice><AllowDiscount>1</AllowDiscount><ItemStatus>1</ItemStatus><ItemPrice>5.00</ItemPrice></item><item><PriceUpdateDate>2016-06-01 09:41:32</PriceUpdateDate><ItemCode>7290106661806</ItemCode><ItemType>1</ItemType><ItemName>מב סימפוניה 5% סמטאו</ItemName><ManufacturerName>סימפוניה שטראוס</ManufacturerName><ManufactureCountry>ישראל</ManufactureCountry><ManufacturerItemDescription>מב סימפוניה 5% סמטאו</ManufacturerItemDescription><SoldByWeight/><Quantity>200.00</Quantity><UnitOfMeasure>גרם     </UnitOfMeasure><QtyInPackage>לא ידוע</QtyInPackage><UnitOfMeasurePrice>0.0495</UnitOfMeasurePrice><AllowDiscount>0</AllowDiscount><ItemStatus>1</ItemStatus><ItemPrice>9.90</ItemPrice></item><item><PriceUpdateDate>2015-12-28 09:39:53</PriceUpdateDate><ItemCode>7290106662605</ItemCode><ItemType>1</ItemType><ItemName>JOY מעדן שוקולד חלב</ItemName><ManufacturerName>מעדן שטראוס</ManufacturerName><ManufactureCountry>ישראל</ManufactureCountry><ManufacturerItemDescription>מעדן גוי דיאט בטעם שוקולד</ManufacturerItemDescription><SoldByWeight/><Quantity>130.00</Quantity><UnitOfMeasure>גרם     </UnitOfMeasure><QtyInPackage>לא ידוע</QtyInPackage><UnitOfMeasurePrice>0.0269</UnitOfMeasurePrice><AllowDiscount>1</AllowDiscount><ItemStatus>1</ItemStatus><ItemPrice>3.50</ItemPrice></item><item><PriceUpdateDate>2015-12-28 09:39:53</PriceUpdateDate><ItemCode>7290106662612</ItemCode><ItemType>1</ItemType><ItemName>JOY מעדן וניל 130 גר</ItemName><ManufacturerName>מעדן שטראוס</ManufacturerName><ManufactureCountry>ישראל</ManufactureCountry><ManufacturerItemDescription>מעדן גוי דיאט בטעם שוקולד</ManufacturerItemDescription><SoldByWeight/><Quantity>130.00</Quantity><UnitOfMeasure>גרם     </UnitOfMeasure><QtyInPackage>לא ידוע</QtyInPackage><UnitOfMeasurePrice>0.0269</UnitOfMeasurePrice><AllowDiscount>1</AllowDiscount><ItemStatus>1</ItemStatus><ItemPrice>3.50</ItemPrice></item><item><PriceUpdateDate>2015-12-28 09:39:53</PriceUpdateDate><ItemCode>7290106662629</ItemCode><ItemType>1</ItemType><ItemName>JOY מעדן דיאט וניל 1</ItemName><ManufacturerName>מעדן שטראוס</ManufacturerName><ManufactureCountry>ישראל</ManufactureCountry><ManufacturerItemDescription>מעדן גוי דיאט בטעם שוקולד</ManufacturerItemDescription><SoldByWeight/><Quantity>130.00</Quantity><UnitOfMeasure>גרם     </UnitOfMeasure><QtyInPackage>לא ידוע</QtyInPackage><UnitOfMeasurePrice>0.0269</UnitOfMeasurePrice><AllowDiscount>1</AllowDiscount><ItemStatus>1</ItemStatus><ItemPrice>3.50</ItemPrice></item><item><PriceUpdateDate>2015-12-28 09:39:53</PriceUpdateDate><ItemCode>7290106662636</ItemCode><ItemType>1</ItemType><ItemName>JOY מעדן דיאט שוקולד</ItemName><ManufacturerName>מעדן שטראוס</ManufacturerName><ManufactureCountry>ישראל</ManufactureCountry><ManufacturerItemDescription>מעדן גוי דיאט בטעם שוקולד</ManufacturerItemDescription><SoldByWeight/><Quantity>130.00</Quantity><UnitOfMeasure>גרם     </UnitOfMeasure><QtyInPackage>לא ידוע</QtyInPackage><UnitOfMeasurePrice>0.0269</UnitOfMeasurePrice><AllowDiscount>1</AllowDiscount><ItemStatus>1</ItemStatus><ItemPrice>3.50</ItemPrice></item><item><PriceUpdateDate>2015-12-28 09:39:53</PriceUpdateDate><ItemCode>7290106662643</ItemCode><ItemType>1</ItemType><ItemName>JOY מעדן דיאט שוקולד</ItemName><ManufacturerName>מעדן שטראוס</ManufacturerName><ManufactureCountry>ישראל</ManufactureCountry><ManufacturerItemDescription>מעדן גוי דיאט בטעם שוקולד</ManufacturerItemDescription><SoldByWeight/><Quantity>130.00</Quantity><UnitOfMeasure>גרם     </UnitOfMeasure><QtyInPackage>לא ידוע</QtyInPackage><UnitOfMeasurePrice>0.0269</UnitOfMeasurePrice><AllowDiscount>1</AllowDiscount><ItemStatus>1</ItemStatus><ItemPrice>3.50</ItemPrice></item><item><PriceUpdateDate>2016-03-24 13:56:24</PriceUpdateDate><ItemCode>7290106662650</ItemCode><ItemType>1</ItemType><ItemName>טחינה לניגוב 400 גרם</ItemName><ManufacturerName>שטראוס</ManufacturerName><ManufactureCountry>לא ידוע</ManufactureCountry><ManufacturerItemDescription>טחינה לניגוב 400 גרם</ManufacturerItemDescription><SoldByWeight/><Quantity>400.00</Quantity><UnitOfMeasure>גרם     </UnitOfMeasure><QtyInPackage>לא ידוע</QtyInPackage><UnitOfMeasurePrice>0.0398</UnitOfMeasurePrice><AllowDiscount>1</AllowDiscount><ItemStatus>1</ItemStatus><ItemPrice>15.90</ItemPrice></item><item><PriceUpdateDate>2016-03-22 08:29:07</PriceUpdateDate><ItemCode>7290106662810</ItemCode><ItemType>1</ItemType><ItemName>פריכיות אנרג'י אורז</ItemName><ManufacturerName>אנרג'י</ManufacturerName><ManufactureCountry>ישראל</ManufactureCountry><ManufacturerItemDescription>פריכי אורז מצופה מריר כשל</ManufacturerItemDescription><SoldByWeight/><Quantity>80.00</Quantity><UnitOfMeasure>גרם     </UnitOfMeasure><QtyInPackage>לא ידוע</QtyInPackage><UnitOfMeasurePrice>0.1113</UnitOfMeasurePrice><AllowDiscount>1</AllowDiscount><ItemStatus>1</ItemStatus><ItemPrice>8.90</ItemPrice></item><item><PriceUpdateDate>2016-03-01 06:44:09</PriceUpdateDate><ItemCode>7290106662896</ItemCode><ItemType>1</ItemType><ItemName>רביעיית אנרג'י שוקול</ItemName><ManufacturerName>לא ממותג</ManufacturerName><ManufactureCountry>ישראל</ManufactureCountry><ManufacturerItemDescription>רביעית פרה חלב וקוקוס עד1</ManufacturerItemDescription><SoldByWeight/><Quantity>100.00</Quantity><UnitOfMeasure>גרם     </UnitOfMeasure><QtyInPackage>לא ידוע</QtyInPackage><UnitOfMeasurePrice>0.1490</UnitOfMeasurePrice><AllowDiscount>1</AllowDiscount><ItemStatus>1</ItemStatus><ItemPrice>14.90</ItemPrice></item><item><PriceUpdateDate>2016-03-01 06:44:09</PriceUpdateDate><ItemCode>7290106662902</ItemCode><ItemType>1</ItemType><ItemName>רביעיית אנרג'י שוקול</ItemName><ManufacturerName>לא ממותג</ManufacturerName><ManufactureCountry>ישראל</ManufactureCountry><ManufacturerItemDescription>רביעית פרה חלב וקוקוס עד1</ManufacturerItemDescription><SoldByWeight/><Quantity>100.00</Quantity><UnitOfMeasure>גרם     </UnitOfMeasure><QtyInPackage>לא ידוע</QtyInPackage><UnitOfMeasurePrice>0.1490</UnitOfMeasurePrice><AllowDiscount>1</AllowDiscount><ItemStatus>1</ItemStatus><ItemPrice>14.90</ItemPrice></item><item><PriceUpdateDate>2016-03-21 09:57:02</PriceUpdateDate><ItemCode>7290106662964</ItemCode><ItemType>1</ItemType><ItemName>סוכריות גומי יין 100</ItemName><ManufacturerName>עלית</ManufacturerName><ManufactureCountry>לא ידוע</ManufactureCountry><ManufacturerItemDescription>סוכריות גומי יין 100</ManufacturerItemDescription><SoldByWeight/><Quantity>100.00</Quantity><UnitOfMeasure>גרם     </UnitOfMeasure><QtyInPackage>לא ידוע</QtyInPackage><UnitOfMeasurePrice>0.0590</UnitOfMeasurePrice><AllowDiscount>1</AllowDiscount><ItemStatus>1</ItemStatus><ItemPrice>5.90</ItemPrice></item><item><PriceUpdateDate>2016-02-02 06:51:56</PriceUpdateDate><ItemCode>7290106663091</ItemCode><ItemType>1</ItemType><ItemName>לאבנה 9% 500 גרם שטר</ItemName><ManufacturerName>שטראוס</ManufacturerName><ManufactureCountry>ישראל</ManufactureCountry><ManufacturerItemDescription>לאבנה 9% 500 גרם שטר</ManufacturerItemDescription><SoldByWeight/><Quantity>500.00</Quantity><UnitOfMeasure>גרם     </UnitOfMeasure><QtyInPackage>לא ידוע</QtyInPackage><UnitOfMeasurePrice>0.0378</UnitOfMeasurePrice><AllowDiscount>1</AllowDiscount><ItemStatus>1</ItemStatus><ItemPrice>18.90</ItemPrice></item><item><PriceUpdateDate>2016-05-10 11:01:44</PriceUpdateDate><ItemCode>7290106663503</ItemCode><ItemType>1</ItemType><ItemName>קונפיטורה לייט תות 2</ItemName><ManufacturerName>יד מרדכי</ManufacturerName><ManufactureCountry>ישראל</ManufactureCountry><ManufacturerItemDescription>קונפיטורה לייט תות</ManufacturerItemDescription><SoldByWeight/><Quantity>250.00</Quantity><UnitOfMeasure>גרם     </UnitOfMeasure><QtyInPackage>לא ידוע</QtyInPackage><UnitOfMeasurePrice>0.0596</UnitOfMeasurePrice><AllowDiscount>1</AllowDiscount><ItemStatus>1</ItemStatus><ItemPrice>14.90</ItemPrice></item><item><PriceUpdateDate>2016-05-10 11:01:44</PriceUpdateDate><ItemCode>7290106663527</ItemCode><ItemType>1</ItemType><ItemName>קונפיטורה לייט משמש</ItemName><ManufacturerName>יד מרדכי</ManufacturerName><ManufactureCountry>ישראל</ManufactureCountry><ManufacturerItemDescription>קונפיטורה לייט משמש</ManufacturerItemDescription><SoldByWeight/><Quantity>250.00</Quantity><UnitOfMeasure>גרם     </UnitOfMeasure><QtyInPackage>לא ידוע</QtyInPackage><UnitOfMeasurePrice>0.0596</UnitOfMeasurePrice><AllowDiscount>1</AllowDiscount><ItemStatus>1</ItemStatus><ItemPrice>14.90</ItemPrice></item><item><PriceUpdateDate>2016-05-01 21:47:18</PriceUpdateDate><ItemCode>7290106663541</ItemCode><ItemType>1</ItemType><ItemName>רוטב צ'ילי שום 280 מ</ItemName><ManufacturerName>יד מרדכי</ManufacturerName><ManufactureCountry>ישראל</ManufactureCountry><ManufacturerItemDescription>רוטב צ'ילי שום 280 מ</ManufacturerItemDescription><SoldByWeight/><Quantity>280.00</Quantity><UnitOfMeasure>מ"ל</UnitOfMeasure><QtyInPackage>לא ידוע</QtyInPackage><UnitOfMeasurePrice>0.0604</UnitOfMeasurePrice><AllowDiscount>1</AllowDiscount><ItemStatus>1</ItemStatus><ItemPrice>16.90</ItemPrice></item><item><PriceUpdateDate>2016-05-01 21:47:18</PriceUpdateDate><ItemCode>7290106663558</ItemCode><ItemType>1</ItemType><ItemName>רוטב טריאקי רימון 28</ItemName><ManufacturerName>יד מרדכי</ManufacturerName><ManufactureCountry>ישראל</ManufactureCountry><ManufacturerItemDescription>רוטב טריאקי רימון 28</ManufacturerItemDescription><SoldByWeight/><Quantity>280.00</Quantity><UnitOfMeasure>מ"ל</UnitOfMeasure><QtyInPackage>לא ידוע</QtyInPackage><UnitOfMeasurePrice>0.0604</UnitOfMeasurePrice><AllowDiscount>1</AllowDiscount><ItemStatus>1</ItemStatus><ItemPrice>16.90</ItemPrice></item><item><PriceUpdateDate>2015-11-12 14:57:19</PriceUpdateDate><ItemCode>7290106663565</ItemCode><ItemType>1</ItemType><ItemName>חלבית (חלבי) 300 גרם</ItemName><ManufacturerName>עלית</ManufacturerName><ManufactureCountry>ישראל</ManufactureCountry><ManufacturerItemDescription>חלבית (חלבי) 300 גרם</ManufacturerItemDescription><SoldByWeight/><Quantity>300.00</Quantity><UnitOfMeasure>גרם     </UnitOfMeasure><QtyInPackage>לא ידוע</QtyInPackage><UnitOfMeasurePrice>0.0750</UnitOfMeasurePrice><AllowDiscount>1</AllowDiscount><ItemStatus>1</ItemStatus><ItemPrice>22.50</ItemPrice></item><item><PriceUpdateDate>2015-10-11 18:11:05</PriceUpdateDate><ItemCode>7290106663718</ItemCode><ItemType>1</ItemType><ItemName>צ'יטוס זיגזג חריף בק</ItemName><ManufacturerName>צ'יטוס</ManufacturerName><ManufactureCountry>ישראל</ManufactureCountry><ManufacturerItemDescription>צ'יטוס זיגזג חריף בק</ManufacturerItemDescription><SoldByWeight/><Quantity>55.00</Quantity><UnitOfMeasure>גרם     </UnitOfMeasure><QtyInPackage>לא ידוע</QtyInPackage><UnitOfMeasurePrice>0.0782</UnitOfMeasurePrice><AllowDiscount>1</AllowDiscount><ItemStatus>1</ItemStatus><ItemPrice>4.30</ItemPrice></item><item><PriceUpdateDate>2016-05-05 09:13:50</PriceUpdateDate><ItemCode>7290106663862</ItemCode><ItemType>1</ItemType><ItemName>דוריטוס בום על האש 7</ItemName><ManufacturerName>דוריטוס</ManufacturerName><ManufactureCountry>ישראל</ManufactureCountry><ManufacturerItemDescription>דוריטוס דיפ בטעם טבעי 70</ManufacturerItemDescription><SoldByWeight/><Quantity>70.00</Quantity><UnitOfMeasure>גרם     </UnitOfMeasure><QtyInPackage>לא ידוע</QtyInPackage><UnitOfMeasurePrice>0.0643</UnitOfMeasurePrice><AllowDiscount>1</AllowDiscount><ItemStatus>1</ItemStatus><ItemPrice>4.50</ItemPrice></item><item><PriceUpdateDate>2016-01-12 11:57:45</PriceUpdateDate><ItemCode>7290106664012</ItemCode><ItemType>1</ItemType><ItemName>תפוצ'יפס אקסטרא טבעי</ItemName><ManufacturerName>תפוצ'יפס</ManufacturerName><ManufactureCountry>ישראל</ManufactureCountry><ManufacturerItemDescription>תפוציפס מלוח 50 גר</ManufacturerItemDescription><SoldByWeight/><Quantity>50.00</Quantity><UnitOfMeasure>גרם     </UnitOfMeasure><QtyInPackage>לא ידוע</QtyInPackage><UnitOfMeasurePrice>0.0780</UnitOfMeasurePrice><AllowDiscount>1</AllowDiscount><ItemStatus>1</ItemStatus><ItemPrice>3.90</ItemPrice></item><item><PriceUpdateDate>2016-02-02 06:51:56</PriceUpdateDate><ItemCode>7290106664067</ItemCode><ItemType>1</ItemType><ItemName>לאבנה שמן זית וזעתר</ItemName><ManufacturerName>שטראוס</ManufacturerName><ManufactureCountry>ישראל</ManufactureCountry><ManufacturerItemDescription>לאבנה שמן זית וזעתר</ManufacturerItemDescription><SoldByWeight/><Quantity>400.00</Quantity><UnitOfMeasure>גרם     </UnitOfMeasure><QtyInPackage>לא ידוע</QtyInPackage><UnitOfMeasurePrice>0.0373</UnitOfMeasurePrice><AllowDiscount>1</AllowDiscount><ItemStatus>1</ItemStatus><ItemPrice>14.90</ItemPrice></item><item><PriceUpdateDate>2016-03-24 13:54:48</PriceUpdateDate><ItemCode>7290106664548</ItemCode><ItemType>1</ItemType><ItemName>רוטב שמנת עם 4 גבינו</ItemName><ManufacturerName>יטבתה</ManufacturerName><ManufactureCountry>ישראל</ManufactureCountry><ManufacturerItemDescription>רוטב שמנת עם 4 גבינות</ManufacturerItemDescription><SoldByWeight/><Quantity>250.00</Quantity><UnitOfMeasure>מ"ל</UnitOfMeasure><QtyInPackage>לא ידוע</QtyInPackage><UnitOfMeasurePrice>0.0476</UnitOfMeasurePrice><AllowDiscount>1</AllowDiscount><ItemStatus>1</ItemStatus><ItemPrice>11.90</ItemPrice></item><item><PriceUpdateDate>2016-03-24 13:54:49</PriceUpdateDate><ItemCode>7290106664555</ItemCode><ItemType>1</ItemType><ItemName>רוטב רוזה שמנת עם עג</ItemName><ManufacturerName>יטבתה</ManufacturerName><ManufactureCountry>ישראל</ManufactureCountry><ManufacturerItemDescription>רוטב שמנת עם פטריות 250 9</ManufacturerItemDescription><SoldByWeight/><Quantity>250.00</Quantity><UnitOfMeasure>מ"ל</UnitOfMeasure><QtyInPackage>לא ידוע</QtyInPackage><UnitOfMeasurePrice>0.0476</UnitOfMeasurePrice><AllowDiscount>1</AllowDiscount><ItemStatus>1</ItemStatus><ItemPrice>11.90</ItemPrice></item><item><PriceUpdateDate>2016-03-24 13:54:49</PriceUpdateDate><ItemCode>7290106664562</ItemCode><ItemType>1</ItemType><ItemName>רוטב שמנת עם פטריות</ItemName><ManufacturerName>יטבתה</ManufacturerName><ManufactureCountry>ישראל</ManufactureCountry><ManufacturerItemDescription>רוטב שמנת עם פטריות 250 9</ManufacturerItemDescription><SoldByWeight/><Quantity>250.00</Quantity><UnitOfMeasure>מ"ל</UnitOfMeasure><QtyInPackage>לא ידוע</QtyInPackage><UnitOfMeasurePrice>0.0476</UnitOfMeasurePrice><AllowDiscount>1</AllowDiscount><ItemStatus>1</ItemStatus><ItemPrice>11.90</ItemPrice></item><item><PriceUpdateDate>2015-03-08 07:46:12</PriceUpdateDate><ItemCode>7290106665491</ItemCode><ItemType>1</ItemType><ItemName>חטיף פסק זמן קלאסיק</ItemName><ManufacturerName>עלית</ManufacturerName><ManufactureCountry>ישראל</ManufactureCountry><ManufacturerItemDescription>חטיף פז קלאסיק כשלפ 43 גר</ManufacturerItemDescription><SoldByWeight/><Quantity>43.00</Quantity><UnitOfMeasure>גרם     </UnitOfMeasure><QtyInPackage>לא ידוע</QtyInPackage><UnitOfMeasurePrice>0.1279</UnitOfMeasurePrice><AllowDiscount>1</AllowDiscount><ItemStatus>1</ItemStatus><ItemPrice>5.50</ItemPrice></item><item><PriceUpdateDate>2016-05-23 06:41:21</PriceUpdateDate><ItemCode>7290106665507</ItemCode><ItemType>1</ItemType><ItemName>שקית מיקס מיני טעמי</ItemName><ManufacturerName>עלית</ManufacturerName><ManufactureCountry>ישראל</ManufactureCountry><ManufacturerItemDescription>מיקס טעמי מקופלת כשלפ 175</ManufacturerItemDescription><SoldByWeight/><Quantity>175.00</Quantity><UnitOfMeasure>גרם     </UnitOfMeasure><QtyInPackage>לא ידוע</QtyInPackage><UnitOfMeasurePrice>0.0680</UnitOfMeasurePrice><AllowDiscount>1</AllowDiscount><ItemStatus>1</ItemStatus><ItemPrice>11.90</ItemPrice></item><item><PriceUpdateDate>2016-02-16 15:55:40</PriceUpdateDate><ItemCode>7290106666092</ItemCode><ItemType>1</ItemType><ItemName>שוקולד פרה לבן במילו</ItemName><ManufacturerName>פרה</ManufacturerName><ManufactureCountry>ישראל</ManufactureCountry><ManufacturerItemDescription>שוקולד פרה לבן תות   כשלפ</ManufacturerItemDescription><SoldByWeight/><Quantity>100.00</Quantity><UnitOfMeasure>גרם     </UnitOfMeasure><QtyInPackage>לא ידוע</QtyInPackage><UnitOfMeasurePrice>0.0690</UnitOfMeasurePrice><AllowDiscount>0</AllowDiscount><ItemStatus>1</ItemStatus><ItemPrice>6.90</ItemPrice></item><item><PriceUpdateDate>2016-04-18 09:39:18</PriceUpdateDate><ItemCode>7290106667952</ItemCode><ItemType>1</ItemType><ItemName>מאגדת 4 עוג.אישיות מ</ItemName><ManufacturerName>עלית</ManufacturerName><ManufactureCountry>ישראל</ManufactureCountry><ManufacturerItemDescription>עוגה אישית סוכריות צבעוני</ManufacturerItemDescription><SoldByWeight/><Quantity>140.00</Quantity><UnitOfMeasure>גרם     </UnitOfMeasure><QtyInPackage>לא ידוע</QtyInPackage><UnitOfMeasurePrice>0.0707</UnitOfMeasurePrice><AllowDiscount>1</AllowDiscount><ItemStatus>1</ItemStatus><ItemPrice>9.90</ItemPrice></item><item><PriceUpdateDate>2015-07-27 21:01:39</PriceUpdateDate><ItemCode>7290106668584</ItemCode><ItemType>1</ItemType><ItemName>מיץ ליים 250 מ"ל</ItemName><ManufacturerName>יד מרדכי</ManufacturerName><ManufactureCountry>ישראל</ManufactureCountry><ManufacturerItemDescription>מיץ ליים 250 מ"ל</ManufacturerItemDescription><SoldByWeight/><Quantity>250.00</Quantity><UnitOfMeasure>מ"ל</UnitOfMeasure><QtyInPackage>לא ידוע</QtyInPackage><UnitOfMeasurePrice>0.0396</UnitOfMeasurePrice><AllowDiscount>1</AllowDiscount><ItemStatus>1</ItemStatus><ItemPrice>9.90</ItemPrice></item><item><PriceUpdateDate>2016-05-23 09:03:57</PriceUpdateDate><ItemCode>7290106668713</ItemCode><ItemType>1</ItemType><ItemName>דנונה פירות יער 3% 1</ItemName><ManufacturerName>דנונה</ManufacturerName><ManufactureCountry>ישראל</ManufactureCountry><ManufacturerItemDescription>יוגורט דנונה תות</ManufacturerItemDescription><SoldByWeight/><Quantity>150.00</Quantity><UnitOfMeasure>גרם     </UnitOfMeasure><QtyInPackage>לא ידוע</QtyInPackage><UnitOfMeasurePrice>0.0260</UnitOfMeasurePrice><AllowDiscount>1</AllowDiscount><ItemStatus>1</ItemStatus><ItemPrice>3.90</ItemPrice></item><item><PriceUpdateDate>2016-05-09 06:44:24</PriceUpdateDate><ItemCode>7290106668737</ItemCode><ItemType>1</ItemType><ItemName>דנונה לשתיה 0% תות 2</ItemName><ManufacturerName>לא ידוע</ManufacturerName><ManufactureCountry>לא ידוע</ManufactureCountry><ManufacturerItemDescription>דנונה לשתיה 0% תות 2</ManufacturerItemDescription><SoldByWeight/><Quantity>267.00</Quantity><UnitOfMeasure>גרם     </UnitOfMeasure><QtyInPackage>לא ידוע</QtyInPackage><UnitOfMeasurePrice>0.0206</UnitOfMeasurePrice><AllowDiscount>1</AllowDiscount><ItemStatus>1</ItemStatus><ItemPrice>5.50</ItemPrice></item><item><PriceUpdateDate>2016-06-01 09:41:32</PriceUpdateDate><ItemCode>7290106669314</ItemCode><ItemType>1</ItemType><ItemName>מב סימפוניה 5% זכרונ</ItemName><ManufacturerName>סימפוניה שטראוס</ManufacturerName><ManufactureCountry>ישראל</ManufactureCountry><ManufacturerItemDescription>מב סימפוניה 5% זכרונ</ManufacturerItemDescription><SoldByWeight/><Quantity>200.00</Quantity><UnitOfMeasure>גרם     </UnitOfMeasure><QtyInPackage>לא ידוע</QtyInPackage><UnitOfMeasurePrice>0.0495</UnitOfMeasurePrice><AllowDiscount>0</AllowDiscount><ItemStatus>1</ItemStatus><ItemPrice>9.90</ItemPrice></item><item><PriceUpdateDate>2016-03-24 13:56:24</PriceUpdateDate><ItemCode>7290106669604</ItemCode><ItemType>1</ItemType><ItemName>החומוסיה של אבי הנסי</ItemName><ManufacturerName>אחלה</ManufacturerName><ManufactureCountry>ישראל</ManufactureCountry><ManufacturerItemDescription>החומוסייה של אבי חלק 400</ManufacturerItemDescription><SoldByWeight/><Quantity>400.00</Quantity><UnitOfMeasure>גרם     </UnitOfMeasure><QtyInPackage>לא ידוע</QtyInPackage><UnitOfMeasurePrice>0.0398</UnitOfMeasurePrice><AllowDiscount>1</AllowDiscount><ItemStatus>1</ItemStatus><ItemPrice>15.90</ItemPrice></item><item><PriceUpdateDate>2016-03-02 07:28:23</PriceUpdateDate><ItemCode>7290106720145</ItemCode><ItemType>1</ItemType><ItemName>אינסטנט פודינג וניל</ItemName><ManufacturerName>עלית</ManufacturerName><ManufactureCountry>ישראל</ManufactureCountry><ManufacturerItemDescription>פודינג אינסטנט בטעם וניל</ManufacturerItemDescription><SoldByWeight/><Quantity>80.00</Quantity><UnitOfMeasure>גרם     </UnitOfMeasure><QtyInPackage>לא ידוע</QtyInPackage><UnitOfMeasurePrice>0.0487</UnitOfMeasurePrice><AllowDiscount>1</AllowDiscount><ItemStatus>1</ItemStatus><ItemPrice>3.90</ItemPrice></item><item><PriceUpdateDate>2015-05-03 13:20:56</PriceUpdateDate><ItemCode>7290106720404</ItemCode><ItemType>1</ItemType><ItemName>קפה נמס פרווה 300 גר</ItemName><ManufacturerName>עלית נמס</ManufacturerName><ManufactureCountry>ישראל</ManufactureCountry><ManufacturerItemDescription>קפה נמס פרווה 300 גר</ManufacturerItemDescription><SoldByWeight/><Quantity>300.00</Quantity><UnitOfMeasure>גרם     </UnitOfMeasure><QtyInPackage>לא ידוע</QtyInPackage><UnitOfMeasurePrice>0.0830</UnitOfMeasurePrice><AllowDiscount>1</AllowDiscount><ItemStatus>1</ItemStatus><ItemPrice>24.90</ItemPrice></item><item><PriceUpdateDate>2016-03-21 09:57:02</PriceUpdateDate><ItemCode>7290106721234</ItemCode><ItemType>1</ItemType><ItemName>בונבוניירה איחולים מ</ItemName><ManufacturerName>עלית</ManufacturerName><ManufactureCountry>ישראל</ManufactureCountry><ManufacturerItemDescription>בונבוניירה איחולים מתוקים</ManufacturerItemDescription><SoldByWeight/><Quantity>126.00</Quantity><UnitOfMeasure>גרם     </UnitOfMeasure><QtyInPackage>לא ידוע</QtyInPackage><UnitOfMeasurePrice>0.2056</UnitOfMeasurePrice><AllowDiscount>1</AllowDiscount><ItemStatus>1</ItemStatus><ItemPrice>25.90</ItemPrice></item><item><PriceUpdateDate>2015-10-20 16:50:27</PriceUpdateDate><ItemCode>7290106721371</ItemCode><ItemType>1</ItemType><ItemName>חטיף דוריטוס חמוץ מת</ItemName><ManufacturerName>דוריטוס</ManufacturerName><ManufactureCountry>ישראל</ManufactureCountry><ManufacturerItemDescription>דוריטוס חמוץ מתוק 200 גרם</ManufacturerItemDescription><SoldByWeight/><Quantity>200.00</Quantity><UnitOfMeasure>גרם     </UnitOfMeasure><QtyInPackage>לא ידוע</QtyInPackage><UnitOfMeasurePrice>0.0505</UnitOfMeasurePrice><AllowDiscount>1</AllowDiscount><ItemStatus>1</ItemStatus><ItemPrice>10.10</ItemPrice></item><item><PriceUpdateDate>2015-10-11 18:11:05</PriceUpdateDate><ItemCode>7290106721531</ItemCode><ItemType>1</ItemType><ItemName>חטיף דוריטוס חמוץ מת</ItemName><ManufacturerName>דוריטוס</ManufacturerName><ManufactureCountry>ישראל</ManufactureCountry><ManufacturerItemDescription>דוריטוס חמוץ מתוק 70 גרם</ManufacturerItemDescription><SoldByWeight/><Quantity>70.00</Quantity><UnitOfMeasure>גרם     </UnitOfMeasure><QtyInPackage>לא ידוע</QtyInPackage><UnitOfMeasurePrice>0.0643</UnitOfMeasurePrice><AllowDiscount>1</AllowDiscount><ItemStatus>1</ItemStatus><ItemPrice>4.50</ItemPrice></item><item><PriceUpdateDate>2015-11-11 07:58:51</PriceUpdateDate><ItemCode>7290106721609</ItemCode><ItemType>1</ItemType><ItemName>מארז דוריטוס חמוץ חר</ItemName><ManufacturerName>דוריטוס</ManufacturerName><ManufactureCountry>ישראל</ManufactureCountry><ManufacturerItemDescription>מארז דוריטוס חמוץ חר</ManufacturerItemDescription><SoldByWeight/><Quantity>240.00</Quantity><UnitOfMeasure>גרם     </UnitOfMeasure><QtyInPackage>לא ידוע</QtyInPackage><UnitOfMeasurePrice>0.0550</UnitOfMeasurePrice><AllowDiscount>1</AllowDiscount><ItemStatus>1</ItemStatus><ItemPrice>13.20</ItemPrice></item><item><PriceUpdateDate>2015-12-03 09:15:47</PriceUpdateDate><ItemCode>7290106721906</ItemCode><ItemType>1</ItemType><ItemName>מסטיק מאסט צנצנת בזו</ItemName><ManufacturerName>מאסט</ManufacturerName><ManufactureCountry>לא ידוע</ManufactureCountry><ManufacturerItemDescription>מסטיק מאסט צנצנת בזו</ManufacturerItemDescription><SoldByWeight/><Quantity>66.00</Quantity><UnitOfMeasure>גרם     </UnitOfMeasure><QtyInPackage>לא ידוע</QtyInPackage><UnitOfMeasurePrice>0.1500</UnitOfMeasurePrice><AllowDiscount>1</AllowDiscount><ItemStatus>1</ItemStatus><ItemPrice>9.90</ItemPrice></item><item><PriceUpdateDate>2015-12-03 09:15:47</PriceUpdateDate><ItemCode>7290106721913</ItemCode><ItemType>1</ItemType><ItemName>מסטיק מאסט צנצנת ריח</ItemName><ManufacturerName>מאסט</ManufacturerName><ManufactureCountry>לא ידוע</ManufactureCountry><ManufacturerItemDescription>מסטיק מאסט צנצנת ריח</ManufacturerItemDescription><SoldByWeight/><Quantity>66.00</Quantity><UnitOfMeasure>גרם     </UnitOfMeasure><QtyInPackage>לא ידוע</QtyInPackage><UnitOfMeasurePrice>0.1500</UnitOfMeasurePrice><AllowDiscount>1</AllowDiscount><ItemStatus>1</ItemStatus><ItemPrice>9.90</ItemPrice></item><item><PriceUpdateDate>2015-12-03 09:15:47</PriceUpdateDate><ItemCode>7290106721920</ItemCode><ItemType>1</ItemType><ItemName>מסטיק מאסט צנצנת ספי</ItemName><ManufacturerName>מאסט</ManufacturerName><ManufactureCountry>לא ידוע</ManufactureCountry><ManufacturerItemDescription>מסטיק מאסט צנצנת ספי</ManufacturerItemDescription><SoldByWeight/><Quantity>66.00</Quantity><UnitOfMeasure>גרם     </UnitOfMeasure><QtyInPackage>לא ידוע</QtyInPackage><UnitOfMeasurePrice>0.1500</UnitOfMeasurePrice><AllowDiscount>1</AllowDiscount><ItemStatus>1</ItemStatus><ItemPrice>9.90</ItemPrice></item><item><PriceUpdateDate>2016-05-02 08:06:01</PriceUpdateDate><ItemCode>7290106722057</ItemCode><ItemType>1</ItemType><ItemName>מב באגט קראנצ' זיתים</ItemName><ManufacturerName>לא ממותג</ManufacturerName><ManufactureCountry>ישראל</ManufactureCountry><ManufacturerItemDescription>מב באגט קראנצ' זיתים</ManufacturerItemDescription><SoldByWeight/><Quantity>300.00</Quantity><UnitOfMeasure>גרם     </UnitOfMeasure><QtyInPackage>לא ידוע</QtyInPackage><UnitOfMeasurePrice>0.0397</UnitOfMeasurePrice><AllowDiscount>1</AllowDiscount><ItemStatus>1</ItemStatus><ItemPrice>11.90</ItemPrice></item><item><PriceUpdateDate>2016-05-02 08:06:01</PriceUpdateDate><ItemCode>7290106722101</ItemCode><ItemType>1</ItemType><ItemName>מב באגט קראנצ' טבעי</ItemName><ManufacturerName>לא ממותג</ManufacturerName><ManufactureCountry>ישראל</ManufactureCountry><ManufacturerItemDescription>באגט קראנצטעם טבע 300 גרם</ManufacturerItemDescription><SoldByWeight/><Quantity>300.00</Quantity><UnitOfMeasure>גרם     </UnitOfMeasure><QtyInPackage>לא ידוע</QtyInPackage><UnitOfMeasurePrice>0.0397</UnitOfMeasurePrice><AllowDiscount>1</AllowDiscount><ItemStatus>1</ItemStatus><ItemPrice>11.90</ItemPrice></item><item><PriceUpdateDate>2015-11-09 07:02:48</PriceUpdateDate><ItemCode>7290106722217</ItemCode><ItemType>1</ItemType><ItemName>שוקולד פרה בטעם טופי</ItemName><ManufacturerName>עלית</ManufacturerName><ManufactureCountry>ישראל</ManufactureCountry><ManufacturerItemDescription>שוקולד פרה בטעם טורטית100</ManufacturerItemDescription><SoldByWeight/><Quantity>100.00</Quantity><UnitOfMeasure>גרם     </UnitOfMeasure><QtyInPackage>לא ידוע</QtyInPackage><UnitOfMeasurePrice>0.0690</UnitOfMeasurePrice><AllowDiscount>1</AllowDiscount><ItemStatus>1</ItemStatus><ItemPrice>6.90</ItemPrice></item><item><PriceUpdateDate>2015-11-09 07:02:48</PriceUpdateDate><ItemCode>7290106722224</ItemCode><ItemType>1</ItemType><ItemName>שוקולד פרה בננה ספלי</ItemName><ManufacturerName>עלית</ManufacturerName><ManufactureCountry>ישראל</ManufactureCountry><ManufacturerItemDescription>שוקולד פרה בטעם טורטית100</ManufacturerItemDescription><SoldByWeight/><Quantity>100.00</Quantity><UnitOfMeasure>גרם     </UnitOfMeasure><QtyInPackage>לא ידוע</QtyInPackage><UnitOfMeasurePrice>0.0690</UnitOfMeasurePrice><AllowDiscount>1</AllowDiscount><ItemStatus>1</ItemStatus><ItemPrice>6.90</ItemPrice></item><item><PriceUpdateDate>2015-10-11 11:22:46</PriceUpdateDate><ItemCode>7290106723443</ItemCode><ItemType>1</ItemType><ItemName>חטיף שוקולד פרה לבן</ItemName><ManufacturerName>עלית</ManufacturerName><ManufactureCountry>ישראל</ManufactureCountry><ManufacturerItemDescription>חטיף טורטית40 גר</ManufacturerItemDescription><SoldByWeight/><Quantity>50.00</Quantity><UnitOfMeasure>גרם     </UnitOfMeasure><QtyInPackage>לא ידוע</QtyInPackage><UnitOfMeasurePrice>0.1000</UnitOfMeasurePrice><AllowDiscount>1</AllowDiscount><ItemStatus>1</ItemStatus><ItemPrice>5.00</ItemPrice></item><item><PriceUpdateDate>2016-01-18 09:36:31</PriceUpdateDate><ItemCode>7290106723580</ItemCode><ItemType>1</ItemType><ItemName>בפלות יומולדת סוכריו</ItemName><ManufacturerName>עלית</ManufacturerName><ManufactureCountry>ישראל</ManufactureCountry><ManufacturerItemDescription>ופל שחור לבן קרם וניל 400</ManufacturerItemDescription><SoldByWeight/><Quantity>350.00</Quantity><UnitOfMeasure>גרם     </UnitOfMeasure><QtyInPackage>לא ידוע</QtyInPackage><UnitOfMeasurePrice>0.0483</UnitOfMeasurePrice><AllowDiscount>1</AllowDiscount><ItemStatus>1</ItemStatus><ItemPrice>16.90</ItemPrice></item><item><PriceUpdateDate>2015-11-12 14:58:33</PriceUpdateDate><ItemCode>7290106724402</ItemCode><ItemType>1</ItemType><ItemName>עוגיות חיוכים שוקו ו</ItemName><ManufacturerName>לא ממותג</ManufacturerName><ManufactureCountry>ישראל</ManufactureCountry><ManufacturerItemDescription>עוגיות חיוכים שוקו וניל 1</ManufacturerItemDescription><SoldByWeight/><Quantity>150.00</Quantity><UnitOfMeasure>גרם     </UnitOfMeasure><QtyInPackage>לא ידוע</QtyInPackage><UnitOfMeasurePrice>0.0380</UnitOfMeasurePrice><AllowDiscount>1</AllowDiscount><ItemStatus>1</ItemStatus><ItemPrice>5.70</ItemPrice></item><item><PriceUpdateDate>2015-12-16 07:19:23</PriceUpdateDate><ItemCode>7290106724471</ItemCode><ItemType>1</ItemType><ItemName>ביסקוויט עד חצות קוק</ItemName><ManufacturerName>עלית</ManufacturerName><ManufactureCountry>ישראל</ManufactureCountry><ManufacturerItemDescription>מעדן ביסקויט שוקולד לבן</ManufacturerItemDescription><SoldByWeight/><Quantity>200.00</Quantity><UnitOfMeasure>גרם     </UnitOfMeasure><QtyInPackage>לא ידוע</QtyInPackage><UnitOfMeasurePrice>0.0745</UnitOfMeasurePrice><AllowDiscount>1</AllowDiscount><ItemStatus>1</ItemStatus><ItemPrice>14.90</ItemPrice></item><item><PriceUpdateDate>2015-10-26 09:14:01</PriceUpdateDate><ItemCode>7290106724778</ItemCode><ItemType>1</ItemType><ItemName>חטיף טעמי קרם עוגיות</ItemName><ManufacturerName>טעמי</ManufacturerName><ManufactureCountry>ישראל</ManufactureCountry><ManufacturerItemDescription>חטיף טעמי בייגלה 42 גרם</ManufacturerItemDescription><SoldByWeight/><Quantity>40.00</Quantity><UnitOfMeasure>גרם     </UnitOfMeasure><QtyInPackage>לא ידוע</QtyInPackage><UnitOfMeasurePrice>0.1250</UnitOfMeasurePrice><AllowDiscount>1</AllowDiscount><ItemStatus>1</ItemStatus><ItemPrice>5.00</ItemPrice></item><item><PriceUpdateDate>2016-03-21 09:57:02</PriceUpdateDate><ItemCode>7290106724808</ItemCode><ItemType>1</ItemType><ItemName>סוכריות מנטה 80 גרם</ItemName><ManufacturerName>עלית</ManufacturerName><ManufactureCountry>לא ידוע</ManufactureCountry><ManufacturerItemDescription>סוכריות מנטה 80 גרם</ManufacturerItemDescription><SoldByWeight/><Quantity>80.00</Quantity><UnitOfMeasure>גרם     </UnitOfMeasure><QtyInPackage>לא ידוע</QtyInPackage><UnitOfMeasurePrice>0.0738</UnitOfMeasurePrice><AllowDiscount>1</AllowDiscount><ItemStatus>1</ItemStatus><ItemPrice>5.90</ItemPrice></item><item><PriceUpdateDate>2016-03-21 09:57:03</PriceUpdateDate><ItemCode>7290106725126</ItemCode><ItemType>1</ItemType><ItemName>בונבוניירת ספלנדיד פ</ItemName><ManufacturerName>לא ממותג</ManufacturerName><ManufactureCountry>לא ידוע</ManufactureCountry><ManufacturerItemDescription>בונבוניירת ספלנדיד פ</ManufacturerItemDescription><SoldByWeight/><Quantity>243.00</Quantity><UnitOfMeasure>גרם     </UnitOfMeasure><QtyInPackage>לא ידוע</QtyInPackage><UnitOfMeasurePrice>0.1642</UnitOfMeasurePrice><AllowDiscount>1</AllowDiscount><ItemStatus>1</ItemStatus><ItemPrice>39.90</ItemPrice></item><item><PriceUpdateDate>2015-12-28 09:39:53</PriceUpdateDate><ItemCode>7290106726161</ItemCode><ItemType>1</ItemType><ItemName>דנונה פרו אפרסק 2.4%</ItemName><ManufacturerName>דנונה</ManufacturerName><ManufactureCountry>ישראל</ManufactureCountry><ManufacturerItemDescription>דנונה פרי בתחתית תות 145</ManufacturerItemDescription><SoldByWeight/><Quantity>150.00</Quantity><UnitOfMeasure>גרם     </UnitOfMeasure><QtyInPackage>לא ידוע</QtyInPackage><UnitOfMeasurePrice>0.0333</UnitOfMeasurePrice><AllowDiscount>1</AllowDiscount><ItemStatus>1</ItemStatus><ItemPrice>5.00</ItemPrice></item><item><PriceUpdateDate>2015-12-28 09:39:53</PriceUpdateDate><ItemCode>7290106726178</ItemCode><ItemType>1</ItemType><ItemName>דנונה פרו פירות יער</ItemName><ManufacturerName>דנונה</ManufacturerName><ManufactureCountry>ישראל</ManufactureCountry><ManufacturerItemDescription>דנונה פרי בתחתית תות 145</ManufacturerItemDescription><SoldByWeight/><Quantity>150.00</Quantity><UnitOfMeasure>גרם     </UnitOfMeasure><QtyInPackage>לא ידוע</QtyInPackage><UnitOfMeasurePrice>0.0333</UnitOfMeasurePrice><AllowDiscount>1</AllowDiscount><ItemStatus>1</ItemStatus><ItemPrice>5.00</ItemPrice></item><item><PriceUpdateDate>2016-03-16 15:40:51</PriceUpdateDate><ItemCode>7290106726796</ItemCode><ItemType>1</ItemType><ItemName>דנונה בר עדשים 180 ג</ItemName><ManufacturerName>דנונה</ManufacturerName><ManufactureCountry>ישראל</ManufactureCountry><ManufacturerItemDescription>דנונהבר תות קורנפלקס מצופ</ManufacturerItemDescription><SoldByWeight/><Quantity>180.00</Quantity><UnitOfMeasure>גרם     </UnitOfMeasure><QtyInPackage>לא ידוע</QtyInPackage><UnitOfMeasurePrice>0.0250</UnitOfMeasurePrice><AllowDiscount>1</AllowDiscount><ItemStatus>1</ItemStatus><ItemPrice>4.50</ItemPrice></item><item><PriceUpdateDate>2015-12-28 09:39:53</PriceUpdateDate><ItemCode>7290106727045</ItemCode><ItemType>1</ItemType><ItemName>דנונה פרו אננס 2.4%</ItemName><ManufacturerName>דנונה</ManufacturerName><ManufactureCountry>ישראל</ManufactureCountry><ManufacturerItemDescription>דנונה פרי בתחתית תות 145</ManufacturerItemDescription><SoldByWeight/><Quantity>150.00</Quantity><UnitOfMeasure>גרם     </UnitOfMeasure><QtyInPackage>לא ידוע</QtyInPackage><UnitOfMeasurePrice>0.0333</UnitOfMeasurePrice><AllowDiscount>1</AllowDiscount><ItemStatus>1</ItemStatus><ItemPrice>5.00</ItemPrice></item><item><PriceUpdateDate>2015-12-28 09:39:53</PriceUpdateDate><ItemCode>7290106728127</ItemCode><ItemType>1</ItemType><ItemName>חלב טבעי 3.6% בבקבוק</ItemName><ManufacturerName>יטבתה</ManufacturerName><ManufactureCountry>ישראל</ManufactureCountry><ManufacturerItemDescription>חלב 3% יטבתה עשיר בסידן 1</ManufacturerItemDescription><SoldByWeight/><Quantity>1000.00</Quantity><UnitOfMeasure>מ"ל</UnitOfMeasure><QtyInPackage>לא ידוע</QtyInPackage><UnitOfMeasurePrice>0.0079</UnitOfMeasurePrice><AllowDiscount>1</AllowDiscount><ItemStatus>1</ItemStatus><ItemPrice>7.90</ItemPrice></item><item><PriceUpdateDate>2016-02-03 08:25:58</PriceUpdateDate><ItemCode>7290106728721</ItemCode><ItemType>1</ItemType><ItemName>מעדן מילקי שוקולד אג</ItemName><ManufacturerName>מילקי</ManufacturerName><ManufactureCountry>ישראל</ManufactureCountry><ManufacturerItemDescription>מילקי שוקו170 גר</ManufacturerItemDescription><SoldByWeight/><Quantity>170.00</Quantity><UnitOfMeasure>מ"ל</UnitOfMeasure><QtyInPackage>לא ידוע</QtyInPackage><UnitOfMeasurePrice>0.0165</UnitOfMeasurePrice><AllowDiscount>1</AllowDiscount><ItemStatus>1</ItemStatus><ItemPrice>2.80</ItemPrice></item><item><PriceUpdateDate>2016-03-17 09:33:13</PriceUpdateDate><ItemCode>7290106728820</ItemCode><ItemType>1</ItemType><ItemName>מארז קפה נמס עלית 20</ItemName><ManufacturerName>עלית נמס</ManufacturerName><ManufactureCountry>ישראל</ManufactureCountry><ManufacturerItemDescription>קפה נמס עלית פחית 200 גר</ManufacturerItemDescription><SoldByWeight/><Quantity>200.00</Quantity><UnitOfMeasure>גרם     </UnitOfMeasure><QtyInPackage>לא ידוע</QtyInPackage><UnitOfMeasurePrice>0.0995</UnitOfMeasurePrice><AllowDiscount>1</AllowDiscount><ItemStatus>1</ItemStatus><ItemPrice>19.90</ItemPrice></item><item><PriceUpdateDate>2016-06-01 06:31:45</PriceUpdateDate><ItemCode>7290107280099</ItemCode><ItemType>1</ItemType><ItemName>מגבונים לחים טואלט ס</ItemName><ManufacturerName>סנו סופט</ManufacturerName><ManufactureCountry>ישראל</ManufactureCountry><ManufacturerItemDescription>מגבונים לחים טואלט ס</ManufacturerItemDescription><SoldByWeight/><Quantity>0.00</Quantity><UnitOfMeasure>בודד</UnitOfMeasure><QtyInPackage>לא ידוע</QtyInPackage><UnitOfMeasurePrice>0.0000</UnitOfMeasurePrice><AllowDiscount>1</AllowDiscount><ItemStatus>1</ItemStatus><ItemPrice>19.90</ItemPrice></item><item><PriceUpdateDate>2016-05-30 22:05:21</PriceUpdateDate><ItemCode>7290107280167</ItemCode><ItemType>1</ItemType><ItemName>מב תחליב רחצה קרמה פ</ItemName><ManufacturerName>קרמה</ManufacturerName><ManufactureCountry>ישראל</ManufactureCountry><ManufacturerItemDescription>מב תחליב רחצה קרמה פ</ManufacturerItemDescription><SoldByWeight/><Quantity>750.00</Quantity><UnitOfMeasure>מ"ל</UnitOfMeasure><QtyInPackage>לא ידוע</QtyInPackage><UnitOfMeasurePrice>0.0225</UnitOfMeasurePrice><AllowDiscount>1</AllowDiscount><ItemStatus>1</ItemStatus><ItemPrice>16.90</ItemPrice></item><item><PriceUpdateDate>2016-05-30 22:05:21</PriceUpdateDate><ItemCode>7290107280389</ItemCode><ItemType>1</ItemType><ItemName>סנו ג'ט לניקוי אמבט</ItemName><ManufacturerName>סנו ג'ט</ManufacturerName><ManufactureCountry>ישראל</ManufactureCountry><ManufacturerItemDescription>סנו ג'ט לניקוי אמבט</ManufacturerItemDescription><SoldByWeight/><Quantity>750.00</Quantity><UnitOfMeasure>מ"ל</UnitOfMeasure><QtyInPackage>לא ידוע</QtyInPackage><UnitOfMeasurePrice>0.0185</UnitOfMeasurePrice><AllowDiscount>1</AllowDiscount><ItemStatus>1</ItemStatus><ItemPrice>13.90</ItemPrice></item><item><PriceUpdateDate>2016-02-02 06:51:57</PriceUpdateDate><ItemCode>7290107280471</ItemCode><ItemType>1</ItemType><ItemName>מב טבליות למדיח סנו</ItemName><ManufacturerName>ספארק</ManufacturerName><ManufactureCountry>ישראל</ManufactureCountry><ManufacturerItemDescription>מב טבליות למדיח סנו</ManufacturerItemDescription><SoldByWeight/><Quantity>30.00</Quantity><UnitOfMeasure>יח'</UnitOfMeasure><QtyInPackage>לא ידוע</QtyInPackage><UnitOfMeasurePrice>0.7300</UnitOfMeasurePrice><AllowDiscount>1</AllowDiscount><ItemStatus>1</ItemStatus><ItemPrice>21.90</ItemPrice></item><item><PriceUpdateDate>2015-11-03 08:39:21</PriceUpdateDate><ItemCode>7290107280655</ItemCode><ItemType>1</ItemType><ItemName>אבקת כביסה סנו מקסימ</ItemName><ManufacturerName>סנו מקסימה</ManufacturerName><ManufactureCountry>ישראל</ManufactureCountry><ManufacturerItemDescription>אבקת כביסה סנו מקסימ</ManufacturerItemDescription><SoldByWeight/><Quantity>3250.00</Quantity><UnitOfMeasure>גרם     </UnitOfMeasure><QtyInPackage>לא ידוע</QtyInPackage><UnitOfMeasurePrice>0.0098</UnitOfMeasurePrice><AllowDiscount>1</AllowDiscount><ItemStatus>1</ItemStatus><ItemPrice>31.90</ItemPrice></item><item><PriceUpdateDate>2016-03-01 06:55:10</PriceUpdateDate><ItemCode>7290107280679</ItemCode><ItemType>1</ItemType><ItemName>מב טבליות למדיח סנו</ItemName><ManufacturerName>ספארק</ManufacturerName><ManufactureCountry>ישראל</ManufactureCountry><ManufacturerItemDescription>מב טבליות למדיח סנו</ManufacturerItemDescription><SoldByWeight/><Quantity>70.00</Quantity><UnitOfMeasure>יח'</UnitOfMeasure><QtyInPackage>לא ידוע</QtyInPackage><UnitOfMeasurePrice>0.6414</UnitOfMeasurePrice><AllowDiscount>1</AllowDiscount><ItemStatus>1</ItemStatus><ItemPrice>44.90</ItemPrice></item><item><PriceUpdateDate>2016-05-30 22:05:22</PriceUpdateDate><ItemCode>7290107280716</ItemCode><ItemType>1</ItemType><ItemName>מב מלח למדיח כלים סנ</ItemName><ManufacturerName>ספארק</ManufacturerName><ManufactureCountry>ישראל</ManufactureCountry><ManufacturerItemDescription>מב מלח למדיח כלים סנ</ManufacturerItemDescription><SoldByWeight/><Quantity>2000.00</Quantity><UnitOfMeasure>גרם     </UnitOfMeasure><QtyInPackage>לא ידוע</QtyInPackage><UnitOfMeasurePrice>0.0055</UnitOfMeasurePrice><AllowDiscount>1</AllowDiscount><ItemStatus>1</ItemStatus><ItemPrice>10.90</ItemPrice></item><item><PriceUpdateDate>2016-02-02 06:51:57</PriceUpdateDate><ItemCode>7290107280723</ItemCode><ItemType>1</ItemType><ItemName>מב נוזל כלים סנו ספא</ItemName><ManufacturerName>ספארק</ManufacturerName><ManufactureCountry>ישראל</ManufactureCountry><ManufacturerItemDescription>מב נוזל כלים סנו ספא</ManufacturerItemDescription><SoldByWeight/><Quantity>700.00</Quantity><UnitOfMeasure>מ"ל</UnitOfMeasure><QtyInPackage>לא ידוע</QtyInPackage><UnitOfMeasurePrice>0.0113</UnitOfMeasurePrice><AllowDiscount>1</AllowDiscount><ItemStatus>1</ItemStatus><ItemPrice>7.90</ItemPrice></item><item><PriceUpdateDate>2016-02-02 06:51:57</PriceUpdateDate><ItemCode>7290107280730</ItemCode><ItemType>1</ItemType><ItemName>מב נוזל כלים סנו ספא</ItemName><ManufacturerName>ספארק</ManufacturerName><ManufactureCountry>ישראל</ManufactureCountry><ManufacturerItemDescription>מב נוזל כלים סנו ספא</ManufacturerItemDescription><SoldByWeight/><Quantity>700.00</Quantity><UnitOfMeasure>מ"ל</UnitOfMeasure><QtyInPackage>לא ידוע</QtyInPackage><UnitOfMeasurePrice>0.0113</UnitOfMeasurePrice><AllowDiscount>1</AllowDiscount><ItemStatus>1</ItemStatus><ItemPrice>7.90</ItemPrice></item><item><PriceUpdateDate>2016-02-02 06:51:57</PriceUpdateDate><ItemCode>7290107280747</ItemCode><ItemType>1</ItemType><ItemName>מב נוזל כלים סנו ספא</ItemName><ManufacturerName>ספארק</ManufacturerName><ManufactureCountry>ישראל</ManufactureCountry><ManufacturerItemDescription>מב נוזל כלים סנו ספא</ManufacturerItemDescription><SoldByWeight/><Quantity>700.00</Quantity><UnitOfMeasure>מ"ל</UnitOfMeasure><QtyInPackage>לא ידוע</QtyInPackage><UnitOfMeasurePrice>0.0113</UnitOfMeasurePrice><AllowDiscount>1</AllowDiscount><ItemStatus>1</ItemStatus><ItemPrice>7.90</ItemPrice></item><item><PriceUpdateDate>2016-03-01 06:55:10</PriceUpdateDate><ItemCode>7290107280761</ItemCode><ItemType>1</ItemType><ItemName>מב נוזל כלים סנו ספא</ItemName><ManufacturerName>ספארק</ManufacturerName><ManufactureCountry>ישראל</ManufactureCountry><ManufacturerItemDescription>מב נוזל כלים סנו ספא</ManufacturerItemDescription><SoldByWeight/><Quantity>1000.00</Quantity><UnitOfMeasure>מ"ל</UnitOfMeasure><QtyInPackage>לא ידוע</QtyInPackage><UnitOfMeasurePrice>0.0109</UnitOfMeasurePrice><AllowDiscount>1</AllowDiscount><ItemStatus>1</ItemStatus><ItemPrice>10.90</ItemPrice></item><item><PriceUpdateDate>2016-05-30 22:05:22</PriceUpdateDate><ItemCode>7290107280815</ItemCode><ItemType>1</ItemType><ItemName>מב סנו ק 301 ספריי 3</ItemName><ManufacturerName>K-301</ManufacturerName><ManufactureCountry>ישראל</ManufactureCountry><ManufacturerItemDescription>מב סנו ק 301 ספריי 3</ManufacturerItemDescription><SoldByWeight/><Quantity>300.00</Quantity><UnitOfMeasure>מ"ל</UnitOfMeasure><QtyInPackage>לא ידוע</QtyInPackage><UnitOfMeasurePrice>0.0363</UnitOfMeasurePrice><AllowDiscount>1</AllowDiscount><ItemStatus>1</ItemStatus><ItemPrice>10.90</ItemPrice></item><item><PriceUpdateDate>2016-03-29 13:00:37</PriceUpdateDate><ItemCode>7290107640190</ItemCode><ItemType>1</ItemType><ItemName>שמפו פינוק למגע רך כ</ItemName><ManufacturerName>פינוק</ManufacturerName><ManufactureCountry>ישראל</ManufactureCountry><ManufacturerItemDescription>שמפו פינוק למגע רך כ</ManufacturerItemDescription><SoldByWeight/><Quantity>700.00</Quantity><UnitOfMeasure>מ"ל</UnitOfMeasure><QtyInPackage>לא ידוע</QtyInPackage><UnitOfMeasurePrice>0.0184</UnitOfMeasurePrice><AllowDiscount>1</AllowDiscount><ItemStatus>1</ItemStatus><ItemPrice>12.90</ItemPrice></item><item><PriceUpdateDate>2016-03-29 13:00:37</PriceUpdateDate><ItemCode>7290107640206</ItemCode><ItemType>1</ItemType><ItemName>מרכך פינוק למגע רך כ</ItemName><ManufacturerName>פינוק</ManufacturerName><ManufactureCountry>ישראל</ManufactureCountry><ManufacturerItemDescription>מרכך פינוק למגע רך כ</ManufacturerItemDescription><SoldByWeight/><Quantity>700.00</Quantity><UnitOfMeasure>מ"ל</UnitOfMeasure><QtyInPackage>לא ידוע</QtyInPackage><UnitOfMeasurePrice>0.0184</UnitOfMeasurePrice><AllowDiscount>1</AllowDiscount><ItemStatus>1</ItemStatus><ItemPrice>12.90</ItemPrice></item><item><PriceUpdateDate>2016-04-07 16:46:42</PriceUpdateDate><ItemCode>7290107640473</ItemCode><ItemType>1</ItemType><ItemName>קורנפלקס אלופים 850</ItemName><ManufacturerName>לא ממותג</ManufacturerName><ManufactureCountry>ישראל</ManufactureCountry><ManufacturerItemDescription>קורנפלקס אלופים 850</ManufacturerItemDescription><SoldByWeight/><Quantity>850.00</Quantity><UnitOfMeasure>גרם     </UnitOfMeasure><QtyInPackage>לא ידוע</QtyInPackage><UnitOfMeasurePrice>0.0175</UnitOfMeasurePrice><AllowDiscount>0</AllowDiscount><ItemStatus>1</ItemStatus><ItemPrice>14.90</ItemPrice></item><item><PriceUpdateDate>2016-05-30 22:05:22</PriceUpdateDate><ItemCode>7290107641012</ItemCode><ItemType>1</ItemType><ItemName>נשנושי ברנפלקס שקדים</ItemName><ManufacturerName>ברנפלקס - תלמה</ManufacturerName><ManufactureCountry>לא ידוע</ManufactureCountry><ManufacturerItemDescription>נשנושי ברנפלקס שקדים</ManufacturerItemDescription><SoldByWeight/><Quantity>375.00</Quantity><UnitOfMeasure>גרם     </UnitOfMeasure><QtyInPackage>לא ידוע</QtyInPackage><UnitOfMeasurePrice>0.0531</UnitOfMeasurePrice><AllowDiscount>1</AllowDiscount><ItemStatus>1</ItemStatus><ItemPrice>19.90</ItemPrice></item><item><PriceUpdateDate>2016-03-29 13:00:37</PriceUpdateDate><ItemCode>7290107641098</ItemCode><ItemType>1</ItemType><ItemName>שמפו פינוק נגד קשקשי</ItemName><ManufacturerName>פינוק</ManufacturerName><ManufactureCountry>ישראל</ManufactureCountry><ManufacturerItemDescription>שמפו פינוק נגד קשקשי</ManufacturerItemDescription><SoldByWeight/><Quantity>700.00</Quantity><UnitOfMeasure>מ"ל</UnitOfMeasure><QtyInPackage>לא ידוע</QtyInPackage><UnitOfMeasurePrice>0.0184</UnitOfMeasurePrice><AllowDiscount>1</AllowDiscount><ItemStatus>1</ItemStatus><ItemPrice>12.90</ItemPrice></item><item><PriceUpdateDate>2016-05-30 22:05:22</PriceUpdateDate><ItemCode>7290107641654</ItemCode><ItemType>1</ItemType><ItemName>דליתות 400 גרם</ItemName><ManufacturerName>תלמה</ManufacturerName><ManufactureCountry>ישראל</ManufactureCountry><ManufacturerItemDescription>דליפקאן 400 גר בדץ</ManufacturerItemDescription><SoldByWeight/><Quantity>400.00</Quantity><UnitOfMeasure>גרם     </UnitOfMeasure><QtyInPackage>לא ידוע</QtyInPackage><UnitOfMeasurePrice>0.0497</UnitOfMeasurePrice><AllowDiscount>1</AllowDiscount><ItemStatus>1</ItemStatus><ItemPrice>19.90</ItemPrice></item><item><PriceUpdateDate>2016-05-30 22:05:22</PriceUpdateDate><ItemCode>7290107641661</ItemCode><ItemType>1</ItemType><ItemName>דליתפוח 400 גרם</ItemName><ManufacturerName>תלמה</ManufacturerName><ManufactureCountry>ישראל</ManufactureCountry><ManufacturerItemDescription>דליפקאן 400 גר בדץ</ManufacturerItemDescription><SoldByWeight/><Quantity>400.00</Quantity><UnitOfMeasure>גרם     </UnitOfMeasure><QtyInPackage>לא ידוע</QtyInPackage><UnitOfMeasurePrice>0.0497</UnitOfMeasurePrice><AllowDiscount>1</AllowDiscount><ItemStatus>1</ItemStatus><ItemPrice>19.90</ItemPrice></item><item><PriceUpdateDate>2016-03-29 13:00:37</PriceUpdateDate><ItemCode>7290107641906</ItemCode><ItemType>1</ItemType><ItemName>פינוק לגבר 3 ב 1 700</ItemName><ManufacturerName>פינוק</ManufacturerName><ManufactureCountry>ישראל</ManufactureCountry><ManufacturerItemDescription>פינוק לגבר 3 ב 1 700</ManufacturerItemDescription><SoldByWeight/><Quantity>700.00</Quantity><UnitOfMeasure>מ"ל</UnitOfMeasure><QtyInPackage>לא ידוע</QtyInPackage><UnitOfMeasurePrice>0.0184</UnitOfMeasurePrice><AllowDiscount>1</AllowDiscount><ItemStatus>1</ItemStatus><ItemPrice>12.90</ItemPrice></item><item><PriceUpdateDate>2016-01-22 10:20:02</PriceUpdateDate><ItemCode>7290107641920</ItemCode><ItemType>1</ItemType><ItemName>תחליב רחצה פינוק לגב</ItemName><ManufacturerName>פינוק</ManufacturerName><ManufactureCountry>ישראל</ManufactureCountry><ManufacturerItemDescription>תחליב רחצה פינוק לגב</ManufacturerItemDescription><SoldByWeight/><Quantity>700.00</Quantity><UnitOfMeasure>מ"ל</UnitOfMeasure><QtyInPackage>לא ידוע</QtyInPackage><UnitOfMeasurePrice>0.0199</UnitOfMeasurePrice><AllowDiscount>1</AllowDiscount><ItemStatus>1</ItemStatus><ItemPrice>13.90</ItemPrice></item><item><PriceUpdateDate>2016-02-04 08:56:15</PriceUpdateDate><ItemCode>7290107642439</ItemCode><ItemType>1</ItemType><ItemName>קליק אצבעות וניל שקד</ItemName><ManufacturerName>קליק ורד הגליל</ManufacturerName><ManufactureCountry>לא ידוע</ManufactureCountry><ManufacturerItemDescription>קליק אצבעות וניל שקד</ManufacturerItemDescription><SoldByWeight/><Quantity>40.00</Quantity><UnitOfMeasure>גרם     </UnitOfMeasure><QtyInPackage>לא ידוע</QtyInPackage><UnitOfMeasurePrice>0.1375</UnitOfMeasurePrice><AllowDiscount>1</AllowDiscount><ItemStatus>1</ItemStatus><ItemPrice>5.50</ItemPrice></item><item><PriceUpdateDate>2016-03-29 13:00:37</PriceUpdateDate><ItemCode>7290107642675</ItemCode><ItemType>1</ItemType><ItemName>פינוק לגבר שמפו+מרכך</ItemName><ManufacturerName>פינוק</ManufacturerName><ManufactureCountry>ישראל</ManufactureCountry><ManufacturerItemDescription>פינוק לגבר שמפו+מרכך</ManufacturerItemDescription><SoldByWeight/><Quantity>700.00</Quantity><UnitOfMeasure>מ"ל</UnitOfMeasure><QtyInPackage>לא ידוע</QtyInPackage><UnitOfMeasurePrice>0.0184</UnitOfMeasurePrice><AllowDiscount>1</AllowDiscount><ItemStatus>1</ItemStatus><ItemPrice>12.90</ItemPrice></item><item><PriceUpdateDate>2016-05-10 10:52:54</PriceUpdateDate><ItemCode>7290107643764</ItemCode><ItemType>1</ItemType><ItemName>שמפו פינוק שמני הזנה</ItemName><ManufacturerName>פינוק</ManufacturerName><ManufactureCountry>ישראל</ManufactureCountry><ManufacturerItemDescription>שמפו פינוק שמני הזנה</ManufacturerItemDescription><SoldByWeight/><Quantity>700.00</Quantity><UnitOfMeasure>מ"ל</UnitOfMeasure><QtyInPackage>לא ידוע</QtyInPackage><UnitOfMeasurePrice>0.0184</UnitOfMeasurePrice><AllowDiscount>1</AllowDiscount><ItemStatus>1</ItemStatus><ItemPrice>12.90</ItemPrice></item><item><PriceUpdateDate>2016-05-10 10:52:54</PriceUpdateDate><ItemCode>7290107643771</ItemCode><ItemType>1</ItemType><ItemName>מרכך פינוק שמני הזנה</ItemName><ManufacturerName>פינוק</ManufacturerName><ManufactureCountry>ישראל</ManufactureCountry><ManufacturerItemDescription>מרכך פינוק שמני הזנה</ManufacturerItemDescription><SoldByWeight/><Quantity>700.00</Quantity><UnitOfMeasure>מ"ל</UnitOfMeasure><QtyInPackage>לא ידוע</QtyInPackage><UnitOfMeasurePrice>0.0184</UnitOfMeasurePrice><AllowDiscount>1</AllowDiscount><ItemStatus>1</ItemStatus><ItemPrice>12.90</ItemPrice></item><item><PriceUpdateDate>2016-05-30 22:05:22</PriceUpdateDate><ItemCode>7290107643832</ItemCode><ItemType>1</ItemType><ItemName>מב רוטב קנור פאד תאי</ItemName><ManufacturerName>קנור</ManufacturerName><ManufactureCountry>ישראל</ManufactureCountry><ManufacturerItemDescription>מב רוטב קנור פאד תאי</ManufacturerItemDescription><SoldByWeight/><Quantity>300.00</Quantity><UnitOfMeasure>גרם     </UnitOfMeasure><QtyInPackage>לא ידוע</QtyInPackage><UnitOfMeasurePrice>0.0333</UnitOfMeasurePrice><AllowDiscount>1</AllowDiscount><ItemStatus>1</ItemStatus><ItemPrice>10.00</ItemPrice></item><item><PriceUpdateDate>2016-05-30 22:05:23</PriceUpdateDate><ItemCode>7290107870429</ItemCode><ItemType>1</ItemType><ItemName>מב רוטב בסיס לבישול</ItemName><ManufacturerName>לא ממותג</ManufacturerName><ManufactureCountry>ישראל</ManufactureCountry><ManufacturerItemDescription>רוטב בסיס לבישול 580 מל</ManufacturerItemDescription><SoldByWeight/><Quantity>580.00</Quantity><UnitOfMeasure>גרם     </UnitOfMeasure><QtyInPackage>לא ידוע</QtyInPackage><UnitOfMeasurePrice>0.0309</UnitOfMeasurePrice><AllowDiscount>1</AllowDiscount><ItemStatus>1</ItemStatus><ItemPrice>17.90</ItemPrice></item><item><PriceUpdateDate>2015-10-21 16:18:26</PriceUpdateDate><ItemCode>7290107871310</ItemCode><ItemType>1</ItemType><ItemName>חטיפי פריכונים כוסמת</ItemName><ManufacturerName>פריכונים</ManufacturerName><ManufactureCountry>ישראל</ManufactureCountry><ManufacturerItemDescription>חטיפי פריכונים כוסמת</ManufacturerItemDescription><SoldByWeight/><Quantity>14.00</Quantity><UnitOfMeasure>גרם     </UnitOfMeasure><QtyInPackage>לא ידוע</QtyInPackage><UnitOfMeasurePrice>0.6286</UnitOfMeasurePrice><AllowDiscount>1</AllowDiscount><ItemStatus>1</ItemStatus><ItemPrice>8.80</ItemPrice></item><item><PriceUpdateDate>2016-03-16 15:40:51</PriceUpdateDate><ItemCode>7290107873062</ItemCode><ItemType>1</ItemType><ItemName>פתי בר שוקולד מריר 5</ItemName><ManufacturerName>אסם</ManufacturerName><ManufactureCountry>ישראל</ManufactureCountry><ManufacturerItemDescription>אסם פתי בר בטעם שוקולד מר</ManufacturerItemDescription><SoldByWeight/><Quantity>500.00</Quantity><UnitOfMeasure>גרם     </UnitOfMeasure><QtyInPackage>לא ידוע</QtyInPackage><UnitOfMeasurePrice>0.0218</UnitOfMeasurePrice><AllowDiscount>1</AllowDiscount><ItemStatus>1</ItemStatus><ItemPrice>10.90</ItemPrice></item><item><PriceUpdateDate>2016-06-02 12:22:24</PriceUpdateDate><ItemCode>7290107873222</ItemCode><ItemType>1</ItemType><ItemName>מב סלט צבר חומוס עם</ItemName><ManufacturerName>צבר</ManufacturerName><ManufactureCountry>ישראל</ManufactureCountry><ManufacturerItemDescription>חומוס עם חריף 400 גרם</ManufacturerItemDescription><SoldByWeight/><Quantity>400.00</Quantity><UnitOfMeasure>גרם     </UnitOfMeasure><QtyInPackage>לא ידוע</QtyInPackage><UnitOfMeasurePrice>0.0323</UnitOfMeasurePrice><AllowDiscount>1</AllowDiscount><ItemStatus>1</ItemStatus><ItemPrice>12.90</ItemPrice></item><item><PriceUpdateDate>2016-03-16 15:40:51</PriceUpdateDate><ItemCode>7290107873239</ItemCode><ItemType>1</ItemType><ItemName>פתי בר קרמל 500 גרם</ItemName><ManufacturerName>פתי בר אסם</ManufacturerName><ManufactureCountry>ישראל</ManufactureCountry><ManufacturerItemDescription>אסם פתי בר קרמל</ManufacturerItemDescription><SoldByWeight/><Quantity>500.00</Quantity><UnitOfMeasure>גרם     </UnitOfMeasure><QtyInPackage>לא ידוע</QtyInPackage><UnitOfMeasurePrice>0.0218</UnitOfMeasurePrice><AllowDiscount>1</AllowDiscount><ItemStatus>1</ItemStatus><ItemPrice>10.90</ItemPrice></item><item><PriceUpdateDate>2015-10-20 16:51:23</PriceUpdateDate><ItemCode>7290107874366</ItemCode><ItemType>1</ItemType><ItemName>ביסלי נאצ'וס חמוץ חר</ItemName><ManufacturerName>אסם</ManufacturerName><ManufactureCountry>לא ידוע</ManufactureCountry><ManufacturerItemDescription>ביסלי נאצ'וס חמוץ חר</ManufacturerItemDescription><SoldByWeight/><Quantity>50.00</Quantity><UnitOfMeasure>גרם     </UnitOfMeasure><QtyInPackage>לא ידוע</QtyInPackage><UnitOfMeasurePrice>0.0760</UnitOfMeasurePrice><AllowDiscount>1</AllowDiscount><ItemStatus>1</ItemStatus><ItemPrice>3.80</ItemPrice></item><item><PriceUpdateDate>2015-11-12 18:18:37</PriceUpdateDate><ItemCode>7290107874441</ItemCode><ItemType>1</ItemType><ItemName>פריכונים מיני בצל מק</ItemName><ManufacturerName>לא ממותג</ManufacturerName><ManufactureCountry>ישראל</ManufactureCountry><ManufacturerItemDescription>פריכונים מיני בצל מק</ManufacturerItemDescription><SoldByWeight/><Quantity>25.00</Quantity><UnitOfMeasure>גרם     </UnitOfMeasure><QtyInPackage>לא ידוע</QtyInPackage><UnitOfMeasurePrice>0.1880</UnitOfMeasurePrice><AllowDiscount>1</AllowDiscount><ItemStatus>1</ItemStatus><ItemPrice>4.70</ItemPrice></item><item><PriceUpdateDate>2015-10-20 16:51:23</PriceUpdateDate><ItemCode>7290107874687</ItemCode><ItemType>1</ItemType><ItemName>ביסלי נאצ'וס ספייסי</ItemName><ManufacturerName>אסם</ManufacturerName><ManufactureCountry>לא ידוע</ManufactureCountry><ManufacturerItemDescription>ביסלי נאצ'וס ספייסי</ManufacturerItemDescription><SoldByWeight/><Quantity>50.00</Quantity><UnitOfMeasure>גרם     </UnitOfMeasure><QtyInPackage>לא ידוע</QtyInPackage><UnitOfMeasurePrice>0.0760</UnitOfMeasurePrice><AllowDiscount>1</AllowDiscount><ItemStatus>1</ItemStatus><ItemPrice>3.80</ItemPrice></item><item><PriceUpdateDate>2016-05-30 22:05:23</PriceUpdateDate><ItemCode>7290107875400</ItemCode><ItemType>1</ItemType><ItemName>גלידת לה קרמריה פיסט</ItemName><ManufacturerName>גלידות נסטלה</ManufacturerName><ManufactureCountry>ישראל</ManufactureCountry><ManufacturerItemDescription>לה קרמריה מוקה פיסטוק</ManufacturerItemDescription><SoldByWeight/><Quantity>1.00</Quantity><UnitOfMeasure>קג</UnitOfMeasure><QtyInPackage>לא ידוע</QtyInPackage><UnitOfMeasurePrice>17.9000</UnitOfMeasurePrice><AllowDiscount>1</AllowDiscount><ItemStatus>1</ItemStatus><ItemPrice>17.90</ItemPrice></item><item><PriceUpdateDate>2016-05-30 22:05:23</PriceUpdateDate><ItemCode>7290107875493</ItemCode><ItemType>1</ItemType><ItemName>תרכיז ויטמינציק מהדו</ItemName><ManufacturerName>ויטמינצק</ManufacturerName><ManufactureCountry>ישראל</ManufactureCountry><ManufacturerItemDescription>תרכיז ויטמינציק מהדו</ManufacturerItemDescription><SoldByWeight/><Quantity>1000.00</Quantity><UnitOfMeasure>מ"ל</UnitOfMeasure><QtyInPackage>לא ידוע</QtyInPackage><UnitOfMeasurePrice>0.0119</UnitOfMeasurePrice><AllowDiscount>1</AllowDiscount><ItemStatus>1</ItemStatus><ItemPrice>11.90</ItemPrice></item><item><PriceUpdateDate>2016-05-30 22:05:23</PriceUpdateDate><ItemCode>7290107875516</ItemCode><ItemType>1</ItemType><ItemName>תרכיז ויטמינציק מהדו</ItemName><ManufacturerName>ויטמינצק</ManufacturerName><ManufactureCountry>ישראל</ManufactureCountry><ManufacturerItemDescription>תרכיז ויטמינציק מהדו</ManufacturerItemDescription><SoldByWeight/><Quantity>1000.00</Quantity><UnitOfMeasure>מ"ל</UnitOfMeasure><QtyInPackage>לא ידוע</QtyInPackage><UnitOfMeasurePrice>0.0119</UnitOfMeasurePrice><AllowDiscount>1</AllowDiscount><ItemStatus>1</ItemStatus><ItemPrice>11.90</ItemPrice></item><item><PriceUpdateDate>2016-05-01 21:47:19</PriceUpdateDate><ItemCode>7290107876520</ItemCode><ItemType>1</ItemType><ItemName>מאגדת גלידה לייט ריב</ItemName><ManufacturerName>גלידות נסטלה</ManufacturerName><ManufactureCountry>ישראל</ManufactureCountry><ManufacturerItemDescription>מאגדת לייט יוגורט חמוציות</ManufacturerItemDescription><SoldByWeight/><Quantity>180.00</Quantity><UnitOfMeasure>גרם     </UnitOfMeasure><QtyInPackage>לא ידוע</QtyInPackage><UnitOfMeasurePrice>0.1383</UnitOfMeasurePrice><AllowDiscount>1</AllowDiscount><ItemStatus>1</ItemStatus><ItemPrice>24.90</ItemPrice></item><item><PriceUpdateDate>2016-05-01 21:47:19</PriceUpdateDate><ItemCode>7290107876636</ItemCode><ItemType>1</ItemType><ItemName>מאגדת גלידה לייט שוק</ItemName><ManufacturerName>גלידות נסטלה</ManufacturerName><ManufactureCountry>ישראל</ManufactureCountry><ManufacturerItemDescription>מאגדת לייט יוגורט חמוציות</ManufacturerItemDescription><SoldByWeight/><Quantity>180.00</Quantity><UnitOfMeasure>גרם     </UnitOfMeasure><QtyInPackage>לא ידוע</QtyInPackage><UnitOfMeasurePrice>0.1383</UnitOfMeasurePrice><AllowDiscount>1</AllowDiscount><ItemStatus>1</ItemStatus><ItemPrice>24.90</ItemPrice></item><item><PriceUpdateDate>2016-06-15 07:12:52</PriceUpdateDate><ItemCode>7290107876759</ItemCode><ItemType>1</ItemType><ItemName>מב פתי בר קטנים 1.50</ItemName><ManufacturerName>פתי בר אסם</ManufacturerName><ManufactureCountry>לא ידוע</ManufactureCountry><ManufacturerItemDescription>מב פתי בר קטנים 1.50</ManufacturerItemDescription><SoldByWeight/><Quantity>1500.00</Quantity><UnitOfMeasure>גרם     </UnitOfMeasure><QtyInPackage>לא ידוע</QtyInPackage><UnitOfMeasurePrice>0.0133</UnitOfMeasurePrice><AllowDiscount>1</AllowDiscount><ItemStatus>1</ItemStatus><ItemPrice>19.90</ItemPrice></item><item><PriceUpdateDate>2016-04-22 15:25:39</PriceUpdateDate><ItemCode>7290107876803</ItemCode><ItemType>1</ItemType><ItemName>זית חרוזית בית השיטה</ItemName><ManufacturerName>בית השיטה</ManufacturerName><ManufactureCountry>ישראל</ManufactureCountry><ManufacturerItemDescription>זית חרוזית בית השיטה 560</ManufacturerItemDescription><SoldByWeight/><Quantity>275.00</Quantity><UnitOfMeasure>גרם     </UnitOfMeasure><QtyInPackage>לא ידוע</QtyInPackage><UnitOfMeasurePrice>0.0324</UnitOfMeasurePrice><AllowDiscount>0</AllowDiscount><ItemStatus>1</ItemStatus><ItemPrice>8.90</ItemPrice></item><item><PriceUpdateDate>2016-04-24 08:40:09</PriceUpdateDate><ItemCode>7290107876827</ItemCode><ItemType>1</ItemType><ItemName>זית טבעות 280 גרם יר</ItemName><ManufacturerName>לא ממותג</ManufacturerName><ManufactureCountry>ישראל</ManufactureCountry><ManufacturerItemDescription>זית טבעות 280 גרם יר</ManufacturerItemDescription><SoldByWeight/><Quantity>280.00</Quantity><UnitOfMeasure>גרם     </UnitOfMeasure><QtyInPackage>לא ידוע</QtyInPackage><UnitOfMeasurePrice>0.0404</UnitOfMeasurePrice><AllowDiscount>1</AllowDiscount><ItemStatus>1</ItemStatus><ItemPrice>11.30</ItemPrice></item><item><PriceUpdateDate>2015-12-18 10:04:02</PriceUpdateDate><ItemCode>7290107876841</ItemCode><ItemType>1</ItemType><ItemName>זית מנזנילו ירוק עם</ItemName><ManufacturerName>בית השיטה</ManufacturerName><ManufactureCountry>ישראל</ManufactureCountry><ManufacturerItemDescription>זית מנזנילו ירוק עם</ManufacturerItemDescription><SoldByWeight/><Quantity>560.00</Quantity><UnitOfMeasure>גרם     </UnitOfMeasure><QtyInPackage>לא ידוע</QtyInPackage><UnitOfMeasurePrice>0.0209</UnitOfMeasurePrice><AllowDiscount>1</AllowDiscount><ItemStatus>1</ItemStatus><ItemPrice>11.70</ItemPrice></item><item><PriceUpdateDate>2015-09-21 09:01:29</PriceUpdateDate><ItemCode>7290107877169</ItemCode><ItemType>1</ItemType><ItemName>חטיפי קרקר כפרי ללא</ItemName><ManufacturerName>אסם</ManufacturerName><ManufactureCountry>ישראל</ManufactureCountry><ManufacturerItemDescription>חטיפי קרקר כפרי ללא</ManufacturerItemDescription><SoldByWeight/><Quantity>150.00</Quantity><UnitOfMeasure>גרם     </UnitOfMeasure><QtyInPackage>לא ידוע</QtyInPackage><UnitOfMeasurePrice>0.0593</UnitOfMeasurePrice><AllowDiscount>1</AllowDiscount><ItemStatus>1</ItemStatus><ItemPrice>8.90</ItemPrice></item><item><PriceUpdateDate>2016-03-01 06:44:11</PriceUpdateDate><ItemCode>7290107877527</ItemCode><ItemType>1</ItemType><ItemName>זוג מרק נמס עגבניות</ItemName><ManufacturerName>אסם</ManufacturerName><ManufactureCountry>ישראל</ManufactureCountry><ManufacturerItemDescription>זוג מרק נמס אפונה 52 גרם</ManufacturerItemDescription><SoldByWeight/><Quantity>52.00</Quantity><UnitOfMeasure>גרם     </UnitOfMeasure><QtyInPackage>לא ידוע</QtyInPackage><UnitOfMeasurePrice>0.1481</UnitOfMeasurePrice><AllowDiscount>1</AllowDiscount><ItemStatus>1</ItemStatus><ItemPrice>7.70</ItemPrice></item><item><PriceUpdateDate>2015-11-20 09:37:59</PriceUpdateDate><ItemCode>7290107878050</ItemCode><ItemType>1</ItemType><ItemName>פייבר וואן צימוקים 4</ItemName><ManufacturerName>נסטלה</ManufacturerName><ManufactureCountry>ארצות הברית</ManufactureCountry><ManufacturerItemDescription>ספגטי עתיר סיביםר בסיבים</ManufacturerItemDescription><SoldByWeight/><Quantity>456.00</Quantity><UnitOfMeasure>גרם     </UnitOfMeasure><QtyInPackage>לא ידוע</QtyInPackage><UnitOfMeasurePrice>0.0612</UnitOfMeasurePrice><AllowDiscount>1</AllowDiscount><ItemStatus>1</ItemStatus><ItemPrice>27.90</ItemPrice></item><item><PriceUpdateDate>2015-11-20 09:38:00</PriceUpdateDate><ItemCode>7290107878074</ItemCode><ItemType>1</ItemType><ItemName>פייבר וואן שקדים ואג</ItemName><ManufacturerName>נסטלה</ManufacturerName><ManufactureCountry>ארצות הברית</ManufactureCountry><ManufacturerItemDescription>ספגטי עתיר סיביםר בסיבים</ManufacturerItemDescription><SoldByWeight/><Quantity>456.00</Quantity><UnitOfMeasure>גרם     </UnitOfMeasure><QtyInPackage>לא ידוע</QtyInPackage><UnitOfMeasurePrice>0.0612</UnitOfMeasurePrice><AllowDiscount>1</AllowDiscount><ItemStatus>1</ItemStatus><ItemPrice>27.90</ItemPrice></item><item><PriceUpdateDate>2016-05-30 22:05:24</PriceUpdateDate><ItemCode>7290107878548</ItemCode><ItemType>1</ItemType><ItemName>אסם פתיתים אפויים 50</ItemName><ManufacturerName>פסטה אסם</ManufacturerName><ManufactureCountry>ישראל</ManufactureCountry><ManufacturerItemDescription>פתיתים אפויים קוסקוס 500</ManufacturerItemDescription><SoldByWeight/><Quantity>500.00</Quantity><UnitOfMeasure>גרם     </UnitOfMeasure><QtyInPackage>לא ידוע</QtyInPackage><UnitOfMeasurePrice>0.0118</UnitOfMeasurePrice><AllowDiscount>1</AllowDiscount><ItemStatus>1</ItemStatus><ItemPrice>5.90</ItemPrice></item><item><PriceUpdateDate>2016-05-30 22:05:24</PriceUpdateDate><ItemCode>7290107878845</ItemCode><ItemType>1</ItemType><ItemName>עוגת הבית שוקולד עם</ItemName><ManufacturerName>עוגות הבית</ManufacturerName><ManufactureCountry>ישראל</ManufactureCountry><ManufacturerItemDescription>עוגת הבית שוקוציפס 400 גר</ManufacturerItemDescription><SoldByWeight/><Quantity>320.00</Quantity><UnitOfMeasure>גרם     </UnitOfMeasure><QtyInPackage>לא ידוע</QtyInPackage><UnitOfMeasurePrice>0.0341</UnitOfMeasurePrice><AllowDiscount>0</AllowDiscount><ItemStatus>1</ItemStatus><ItemPrice>10.90</ItemPrice></item><item><PriceUpdateDate>2016-05-30 22:05:24</PriceUpdateDate><ItemCode>7290107878869</ItemCode><ItemType>1</ItemType><ItemName>עוגת הבית שוקולד דאב</ItemName><ManufacturerName>עוגות הבית</ManufacturerName><ManufactureCountry>ישראל</ManufactureCountry><ManufacturerItemDescription>עוגת הבית שוקוציפס 400 גר</ManufacturerItemDescription><SoldByWeight/><Quantity>340.00</Quantity><UnitOfMeasure>גרם     </UnitOfMeasure><QtyInPackage>לא ידוע</QtyInPackage><UnitOfMeasurePrice>0.0321</UnitOfMeasurePrice><AllowDiscount>0</AllowDiscount><ItemStatus>1</ItemStatus><ItemPrice>10.90</ItemPrice></item><item><PriceUpdateDate>2016-04-22 15:25:39</PriceUpdateDate><ItemCode>7290107878920</ItemCode><ItemType>1</ItemType><ItemName>קוקטייל זיתים 500 גר</ItemName><ManufacturerName>בית השיטה</ManufacturerName><ManufactureCountry>ישראל</ManufactureCountry><ManufacturerItemDescription>קוקטייל זיתים 500 גר</ManufacturerItemDescription><SoldByWeight/><Quantity>340.00</Quantity><UnitOfMeasure>גרם     </UnitOfMeasure><QtyInPackage>לא ידוע</QtyInPackage><UnitOfMeasurePrice>0.0379</UnitOfMeasurePrice><AllowDiscount>1</AllowDiscount><ItemStatus>1</ItemStatus><ItemPrice>12.90</ItemPrice></item><item><PriceUpdateDate>2016-01-05 08:50:06</PriceUpdateDate><ItemCode>7290107930215</ItemCode><ItemType>1</ItemType><ItemName>מאגדת אנרג'י מיקס פי</ItemName><ManufacturerName>אנרג'י</ManufacturerName><ManufactureCountry>ישראל</ManufactureCountry><ManufacturerItemDescription>חטיף דגנים ושוקולד עם אגו</ManufacturerItemDescription><SoldByWeight/><Quantity>156.00</Quantity><UnitOfMeasure>גרם     </UnitOfMeasure><QtyInPackage>לא ידוע</QtyInPackage><UnitOfMeasurePrice>0.1186</UnitOfMeasurePrice><AllowDiscount>1</AllowDiscount><ItemStatus>1</ItemStatus><ItemPrice>18.50</ItemPrice></item><item><PriceUpdateDate>2016-05-30 22:05:24</PriceUpdateDate><ItemCode>7290107930963</ItemCode><ItemType>1</ItemType><ItemName>שוקולד פרה חלב אוריג</ItemName><ManufacturerName>פרה</ManufacturerName><ManufactureCountry>ישראל</ManufactureCountry><ManufacturerItemDescription>שוקולד פרה חלב שטוח 100 ג</ManufacturerItemDescription><SoldByWeight/><Quantity>100.00</Quantity><UnitOfMeasure>גרם     </UnitOfMeasure><QtyInPackage>לא ידוע</QtyInPackage><UnitOfMeasurePrice>0.0540</UnitOfMeasurePrice><AllowDiscount>0</AllowDiscount><ItemStatus>1</ItemStatus><ItemPrice>5.40</ItemPrice></item><item><PriceUpdateDate>2016-04-19 11:07:34</PriceUpdateDate><ItemCode>7290107931847</ItemCode><ItemType>1</ItemType><ItemName>טורקי עלית בקלייה בה</ItemName><ManufacturerName>טורקי עלית</ManufacturerName><ManufactureCountry>ישראל</ManufactureCountry><ManufacturerItemDescription>קפה עם הל 100 גר</ManufacturerItemDescription><SoldByWeight/><Quantity>100.00</Quantity><UnitOfMeasure>גרם     </UnitOfMeasure><QtyInPackage>לא ידוע</QtyInPackage><UnitOfMeasurePrice>0.0990</UnitOfMeasurePrice><AllowDiscount>1</AllowDiscount><ItemStatus>1</ItemStatus><ItemPrice>9.90</ItemPrice></item><item><PriceUpdateDate>2015-12-28 09:39:53</PriceUpdateDate><ItemCode>7290107932080</ItemCode><ItemType>1</ItemType><ItemName>חלב מועשר 3% בבקבוק</ItemName><ManufacturerName>יטבתה</ManufacturerName><ManufactureCountry>ישראל</ManufactureCountry><ManufacturerItemDescription>חלב 3% יטבתה עשיר בסידן 1</ManufacturerItemDescription><SoldByWeight/><Quantity>1000.00</Quantity><UnitOfMeasure>מ"ל</UnitOfMeasure><QtyInPackage>לא ידוע</QtyInPackage><UnitOfMeasurePrice>0.0079</UnitOfMeasurePrice><AllowDiscount>1</AllowDiscount><ItemStatus>1</ItemStatus><ItemPrice>7.90</ItemPrice></item><item><PriceUpdateDate>2015-12-28 09:39:53</PriceUpdateDate><ItemCode>7290107932127</ItemCode><ItemType>1</ItemType><ItemName>חלב מועשר 2% בבקבוק</ItemName><ManufacturerName>יטבתה</ManufacturerName><ManufactureCountry>ישראל</ManufactureCountry><ManufacturerItemDescription>חלב 3% יטבתה עשיר בסידן 1</ManufacturerItemDescription><SoldByWeight/><Quantity>1000.00</Quantity><UnitOfMeasure>מ"ל</UnitOfMeasure><QtyInPackage>לא ידוע</QtyInPackage><UnitOfMeasurePrice>0.0079</UnitOfMeasurePrice><AllowDiscount>1</AllowDiscount><ItemStatus>1</ItemStatus><ItemPrice>7.90</ItemPrice></item><item><PriceUpdateDate>2015-12-28 09:39:53</PriceUpdateDate><ItemCode>7290107932134</ItemCode><ItemType>1</ItemType><ItemName>חלב מועשר 1% בבקבוק</ItemName><ManufacturerName>יטבתה</ManufacturerName><ManufactureCountry>ישראל</ManufactureCountry><ManufacturerItemDescription>חלב 3% יטבתה עשיר בסידן 1</ManufacturerItemDescription><SoldByWeight/><Quantity>1000.00</Quantity><UnitOfMeasure>מ"ל</UnitOfMeasure><QtyInPackage>לא ידוע</QtyInPackage><UnitOfMeasurePrice>0.0079</UnitOfMeasurePrice><AllowDiscount>1</AllowDiscount><ItemStatus>1</ItemStatus><ItemPrice>7.90</ItemPrice></item><item><PriceUpdateDate>2016-01-14 09:15:38</PriceUpdateDate><ItemCode>7290107932264</ItemCode><ItemType>1</ItemType><ItemName>מסטיק בזוקה קוביות מ</ItemName><ManufacturerName>עלית</ManufacturerName><ManufactureCountry>ישראל</ManufactureCountry><ManufacturerItemDescription>בזוקה קוביות ללס</ManufacturerItemDescription><SoldByWeight/><Quantity>25.00</Quantity><UnitOfMeasure>גרם     </UnitOfMeasure><QtyInPackage>לא ידוע</QtyInPackage><UnitOfMeasurePrice>0.1960</UnitOfMeasurePrice><AllowDiscount>1</AllowDiscount><ItemStatus>1</ItemStatus><ItemPrice>4.90</ItemPrice></item><item><PriceUpdateDate>2016-01-14 09:15:38</PriceUpdateDate><ItemCode>7290107932721</ItemCode><ItemType>1</ItemType><ItemName>סוכריות מאסט מנטה צמ</ItemName><ManufacturerName>מאסט</ManufacturerName><ManufactureCountry>פולין</ManufactureCountry><ManufacturerItemDescription>צבע לשיער גרנייהנד זהוב</ManufacturerItemDescription><SoldByWeight/><Quantity>80.00</Quantity><UnitOfMeasure>גרם     </UnitOfMeasure><QtyInPackage>לא ידוע</QtyInPackage><UnitOfMeasurePrice>0.1113</UnitOfMeasurePrice><AllowDiscount>1</AllowDiscount><ItemStatus>1</ItemStatus><ItemPrice>8.90</ItemPrice></item><item><PriceUpdateDate>2016-01-14 09:15:38</PriceUpdateDate><ItemCode>7290107932783</ItemCode><ItemType>1</ItemType><ItemName>סוכריות מאסט גוג'י ב</ItemName><ManufacturerName>מאסט</ManufacturerName><ManufactureCountry>פולין</ManufactureCountry><ManufacturerItemDescription>צבע לשיער גרנייהנד זהוב</ManufacturerItemDescription><SoldByWeight/><Quantity>80.00</Quantity><UnitOfMeasure>גרם     </UnitOfMeasure><QtyInPackage>לא ידוע</QtyInPackage><UnitOfMeasurePrice>0.1113</UnitOfMeasurePrice><AllowDiscount>1</AllowDiscount><ItemStatus>1</ItemStatus><ItemPrice>8.90</ItemPrice></item><item><PriceUpdateDate>2016-05-30 22:05:24</PriceUpdateDate><ItemCode>7290107933117</ItemCode><ItemType>1</ItemType><ItemName>מב פריכיות גדולות 3</ItemName><ManufacturerName>עלית</ManufacturerName><ManufactureCountry>ישראל</ManufactureCountry><ManufacturerItemDescription>פריכיות ביס בטעם וניל 25</ManufacturerItemDescription><SoldByWeight/><Quantity>135.00</Quantity><UnitOfMeasure>גרם     </UnitOfMeasure><QtyInPackage>לא ידוע</QtyInPackage><UnitOfMeasurePrice>0.0807</UnitOfMeasurePrice><AllowDiscount>1</AllowDiscount><ItemStatus>1</ItemStatus><ItemPrice>10.90</ItemPrice></item><item><PriceUpdateDate>2016-03-24 13:54:38</PriceUpdateDate><ItemCode>7290107933131</ItemCode><ItemType>1</ItemType><ItemName>עלי סלנובה שטראוס 16</ItemName><ManufacturerName>שטראוס</ManufacturerName><ManufactureCountry>ישראל</ManufactureCountry><ManufacturerItemDescription>עלי רוקט 150 גרם</ManufacturerItemDescription><SoldByWeight/><Quantity>160.00</Quantity><UnitOfMeasure>גרם     </UnitOfMeasure><QtyInPackage>לא ידוע</QtyInPackage><UnitOfMeasurePrice>0.0806</UnitOfMeasurePrice><AllowDiscount>1</AllowDiscount><ItemStatus>1</ItemStatus><ItemPrice>12.90</ItemPrice></item><item><PriceUpdateDate>2016-03-24 13:54:38</PriceUpdateDate><ItemCode>7290107933155</ItemCode><ItemType>1</ItemType><ItemName>לקט סלנובה שטראוס 20</ItemName><ManufacturerName>שטראוס</ManufacturerName><ManufactureCountry>ישראל</ManufactureCountry><ManufacturerItemDescription>עלי רוקט 150 גרם</ManufacturerItemDescription><SoldByWeight/><Quantity>200.00</Quantity><UnitOfMeasure>גרם     </UnitOfMeasure><QtyInPackage>לא ידוע</QtyInPackage><UnitOfMeasurePrice>0.0795</UnitOfMeasurePrice><AllowDiscount>1</AllowDiscount><ItemStatus>1</ItemStatus><ItemPrice>15.90</ItemPrice></item><item><PriceUpdateDate>2015-12-28 09:39:53</PriceUpdateDate><ItemCode>7290107933315</ItemCode><ItemType>1</ItemType><ItemName>חלב דל לקטוז 2% בבקב</ItemName><ManufacturerName>יטבתה</ManufacturerName><ManufactureCountry>ישראל</ManufactureCountry><ManufacturerItemDescription>חלב 3% יטבתה עשיר בסידן 1</ManufacturerItemDescription><SoldByWeight/><Quantity>1000.00</Quantity><UnitOfMeasure>מ"ל</UnitOfMeasure><QtyInPackage>לא ידוע</QtyInPackage><UnitOfMeasurePrice>0.0079</UnitOfMeasurePrice><AllowDiscount>1</AllowDiscount><ItemStatus>1</ItemStatus><ItemPrice>7.90</ItemPrice></item><item><PriceUpdateDate>2015-11-16 09:47:13</PriceUpdateDate><ItemCode>7290107934367</ItemCode><ItemType>1</ItemType><ItemName>מארז מיוחד רביעיה אק</ItemName><ManufacturerName>אקטיביה</ManufacturerName><ManufactureCountry>ישראל</ManufactureCountry><ManufacturerItemDescription>מארז יוגורט אקטיביה</ManufacturerItemDescription><SoldByWeight/><Quantity>600.00</Quantity><UnitOfMeasure>גרם     </UnitOfMeasure><QtyInPackage>לא ידוע</QtyInPackage><UnitOfMeasurePrice>0.0198</UnitOfMeasurePrice><AllowDiscount>1</AllowDiscount><ItemStatus>1</ItemStatus><ItemPrice>11.90</ItemPrice></item><item><PriceUpdateDate>2015-11-16 09:47:13</PriceUpdateDate><ItemCode>7290107934473</ItemCode><ItemType>1</ItemType><ItemName>מארז מיוחד שמיניה אק</ItemName><ManufacturerName>אקטיביה</ManufacturerName><ManufactureCountry>ישראל</ManufactureCountry><ManufacturerItemDescription>מארז מיוחד שמיניה אק</ManufacturerItemDescription><SoldByWeight/><Quantity>1200.00</Quantity><UnitOfMeasure>גרם     </UnitOfMeasure><QtyInPackage>לא ידוע</QtyInPackage><UnitOfMeasurePrice>0.0182</UnitOfMeasurePrice><AllowDiscount>1</AllowDiscount><ItemStatus>1</ItemStatus><ItemPrice>21.90</ItemPrice></item><item><PriceUpdateDate>2015-11-16 09:47:13</PriceUpdateDate><ItemCode>7290107934480</ItemCode><ItemType>1</ItemType><ItemName>מארז מיוחד שמיניה אק</ItemName><ManufacturerName>אקטיביה</ManufacturerName><ManufactureCountry>ישראל</ManufactureCountry><ManufacturerItemDescription>מארז מיוחד שמיניה אק</ManufacturerItemDescription><SoldByWeight/><Quantity>1200.00</Quantity><UnitOfMeasure>גרם     </UnitOfMeasure><QtyInPackage>לא ידוע</QtyInPackage><UnitOfMeasurePrice>0.0182</UnitOfMeasurePrice><AllowDiscount>1</AllowDiscount><ItemStatus>1</ItemStatus><ItemPrice>21.90</ItemPrice></item><item><PriceUpdateDate>2015-11-16 09:47:13</PriceUpdateDate><ItemCode>7290107934497</ItemCode><ItemType>1</ItemType><ItemName>מארז מיוחד רביעיה אק</ItemName><ManufacturerName>אקטיביה</ManufacturerName><ManufactureCountry>ישראל</ManufactureCountry><ManufacturerItemDescription>מארז יוגורט אקטיביה</ManufacturerItemDescription><SoldByWeight/><Quantity>600.00</Quantity><UnitOfMeasure>גרם     </UnitOfMeasure><QtyInPackage>לא ידוע</QtyInPackage><UnitOfMeasurePrice>0.0198</UnitOfMeasurePrice><AllowDiscount>1</AllowDiscount><ItemStatus>1</ItemStatus><ItemPrice>11.90</ItemPrice></item><item><PriceUpdateDate>2015-11-16 09:47:13</PriceUpdateDate><ItemCode>7290107934503</ItemCode><ItemType>1</ItemType><ItemName>מארז מיוחד רביעיה אק</ItemName><ManufacturerName>אקטיביה</ManufacturerName><ManufactureCountry>ישראל</ManufactureCountry><ManufacturerItemDescription>מארז יוגורט אקטיביה</ManufacturerItemDescription><SoldByWeight/><Quantity>600.00</Quantity><UnitOfMeasure>גרם     </UnitOfMeasure><QtyInPackage>לא ידוע</QtyInPackage><UnitOfMeasurePrice>0.0198</UnitOfMeasurePrice><AllowDiscount>1</AllowDiscount><ItemStatus>1</ItemStatus><ItemPrice>11.90</ItemPrice></item><item><PriceUpdateDate>2016-03-24 13:54:49</PriceUpdateDate><ItemCode>7290107936248</ItemCode><ItemType>1</ItemType><ItemName>מילקי קצפת קפוצ'ינו</ItemName><ManufacturerName>מילקי</ManufacturerName><ManufactureCountry>ישראל</ManufactureCountry><ManufacturerItemDescription>מילקיקל שוקולד 170-3% מל</ManufacturerItemDescription><SoldByWeight/><Quantity>133.00</Quantity><UnitOfMeasure>גרם     </UnitOfMeasure><QtyInPackage>לא ידוע</QtyInPackage><UnitOfMeasurePrice>0.0316</UnitOfMeasurePrice><AllowDiscount>1</AllowDiscount><ItemStatus>1</ItemStatus><ItemPrice>4.20</ItemPrice></item><item><PriceUpdateDate>2016-05-06 10:43:28</PriceUpdateDate><ItemCode>7290107936262</ItemCode><ItemType>1</ItemType><ItemName>דנונה בר בננה עם פצפ</ItemName><ManufacturerName>דנונה</ManufacturerName><ManufactureCountry>ישראל</ManufactureCountry><ManufacturerItemDescription>דנונה+דגנים שוקולד200 1/2</ManufacturerItemDescription><SoldByWeight/><Quantity>173.00</Quantity><UnitOfMeasure>גרם     </UnitOfMeasure><QtyInPackage>לא ידוע</QtyInPackage><UnitOfMeasurePrice>0.0260</UnitOfMeasurePrice><AllowDiscount>1</AllowDiscount><ItemStatus>1</ItemStatus><ItemPrice>4.50</ItemPrice></item><item><PriceUpdateDate>2016-05-04 07:15:38</PriceUpdateDate><ItemCode>7290107936477</ItemCode><ItemType>1</ItemType><ItemName>מב קרקר קראנצ' גבינה</ItemName><ManufacturerName>עלית</ManufacturerName><ManufactureCountry>ישראל</ManufactureCountry><ManufacturerItemDescription>פיתה קראנצ בטעם טבעי 300</ManufacturerItemDescription><SoldByWeight/><Quantity>300.00</Quantity><UnitOfMeasure>גרם     </UnitOfMeasure><QtyInPackage>לא ידוע</QtyInPackage><UnitOfMeasurePrice>0.0397</UnitOfMeasurePrice><AllowDiscount>1</AllowDiscount><ItemStatus>1</ItemStatus><ItemPrice>11.90</ItemPrice></item><item><PriceUpdateDate>2016-05-01 21:47:19</PriceUpdateDate><ItemCode>7290107970266</ItemCode><ItemType>1</ItemType><ItemName>מנה פירורים אפויים ב</ItemName><ManufacturerName>לא ממותג</ManufacturerName><ManufactureCountry>לא ידוע</ManufactureCountry><ManufacturerItemDescription>מנה פירורים אפויים ב</ManufacturerItemDescription><SoldByWeight/><Quantity>300.00</Quantity><UnitOfMeasure>גרם     </UnitOfMeasure><QtyInPackage>לא ידוע</QtyInPackage><UnitOfMeasurePrice>0.0297</UnitOfMeasurePrice><AllowDiscount>1</AllowDiscount><ItemStatus>1</ItemStatus><ItemPrice>8.90</ItemPrice></item><item><PriceUpdateDate>2016-05-30 22:05:25</PriceUpdateDate><ItemCode>7290107970303</ItemCode><ItemType>1</ItemType><ItemName>מב מנה תערובת ללחם כ</ItemName><ManufacturerName>מנה</ManufacturerName><ManufactureCountry>לא ידוע</ManufactureCountry><ManufacturerItemDescription>מב מנה תערובת ללחם כ</ManufacturerItemDescription><SoldByWeight/><Quantity>1000.00</Quantity><UnitOfMeasure>גרם     </UnitOfMeasure><QtyInPackage>לא ידוע</QtyInPackage><UnitOfMeasurePrice>0.0085</UnitOfMeasurePrice><AllowDiscount>1</AllowDiscount><ItemStatus>1</ItemStatus><ItemPrice>8.50</ItemPrice></item><item><PriceUpdateDate>2016-05-30 22:05:25</PriceUpdateDate><ItemCode>7290108200195</ItemCode><ItemType>1</ItemType><ItemName>וניש קליה גולד ג'ל ל</ItemName><ManufacturerName>קליה</ManufacturerName><ManufactureCountry>איטליה</ManufactureCountry><ManufacturerItemDescription>וניש קליה גולד ג'ל ל</ManufacturerItemDescription><SoldByWeight/><Quantity>940.00</Quantity><UnitOfMeasure>מ"ל</UnitOfMeasure><QtyInPackage>לא ידוע</QtyInPackage><UnitOfMeasurePrice>0.0233</UnitOfMeasurePrice><AllowDiscount>1</AllowDiscount><ItemStatus>1</ItemStatus><ItemPrice>21.90</ItemPrice></item><item><PriceUpdateDate>2016-01-05 08:50:07</PriceUpdateDate><ItemCode>7290108200201</ItemCode><ItemType>1</ItemType><ItemName>מב וניש קליה גולד אב</ItemName><ManufacturerName>קליה</ManufacturerName><ManufactureCountry>איטליה</ManufactureCountry><ManufacturerItemDescription>מב וניש קליה גולד אב</ManufacturerItemDescription><SoldByWeight/><Quantity>1350.00</Quantity><UnitOfMeasure>גרם     </UnitOfMeasure><QtyInPackage>לא ידוע</QtyInPackage><UnitOfMeasurePrice>0.0221</UnitOfMeasurePrice><AllowDiscount>1</AllowDiscount><ItemStatus>1</ItemStatus><ItemPrice>29.90</ItemPrice></item><item><PriceUpdateDate>2016-03-01 06:55:10</PriceUpdateDate><ItemCode>7290108200225</ItemCode><ItemType>1</ItemType><ItemName>מב וניש קליה גולד אב</ItemName><ManufacturerName>קליה</ManufacturerName><ManufactureCountry>איטליה</ManufactureCountry><ManufacturerItemDescription>מב וניש קליה גולד אב</ManufacturerItemDescription><SoldByWeight/><Quantity>470.00</Quantity><UnitOfMeasure>גרם     </UnitOfMeasure><QtyInPackage>לא ידוע</QtyInPackage><UnitOfMeasurePrice>0.0317</UnitOfMeasurePrice><AllowDiscount>1</AllowDiscount><ItemStatus>1</ItemStatus><ItemPrice>14.90</ItemPrice></item><item><PriceUpdateDate>2016-03-01 06:55:10</PriceUpdateDate><ItemCode>7290108200232</ItemCode><ItemType>1</ItemType><ItemName>מב וניש קליה גולד אב</ItemName><ManufacturerName>קליה</ManufacturerName><ManufactureCountry>איטליה</ManufactureCountry><ManufacturerItemDescription>מב וניש קליה גולד אב</ManufacturerItemDescription><SoldByWeight/><Quantity>470.00</Quantity><UnitOfMeasure>גרם     </UnitOfMeasure><QtyInPackage>לא ידוע</QtyInPackage><UnitOfMeasurePrice>0.0317</UnitOfMeasurePrice><AllowDiscount>1</AllowDiscount><ItemStatus>1</ItemStatus><ItemPrice>14.90</ItemPrice></item><item><PriceUpdateDate>2016-05-01 21:47:19</PriceUpdateDate><ItemCode>7290108350128</ItemCode><ItemType>1</ItemType><ItemName>סנו סושי שקיות אשפה</ItemName><ManufacturerName>סנו סושי</ManufacturerName><ManufactureCountry>לא ידוע</ManufactureCountry><ManufacturerItemDescription>סנו סושי שקיות אשפה</ManufacturerItemDescription><SoldByWeight/><Quantity>40.00</Quantity><UnitOfMeasure>בודד</UnitOfMeasure><QtyInPackage>לא ידוע</QtyInPackage><UnitOfMeasurePrice>0.7475</UnitOfMeasurePrice><AllowDiscount>1</AllowDiscount><ItemStatus>1</ItemStatus><ItemPrice>29.90</ItemPrice></item><item><PriceUpdateDate>2016-03-01 06:55:10</PriceUpdateDate><ItemCode>7290108350531</ItemCode><ItemType>1</ItemType><ItemName>מב נוזל כלים סנו ספא</ItemName><ManufacturerName>ספארק</ManufacturerName><ManufactureCountry>ישראל</ManufactureCountry><ManufacturerItemDescription>מב נוזל כלים סנו ספא</ManufacturerItemDescription><SoldByWeight/><Quantity>1000.00</Quantity><UnitOfMeasure>מ"ל</UnitOfMeasure><QtyInPackage>לא ידוע</QtyInPackage><UnitOfMeasurePrice>0.0109</UnitOfMeasurePrice><AllowDiscount>1</AllowDiscount><ItemStatus>1</ItemStatus><ItemPrice>10.90</ItemPrice></item><item><PriceUpdateDate>2016-06-01 06:50:30</PriceUpdateDate><ItemCode>7290108350586</ItemCode><ItemType>1</ItemType><ItemName>נוזל כלים סנו ספארק</ItemName><ManufacturerName>ספארק</ManufacturerName><ManufactureCountry>ישראל</ManufactureCountry><ManufacturerItemDescription>נוזל כלים סנו ספארק</ManufacturerItemDescription><SoldByWeight/><Quantity>1500.00</Quantity><UnitOfMeasure>מ"ל</UnitOfMeasure><QtyInPackage>לא ידוע</QtyInPackage><UnitOfMeasurePrice>0.0119</UnitOfMeasurePrice><AllowDiscount>1</AllowDiscount><ItemStatus>1</ItemStatus><ItemPrice>17.90</ItemPrice></item><item><PriceUpdateDate>2016-05-30 22:05:26</PriceUpdateDate><ItemCode>7290108351040</ItemCode><ItemType>1</ItemType><ItemName>מקלות בישום סנו פרש</ItemName><ManufacturerName>סנו</ManufacturerName><ManufactureCountry>לא ידוע</ManufactureCountry><ManufacturerItemDescription>מקלות בישום סנו פרש</ManufacturerItemDescription><SoldByWeight/><Quantity>75.00</Quantity><UnitOfMeasure>מ"ל</UnitOfMeasure><QtyInPackage>לא ידוע</QtyInPackage><UnitOfMeasurePrice>0.2653</UnitOfMeasurePrice><AllowDiscount>1</AllowDiscount><ItemStatus>1</ItemStatus><ItemPrice>19.90</ItemPrice></item><item><PriceUpdateDate>2016-05-30 22:05:26</PriceUpdateDate><ItemCode>7290108351057</ItemCode><ItemType>1</ItemType><ItemName>מקלות בישום סנו פרש</ItemName><ManufacturerName>סנו</ManufacturerName><ManufactureCountry>לא ידוע</ManufactureCountry><ManufacturerItemDescription>מקלות בישום סנו פרש</ManufacturerItemDescription><SoldByWeight/><Quantity>75.00</Quantity><UnitOfMeasure>מ"ל</UnitOfMeasure><QtyInPackage>לא ידוע</QtyInPackage><UnitOfMeasurePrice>0.2653</UnitOfMeasurePrice><AllowDiscount>1</AllowDiscount><ItemStatus>1</ItemStatus><ItemPrice>19.90</ItemPrice></item><item><PriceUpdateDate>2016-05-30 22:05:26</PriceUpdateDate><ItemCode>7290108351064</ItemCode><ItemType>1</ItemType><ItemName>מקלות בישום סנו פרש</ItemName><ManufacturerName>סנו</ManufacturerName><ManufactureCountry>לא ידוע</ManufactureCountry><ManufacturerItemDescription>מקלות בישום סנו פרש</ManufacturerItemDescription><SoldByWeight/><Quantity>75.00</Quantity><UnitOfMeasure>מ"ל</UnitOfMeasure><QtyInPackage>לא ידוע</QtyInPackage><UnitOfMeasurePrice>0.2653</UnitOfMeasurePrice><AllowDiscount>1</AllowDiscount><ItemStatus>1</ItemStatus><ItemPrice>19.90</ItemPrice></item><item><PriceUpdateDate>2016-05-02 08:06:01</PriceUpdateDate><ItemCode>7290108355000</ItemCode><ItemType>1</ItemType><ItemName>מב שמפו נקה 7 קידס מ</ItemName><ManufacturerName>נקה 7</ManufacturerName><ManufactureCountry>לא ידוע</ManufactureCountry><ManufacturerItemDescription>מב שמפו נקה 7 קידס מ</ManufacturerItemDescription><SoldByWeight/><Quantity>750.00</Quantity><UnitOfMeasure>מ"ל</UnitOfMeasure><QtyInPackage>לא ידוע</QtyInPackage><UnitOfMeasurePrice>0.0159</UnitOfMeasurePrice><AllowDiscount>1</AllowDiscount><ItemStatus>1</ItemStatus><ItemPrice>11.90</ItemPrice></item><item><PriceUpdateDate>2016-05-02 08:06:01</PriceUpdateDate><ItemCode>7290108355017</ItemCode><ItemType>1</ItemType><ItemName>מב מרכך נקה 7 קידס מ</ItemName><ManufacturerName>נקה 7</ManufacturerName><ManufactureCountry>לא ידוע</ManufactureCountry><ManufacturerItemDescription>מב מרכך נקה 7 קידס מ</ManufacturerItemDescription><SoldByWeight/><Quantity>750.00</Quantity><UnitOfMeasure>מ"ל</UnitOfMeasure><QtyInPackage>לא ידוע</QtyInPackage><UnitOfMeasurePrice>0.0159</UnitOfMeasurePrice><AllowDiscount>1</AllowDiscount><ItemStatus>1</ItemStatus><ItemPrice>11.90</ItemPrice></item><item><PriceUpdateDate>2016-05-02 08:06:01</PriceUpdateDate><ItemCode>7290108355024</ItemCode><ItemType>1</ItemType><ItemName>מב שמפו+מרכך נקה 7 ק</ItemName><ManufacturerName>נקה 7</ManufacturerName><ManufactureCountry>לא ידוע</ManufactureCountry><ManufacturerItemDescription>מב שמפו+מרכך נקה 7 ק</ManufacturerItemDescription><SoldByWeight/><Quantity>750.00</Quantity><UnitOfMeasure>מ"ל</UnitOfMeasure><QtyInPackage>לא ידוע</QtyInPackage><UnitOfMeasurePrice>0.0159</UnitOfMeasurePrice><AllowDiscount>1</AllowDiscount><ItemStatus>1</ItemStatus><ItemPrice>11.90</ItemPrice></item><item><PriceUpdateDate>2016-05-02 08:06:01</PriceUpdateDate><ItemCode>7290108355031</ItemCode><ItemType>1</ItemType><ItemName>מב אל סבון נקה 7 קיד</ItemName><ManufacturerName>נקה 7</ManufacturerName><ManufactureCountry>לא ידוע</ManufactureCountry><ManufacturerItemDescription>מב אל סבון נקה 7 קיד</ManufacturerItemDescription><SoldByWeight/><Quantity>750.00</Quantity><UnitOfMeasure>מ"ל</UnitOfMeasure><QtyInPackage>לא ידוע</QtyInPackage><UnitOfMeasurePrice>0.0159</UnitOfMeasurePrice><AllowDiscount>1</AllowDiscount><ItemStatus>1</ItemStatus><ItemPrice>11.90</ItemPrice></item><item><PriceUpdateDate>2015-11-12 16:55:25</PriceUpdateDate><ItemCode>72909768</ItemCode><ItemType>1</ItemType><ItemName>פסק זמן 4PLAY</ItemName><ManufacturerName>עלית</ManufacturerName><ManufactureCountry>ישראל</ManufactureCountry><ManufacturerItemDescription>חטיף פסק זמן 40 PLAY גרם</ManufacturerItemDescription><SoldByWeight/><Quantity>100.00</Quantity><UnitOfMeasure>יח'</UnitOfMeasure><QtyInPackage>לא ידוע</QtyInPackage><UnitOfMeasurePrice>0.0570</UnitOfMeasurePrice><AllowDiscount>1</AllowDiscount><ItemStatus>1</ItemStatus><ItemPrice>5.70</ItemPrice></item><item><PriceUpdateDate>2015-07-29 09:41:21</PriceUpdateDate><ItemCode>7291067251913</ItemCode><ItemType>1</ItemType><ItemName>מסטיק מאסט צנצנת ריח</ItemName><ManufacturerName>מאסט</ManufacturerName><ManufactureCountry>לא ידוע</ManufactureCountry><ManufacturerItemDescription>מסטיק מאסט צנצנת ריח</ManufacturerItemDescription><SoldByWeight/><Quantity>66.00</Quantity><UnitOfMeasure>גרם     </UnitOfMeasure><QtyInPackage>לא ידוע</QtyInPackage><UnitOfMeasurePrice>0.1500</UnitOfMeasurePrice><AllowDiscount>1</AllowDiscount><ItemStatus>1</ItemStatus><ItemPrice>9.90</ItemPrice></item><item><PriceUpdateDate>2015-10-11 11:22:37</PriceUpdateDate><ItemCode>72917275</ItemCode><ItemType>1</ItemType><ItemName>חטיף טורטית 40 גרם</ItemName><ManufacturerName>עלית</ManufacturerName><ManufactureCountry>ישראל</ManufactureCountry><ManufacturerItemDescription>חטיף טורטית40 גר</ManufacturerItemDescription><SoldByWeight/><Quantity>40.00</Quantity><UnitOfMeasure>גרם     </UnitOfMeasure><QtyInPackage>לא ידוע</QtyInPackage><UnitOfMeasurePrice>0.1250</UnitOfMeasurePrice><AllowDiscount>1</AllowDiscount><ItemStatus>1</ItemStatus><ItemPrice>5.00</ItemPrice></item><item><PriceUpdateDate>2015-10-11 11:22:37</PriceUpdateDate><ItemCode>72917329</ItemCode><ItemType>1</ItemType><ItemName>חטיף אגוזי בודד 45 ג</ItemName><ManufacturerName>אגוזי</ManufacturerName><ManufactureCountry>ישראל</ManufactureCountry><ManufacturerItemDescription>חטיף אגוזי 45 גר</ManufacturerItemDescription><SoldByWeight/><Quantity>45.00</Quantity><UnitOfMeasure>גרם     </UnitOfMeasure><QtyInPackage>לא ידוע</QtyInPackage><UnitOfMeasurePrice>0.1111</UnitOfMeasurePrice><AllowDiscount>1</AllowDiscount><ItemStatus>1</ItemStatus><ItemPrice>5.00</ItemPrice></item><item><PriceUpdateDate>2015-10-11 11:22:37</PriceUpdateDate><ItemCode>72917367</ItemCode><ItemType>1</ItemType><ItemName>חטיף טעמי בודד 40 גר</ItemName><ManufacturerName>טעמי</ManufacturerName><ManufactureCountry>ישראל</ManufactureCountry><ManufacturerItemDescription>חטיף טעמי 40 גרם</ManufacturerItemDescription><SoldByWeight/><Quantity>40.00</Quantity><UnitOfMeasure>גרם     </UnitOfMeasure><QtyInPackage>לא ידוע</QtyInPackage><UnitOfMeasurePrice>0.1250</UnitOfMeasurePrice><AllowDiscount>1</AllowDiscount><ItemStatus>1</ItemStatus><ItemPrice>5.00</ItemPrice></item><item><PriceUpdateDate>2015-10-11 11:22:38</PriceUpdateDate><ItemCode>72917893</ItemCode><ItemType>1</ItemType><ItemName>פסק זמן חלב קלאסי 45</ItemName><ManufacturerName>עלית</ManufacturerName><ManufactureCountry>ישראל</ManufactureCountry><ManufacturerItemDescription>חטיף פסק זמן חלב45 גר</ManufacturerItemDescription><SoldByWeight/><Quantity>45.00</Quantity><UnitOfMeasure>גרם     </UnitOfMeasure><QtyInPackage>לא ידוע</QtyInPackage><UnitOfMeasurePrice>0.1356</UnitOfMeasurePrice><AllowDiscount>1</AllowDiscount><ItemStatus>1</ItemStatus><ItemPrice>6.10</ItemPrice></item><item><PriceUpdateDate>2015-10-11 11:22:38</PriceUpdateDate><ItemCode>72918388</ItemCode><ItemType>1</ItemType><ItemName>חטיף טויסט 28 גרם</ItemName><ManufacturerName>עלית</ManufacturerName><ManufactureCountry>ישראל</ManufactureCountry><ManufacturerItemDescription>חטיף טוויסט 28 גר</ManufacturerItemDescription><SoldByWeight/><Quantity>28.00</Quantity><UnitOfMeasure>גרם     </UnitOfMeasure><QtyInPackage>לא ידוע</QtyInPackage><UnitOfMeasurePrice>0.1786</UnitOfMeasurePrice><AllowDiscount>1</AllowDiscount><ItemStatus>1</ItemStatus><ItemPrice>5.00</ItemPrice></item><item><PriceUpdateDate>2015-09-30 23:37:40</PriceUpdateDate><ItemCode>72940754</ItemCode><ItemType>1</ItemType><ItemName>מעדן מילקי וניל 170</ItemName><ManufacturerName>מילקי</ManufacturerName><ManufactureCountry>ישראל</ManufactureCountry><ManufacturerItemDescription>מילקי וניל170 מל</ManufacturerItemDescription><SoldByWeight/><Quantity>170.00</Quantity><UnitOfMeasure>מ"ל</UnitOfMeasure><QtyInPackage>לא ידוע</QtyInPackage><UnitOfMeasurePrice>0.0165</UnitOfMeasurePrice><AllowDiscount>1</AllowDiscount><ItemStatus>1</ItemStatus><ItemPrice>2.80</ItemPrice></item><item><PriceUpdateDate>2015-09-30 23:37:40</PriceUpdateDate><ItemCode>72940761</ItemCode><ItemType>1</ItemType><ItemName>מעדן מילקי שוקו 170</ItemName><ManufacturerName>מילקי</ManufacturerName><ManufactureCountry>ישראל</ManufactureCountry><ManufacturerItemDescription>מילקי שוקו170 גר</ManufacturerItemDescription><SoldByWeight/><Quantity>170.00</Quantity><UnitOfMeasure>מ"ל</UnitOfMeasure><QtyInPackage>לא ידוע</QtyInPackage><UnitOfMeasurePrice>0.0165</UnitOfMeasurePrice><AllowDiscount>1</AllowDiscount><ItemStatus>1</ItemStatus><ItemPrice>2.80</ItemPrice></item><item><PriceUpdateDate>2015-10-20 16:43:50</PriceUpdateDate><ItemCode>72941041</ItemCode><ItemType>1</ItemType><ItemName>מיני מילקי שוקולד 70</ItemName><ManufacturerName>מילקי</ManufacturerName><ManufactureCountry>ישראל</ManufactureCountry><ManufacturerItemDescription>מיני מילקי שוקולד 70</ManufacturerItemDescription><SoldByWeight/><Quantity>70.00</Quantity><UnitOfMeasure>גרם     </UnitOfMeasure><QtyInPackage>לא ידוע</QtyInPackage><UnitOfMeasurePrice>0.0314</UnitOfMeasurePrice><AllowDiscount>1</AllowDiscount><ItemStatus>1</ItemStatus><ItemPrice>2.20</ItemPrice></item><item><PriceUpdateDate>2015-10-20 16:39:48</PriceUpdateDate><ItemCode>72945308</ItemCode><ItemType>1</ItemType><ItemName>שמרים לחים קוביות 50</ItemName><ManufacturerName>שמרית</ManufacturerName><ManufactureCountry>ישראל</ManufactureCountry><ManufacturerItemDescription>שמרים לחים 50 גר</ManufacturerItemDescription><SoldByWeight/><Quantity>14.00</Quantity><UnitOfMeasure>גרם     </UnitOfMeasure><QtyInPackage>לא ידוע</QtyInPackage><UnitOfMeasurePrice>0.2643</UnitOfMeasurePrice><AllowDiscount>1</AllowDiscount><ItemStatus>1</ItemStatus><ItemPrice>3.70</ItemPrice></item><item><PriceUpdateDate>2016-03-29 06:17:40</PriceUpdateDate><ItemCode>7296051094744</ItemCode><ItemType>1</ItemType><ItemName>צנצנת זכוכית מעוטרת</ItemName><ManufacturerName>לא ממותג</ManufacturerName><ManufactureCountry>ישראל</ManufactureCountry><ManufacturerItemDescription>צנצנת זכוכית מעוטרת</ManufacturerItemDescription><SoldByWeight/><Quantity>0.00</Quantity><UnitOfMeasure>0</UnitOfMeasure><QtyInPackage>לא ידוע</QtyInPackage><UnitOfMeasurePrice>0.0000</UnitOfMeasurePrice><AllowDiscount>1</AllowDiscount><ItemStatus>1</ItemStatus><ItemPrice>16.90</ItemPrice></item><item><PriceUpdateDate>2016-03-29 06:37:07</PriceUpdateDate><ItemCode>7296051095710</ItemCode><ItemType>1</ItemType><ItemName>מב קברט מפורצלן מעוצ</ItemName><ManufacturerName>לא ידוע</ManufacturerName><ManufactureCountry>לא ידוע</ManufactureCountry><ManufacturerItemDescription>מב קברט מפורצלן מעוצ</ManufacturerItemDescription><SoldByWeight/><Quantity>0.00</Quantity><UnitOfMeasure>0</UnitOfMeasure><QtyInPackage>לא ידוע</QtyInPackage><UnitOfMeasurePrice>0.0000</UnitOfMeasurePrice><AllowDiscount>1</AllowDiscount><ItemStatus>1</ItemStatus><ItemPrice>49.90</ItemPrice></item><item><PriceUpdateDate>2015-11-12 17:55:32</PriceUpdateDate><ItemCode>7296058000137</ItemCode><ItemType>1</ItemType><ItemName>פריכיות בטעם ברביקיו</ItemName><ManufacturerName>לא ממותג</ManufacturerName><ManufactureCountry>ישראל</ManufactureCountry><ManufacturerItemDescription>פריכיות בטעם ברביקיו</ManufacturerItemDescription><SoldByWeight/><Quantity>40.00</Quantity><UnitOfMeasure>גרם     </UnitOfMeasure><QtyInPackage>לא ידוע</QtyInPackage><UnitOfMeasurePrice>0.2450</UnitOfMeasurePrice><AllowDiscount>1</AllowDiscount><ItemStatus>1</ItemStatus><ItemPrice>9.80</ItemPrice></item><item><PriceUpdateDate>2015-11-12 17:55:32</PriceUpdateDate><ItemCode>7296058000304</ItemCode><ItemType>1</ItemType><ItemName>פריכיות בטעם תפוח קי</ItemName><ManufacturerName>פרח תעשיות מזון</ManufacturerName><ManufactureCountry>ישראל</ManufactureCountry><ManufacturerItemDescription>חטיפי פריכונים תפוח וקינמ</ManufacturerItemDescription><SoldByWeight/><Quantity>14.00</Quantity><UnitOfMeasure>גרם     </UnitOfMeasure><QtyInPackage>לא ידוע</QtyInPackage><UnitOfMeasurePrice>0.7000</UnitOfMeasurePrice><AllowDiscount>1</AllowDiscount><ItemStatus>1</ItemStatus><ItemPrice>9.80</ItemPrice></item><item><PriceUpdateDate>2015-11-12 17:55:32</PriceUpdateDate><ItemCode>7296058000311</ItemCode><ItemType>1</ItemType><ItemName>פריכיות בטעם זעתר בש</ItemName><ManufacturerName>פרח תעשיות מזון</ManufacturerName><ManufactureCountry>ישראל</ManufactureCountry><ManufacturerItemDescription>חטיפי פריכונים זעתר 40 גר</ManufacturerItemDescription><SoldByWeight/><Quantity>14.00</Quantity><UnitOfMeasure>גרם     </UnitOfMeasure><QtyInPackage>לא ידוע</QtyInPackage><UnitOfMeasurePrice>0.7000</UnitOfMeasurePrice><AllowDiscount>1</AllowDiscount><ItemStatus>1</ItemStatus><ItemPrice>9.80</ItemPrice></item><item><PriceUpdateDate>2015-11-12 17:55:32</PriceUpdateDate><ItemCode>7296058000366</ItemCode><ItemType>1</ItemType><ItemName>פריכיות דקות אורז מל</ItemName><ManufacturerName>פרח תעשיות מזון</ManufacturerName><ManufactureCountry>ישראל</ManufactureCountry><ManufacturerItemDescription>פריכיות אורז דקות ללא מלח</ManufacturerItemDescription><SoldByWeight/><Quantity>100.00</Quantity><UnitOfMeasure>גרם     </UnitOfMeasure><QtyInPackage>לא ידוע</QtyInPackage><UnitOfMeasurePrice>0.0930</UnitOfMeasurePrice><AllowDiscount>1</AllowDiscount><ItemStatus>1</ItemStatus><ItemPrice>9.30</ItemPrice></item><item><PriceUpdateDate>2015-11-12 17:55:32</PriceUpdateDate><ItemCode>7296058000373</ItemCode><ItemType>1</ItemType><ItemName>פריכיות אורז דקות 10</ItemName><ManufacturerName>פרח תעשיות מזון</ManufacturerName><ManufactureCountry>ישראל</ManufactureCountry><ManufacturerItemDescription>פריכיות אורז דקות 10</ManufacturerItemDescription><SoldByWeight/><Quantity>100.00</Quantity><UnitOfMeasure>גרם     </UnitOfMeasure><QtyInPackage>לא ידוע</QtyInPackage><UnitOfMeasurePrice>0.0930</UnitOfMeasurePrice><AllowDiscount>1</AllowDiscount><ItemStatus>1</ItemStatus><ItemPrice>9.30</ItemPrice></item><item><PriceUpdateDate>2015-10-11 08:15:38</PriceUpdateDate><ItemCode>7296082000035</ItemCode><ItemType>1</ItemType><ItemName>ביצה פלוס אריזת שש ב</ItemName><ManufacturerName>רמות השבים</ManufacturerName><ManufactureCountry>ישראל</ManufactureCountry><ManufacturerItemDescription>ביצה פלוס אריזת שש ב</ManufacturerItemDescription><SoldByWeight/><Quantity>0.00</Quantity><UnitOfMeasure>בודד</UnitOfMeasure><QtyInPackage>לא ידוע</QtyInPackage><UnitOfMeasurePrice>0.0000</UnitOfMeasurePrice><AllowDiscount>1</AllowDiscount><ItemStatus>1</ItemStatus><ItemPrice>14.90</ItemPrice></item><item><PriceUpdateDate>2015-10-11 08:15:39</PriceUpdateDate><ItemCode>7296082000080</ItemCode><ItemType>1</ItemType><ItemName>ביצים 12 יחידות ביצי</ItemName><ManufacturerName>רמות השבים</ManufacturerName><ManufactureCountry>ישראל</ManufactureCountry><ManufacturerItemDescription>ביצים 12 יחידות ביצי</ManufacturerItemDescription><SoldByWeight/><Quantity>12.00</Quantity><UnitOfMeasure>בודד</UnitOfMeasure><QtyInPackage>לא ידוע</QtyInPackage><UnitOfMeasurePrice>2.3333</UnitOfMeasurePrice><AllowDiscount>1</AllowDiscount><ItemStatus>1</ItemStatus><ItemPrice>28.00</ItemPrice></item><item><PriceUpdateDate>2016-02-11 09:34:59</PriceUpdateDate><ItemCode>7296082000127</ItemCode><ItemType>1</ItemType><ItemName>ביצים 12 יחידות גודל</ItemName><ManufacturerName>רמות השבים</ManufacturerName><ManufactureCountry>ישראל</ManufactureCountry><ManufacturerItemDescription>ביצים 12 יחידות גודל</ManufacturerItemDescription><SoldByWeight/><Quantity>12.00</Quantity><UnitOfMeasure>בודד</UnitOfMeasure><QtyInPackage>לא ידוע</QtyInPackage><UnitOfMeasurePrice>1.0417</UnitOfMeasurePrice><AllowDiscount>1</AllowDiscount><ItemStatus>1</ItemStatus><ItemPrice>12.50</ItemPrice></item><item><PriceUpdateDate>2016-02-11 09:34:59</PriceUpdateDate><ItemCode>7296082000134</ItemCode><ItemType>1</ItemType><ItemName>ביצים 12 יחידות גודל</ItemName><ManufacturerName>רמות השבים</ManufacturerName><ManufactureCountry>ישראל</ManufactureCountry><ManufacturerItemDescription>ביצים 12 יחידות גודל</ManufacturerItemDescription><SoldByWeight/><Quantity>14.00</Quantity><UnitOfMeasure>בודד</UnitOfMeasure><QtyInPackage>לא ידוע</QtyInPackage><UnitOfMeasurePrice>0.8179</UnitOfMeasurePrice><AllowDiscount>1</AllowDiscount><ItemStatus>1</ItemStatus><ItemPrice>11.45</ItemPrice></item><item><PriceUpdateDate>2016-02-11 09:34:59</PriceUpdateDate><ItemCode>7296082000141</ItemCode><ItemType>1</ItemType><ItemName>ביצים 12 יחידות גודל</ItemName><ManufacturerName>רמות השבים</ManufacturerName><ManufactureCountry>ישראל</ManufactureCountry><ManufacturerItemDescription>ביצים 12 יחידות גודל</ManufacturerItemDescription><SoldByWeight/><Quantity>12.00</Quantity><UnitOfMeasure>בודד</UnitOfMeasure><QtyInPackage>לא ידוע</QtyInPackage><UnitOfMeasurePrice>0.8792</UnitOfMeasurePrice><AllowDiscount>1</AllowDiscount><ItemStatus>1</ItemStatus><ItemPrice>10.55</ItemPrice></item><item><PriceUpdateDate>2015-10-11 08:15:39</PriceUpdateDate><ItemCode>7296082000165</ItemCode><ItemType>1</ItemType><ItemName>ביצים 12 יחידות אורג</ItemName><ManufacturerName>רמות השבים</ManufacturerName><ManufactureCountry>ישראל</ManufactureCountry><ManufacturerItemDescription>ביצים 12 יחידות אורג</ManufacturerItemDescription><SoldByWeight/><Quantity>12.00</Quantity><UnitOfMeasure>יח'</UnitOfMeasure><QtyInPackage>לא ידוע</QtyInPackage><UnitOfMeasurePrice>2.4167</UnitOfMeasurePrice><AllowDiscount>1</AllowDiscount><ItemStatus>1</ItemStatus><ItemPrice>29.00</ItemPrice></item><item><PriceUpdateDate>2014-11-03 06:37:44</PriceUpdateDate><ItemCode>7296101064727</ItemCode><ItemType>1</ItemType><ItemName>מב.ראש אובלית/י.מדור</ItemName><ManufacturerName>עידן</ManufacturerName><ManufactureCountry>ישראל</ManufactureCountry><ManufacturerItemDescription>מב.ראש אובלית/י.מדור</ManufacturerItemDescription><SoldByWeight/><Quantity>0.00</Quantity><UnitOfMeasure>יח'</UnitOfMeasure><QtyInPackage>לא ידוע</QtyInPackage><UnitOfMeasurePrice>0.0000</UnitOfMeasurePrice><AllowDiscount>1</AllowDiscount><ItemStatus>1</ItemStatus><ItemPrice>20.00</ItemPrice></item><item><PriceUpdateDate>2015-10-11 12:50:01</PriceUpdateDate><ItemCode>72961506</ItemCode><ItemType>1</ItemType><ItemName>פרילי תות 125 גרם</ItemName><ManufacturerName>פרילי</ManufacturerName><ManufactureCountry>ישראל</ManufactureCountry><ManufacturerItemDescription>פרילי תות בגביע125 גר</ManufacturerItemDescription><SoldByWeight/><Quantity>125.00</Quantity><UnitOfMeasure>גרם     </UnitOfMeasure><QtyInPackage>לא ידוע</QtyInPackage><UnitOfMeasurePrice>0.0296</UnitOfMeasurePrice><AllowDiscount>1</AllowDiscount><ItemStatus>1</ItemStatus><ItemPrice>3.70</ItemPrice></item><item><PriceUpdateDate>2015-10-11 12:50:02</PriceUpdateDate><ItemCode>72961513</ItemCode><ItemType>1</ItemType><ItemName>פרילי משמש 125 גרם</ItemName><ManufacturerName>פרילי</ManufacturerName><ManufactureCountry>ישראל</ManufactureCountry><ManufacturerItemDescription>פרילי משמש 125 גרם</ManufacturerItemDescription><SoldByWeight/><Quantity>125.00</Quantity><UnitOfMeasure>גרם     </UnitOfMeasure><QtyInPackage>לא ידוע</QtyInPackage><UnitOfMeasurePrice>0.0296</UnitOfMeasurePrice><AllowDiscount>1</AllowDiscount><ItemStatus>1</ItemStatus><ItemPrice>3.70</ItemPrice></item><item><PriceUpdateDate>2015-10-11 12:50:02</PriceUpdateDate><ItemCode>72961520</ItemCode><ItemType>1</ItemType><ItemName>פרילי אננס 125 גרם</ItemName><ManufacturerName>פרילי</ManufacturerName><ManufactureCountry>ישראל</ManufactureCountry><ManufacturerItemDescription>פרילי אננס בגביע125 מל</ManufacturerItemDescription><SoldByWeight/><Quantity>125.00</Quantity><UnitOfMeasure>גרם     </UnitOfMeasure><QtyInPackage>לא ידוע</QtyInPackage><UnitOfMeasurePrice>0.0296</UnitOfMeasurePrice><AllowDiscount>1</AllowDiscount><ItemStatus>1</ItemStatus><ItemPrice>3.70</ItemPrice></item><item><PriceUpdateDate>2016-03-14 06:45:20</PriceUpdateDate><ItemCode>72961544</ItemCode><ItemType>1</ItemType><ItemName>מעדן באדי תות 125 גר</ItemName><ManufacturerName>באדי</ManufacturerName><ManufactureCountry>ישראל</ManufactureCountry><ManufacturerItemDescription>באדי תות125 מל</ManufacturerItemDescription><SoldByWeight/><Quantity>125.00</Quantity><UnitOfMeasure>גרם     </UnitOfMeasure><QtyInPackage>לא ידוע</QtyInPackage><UnitOfMeasurePrice>0.0216</UnitOfMeasurePrice><AllowDiscount>1</AllowDiscount><ItemStatus>1</ItemStatus><ItemPrice>2.70</ItemPrice></item><item><PriceUpdateDate>2016-02-11 09:32:36</PriceUpdateDate><ItemCode>72963104</ItemCode><ItemType>1</ItemType><ItemName>חמאה 100 גרם</ItemName><ManufacturerName>חמאת תנובה</ManufacturerName><ManufactureCountry>ישראל</ManufactureCountry><ManufacturerItemDescription>חמאה 100 גרם פיקוח</ManufacturerItemDescription><SoldByWeight/><Quantity>100.00</Quantity><UnitOfMeasure>גרם     </UnitOfMeasure><QtyInPackage>לא ידוע</QtyInPackage><UnitOfMeasurePrice>0.0380</UnitOfMeasurePrice><AllowDiscount>1</AllowDiscount><ItemStatus>1</ItemStatus><ItemPrice>3.80</ItemPrice></item><item><PriceUpdateDate>2014-11-03 06:36:55</PriceUpdateDate><ItemCode>72963753</ItemCode><ItemType>1</ItemType><ItemName>שמנת של פעם 200 מ"ל</ItemName><ManufacturerName>חלב תנובה</ManufacturerName><ManufactureCountry>ישראל</ManufactureCountry><ManufacturerItemDescription>שמנת של פעם200 מל</ManufacturerItemDescription><SoldByWeight/><Quantity>200.00</Quantity><UnitOfMeasure>מ"ל</UnitOfMeasure><QtyInPackage>לא ידוע</QtyInPackage><UnitOfMeasurePrice>0.0210</UnitOfMeasurePrice><AllowDiscount>1</AllowDiscount><ItemStatus>1</ItemStatus><ItemPrice>4.20</ItemPrice></item><item><PriceUpdateDate>2015-10-20 16:43:01</PriceUpdateDate><ItemCode>72964132</ItemCode><ItemType>1</ItemType><ItemName>פרילי טבע 200 מ''ל</ItemName><ManufacturerName>פרילי</ManufacturerName><ManufactureCountry>ישראל</ManufactureCountry><ManufacturerItemDescription>טבעגורט-יוגורט עם גרנולה2</ManufacturerItemDescription><SoldByWeight/><Quantity>200.00</Quantity><UnitOfMeasure>מ"ל</UnitOfMeasure><QtyInPackage>לא ידוע</QtyInPackage><UnitOfMeasurePrice>0.0265</UnitOfMeasurePrice><AllowDiscount>1</AllowDiscount><ItemStatus>1</ItemStatus><ItemPrice>5.30</ItemPrice></item><item><PriceUpdateDate>2015-10-11 12:50:02</PriceUpdateDate><ItemCode>72964422</ItemCode><ItemType>1</ItemType><ItemName>יוגורט 200 מ"ל</ItemName><ManufacturerName>חלב תנובה</ManufacturerName><ManufactureCountry>ישראל</ManufactureCountry><ManufacturerItemDescription>יוגורט200-4% מל</ManufacturerItemDescription><SoldByWeight/><Quantity>200.00</Quantity><UnitOfMeasure>מ"ל</UnitOfMeasure><QtyInPackage>לא ידוע</QtyInPackage><UnitOfMeasurePrice>0.0145</UnitOfMeasurePrice><AllowDiscount>1</AllowDiscount><ItemStatus>1</ItemStatus><ItemPrice>2.90</ItemPrice></item><item><PriceUpdateDate>2015-10-20 16:43:50</PriceUpdateDate><ItemCode>72982457</ItemCode><ItemType>1</ItemType><ItemName>מילקי קל שוקו 137 גר</ItemName><ManufacturerName>מילקי</ManufacturerName><ManufactureCountry>ישראל</ManufactureCountry><ManufacturerItemDescription>מילקיקל שוקולד 170-3% מל</ManufacturerItemDescription><SoldByWeight/><Quantity>137.00</Quantity><UnitOfMeasure>גרם     </UnitOfMeasure><QtyInPackage>לא ידוע</QtyInPackage><UnitOfMeasurePrice>0.0307</UnitOfMeasurePrice><AllowDiscount>1</AllowDiscount><ItemStatus>1</ItemStatus><ItemPrice>4.20</ItemPrice></item><item><PriceUpdateDate>2016-05-03 11:47:51</PriceUpdateDate><ItemCode>72983416</ItemCode><ItemType>1</ItemType><ItemName>ס.אל אם בלו ארוך בוק</ItemName><ManufacturerName>אל אם</ManufacturerName><ManufactureCountry>ארצות הברית</ManufactureCountry><ManufacturerItemDescription>סיגריות L.M בלו לייבל ארו</ManufacturerItemDescription><SoldByWeight/><Quantity>0.00</Quantity><UnitOfMeasure>יח'</UnitOfMeasure><QtyInPackage>לא ידוע</QtyInPackage><UnitOfMeasurePrice>0.0000</UnitOfMeasurePrice><AllowDiscount>1</AllowDiscount><ItemStatus>1</ItemStatus><ItemPrice>32.00</ItemPrice></item><item><PriceUpdateDate>2015-07-02 09:29:10</PriceUpdateDate><ItemCode>72983997</ItemCode><ItemType>1</ItemType><ItemName>ס.גולף גולד ארוך פ.ע</ItemName><ManufacturerName>גולף</ManufacturerName><ManufactureCountry>ישראל</ManufactureCountry><ManufacturerItemDescription>סיגריות גולף גולד</ManufacturerItemDescription><SoldByWeight/><Quantity>0.00</Quantity><UnitOfMeasure>יח'</UnitOfMeasure><QtyInPackage>לא ידוע</QtyInPackage><UnitOfMeasurePrice>0.0000</UnitOfMeasurePrice><AllowDiscount>1</AllowDiscount><ItemStatus>1</ItemStatus><ItemPrice>31.00</ItemPrice></item><item><PriceUpdateDate>2016-03-14 06:45:20</PriceUpdateDate><ItemCode>72986233</ItemCode><ItemType>1</ItemType><ItemName>מעדן באדי וניל מהדרי</ItemName><ManufacturerName>באדי</ManufacturerName><ManufactureCountry>ישראל</ManufactureCountry><ManufacturerItemDescription>מעדן באדי וניל מהדרי</ManufacturerItemDescription><SoldByWeight/><Quantity>125.00</Quantity><UnitOfMeasure>גרם     </UnitOfMeasure><QtyInPackage>לא ידוע</QtyInPackage><UnitOfMeasurePrice>0.0216</UnitOfMeasurePrice><AllowDiscount>1</AllowDiscount><ItemStatus>1</ItemStatus><ItemPrice>2.70</ItemPrice></item><item><PriceUpdateDate>2016-03-14 06:45:20</PriceUpdateDate><ItemCode>72986240</ItemCode><ItemType>1</ItemType><ItemName>מעדן באדי שוקו מהדרי</ItemName><ManufacturerName>באדי</ManufacturerName><ManufactureCountry>ישראל</ManufactureCountry><ManufacturerItemDescription>מעדן באדי שוקו מהדרי</ManufacturerItemDescription><SoldByWeight/><Quantity>125.00</Quantity><UnitOfMeasure>גרם     </UnitOfMeasure><QtyInPackage>לא ידוע</QtyInPackage><UnitOfMeasurePrice>0.0216</UnitOfMeasurePrice><AllowDiscount>1</AllowDiscount><ItemStatus>1</ItemStatus><ItemPrice>2.70</ItemPrice></item><item><PriceUpdateDate>2016-05-02 08:05:36</PriceUpdateDate><ItemCode>72986370</ItemCode><ItemType>1</ItemType><ItemName>גלידה וניל צרפתי 500</ItemName><ManufacturerName>בן&amp;גריס</ManufacturerName><ManufactureCountry>ישראל</ManufactureCountry><ManufacturerItemDescription>גלידה וניל צרפתי 500 מל</ManufacturerItemDescription><SoldByWeight/><Quantity>500.00</Quantity><UnitOfMeasure>מ"ל</UnitOfMeasure><QtyInPackage>לא ידוע</QtyInPackage><UnitOfMeasurePrice>0.0398</UnitOfMeasurePrice><AllowDiscount>1</AllowDiscount><ItemStatus>1</ItemStatus><ItemPrice>19.90</ItemPrice></item><item><PriceUpdateDate>2016-05-02 08:05:36</PriceUpdateDate><ItemCode>72986424</ItemCode><ItemType>1</ItemType><ItemName>גלידה וקרם עוגיות 50</ItemName><ManufacturerName>בן&amp;גריס</ManufacturerName><ManufactureCountry>ישראל</ManufactureCountry><ManufacturerItemDescription>גלידה קרם עוגיות 500 מל</ManufacturerItemDescription><SoldByWeight/><Quantity>500.00</Quantity><UnitOfMeasure>מ"ל</UnitOfMeasure><QtyInPackage>לא ידוע</QtyInPackage><UnitOfMeasurePrice>0.0398</UnitOfMeasurePrice><AllowDiscount>1</AllowDiscount><ItemStatus>1</ItemStatus><ItemPrice>19.90</ItemPrice></item><item><PriceUpdateDate>2016-05-02 08:05:36</PriceUpdateDate><ItemCode>72986448</ItemCode><ItemType>1</ItemType><ItemName>גלידה טופי קראנץ 500</ItemName><ManufacturerName>בן&amp;גריס</ManufacturerName><ManufactureCountry>ישראל</ManufactureCountry><ManufacturerItemDescription>גלידת טופי קראנץ500 מל</ManufacturerItemDescription><SoldByWeight/><Quantity>500.00</Quantity><UnitOfMeasure>מ"ל</UnitOfMeasure><QtyInPackage>לא ידוע</QtyInPackage><UnitOfMeasurePrice>0.0398</UnitOfMeasurePrice><AllowDiscount>1</AllowDiscount><ItemStatus>1</ItemStatus><ItemPrice>19.90</ItemPrice></item><item><PriceUpdateDate>2016-05-02 08:05:36</PriceUpdateDate><ItemCode>72986455</ItemCode><ItemType>1</ItemType><ItemName>גלידה ניו יורק 500 מ</ItemName><ManufacturerName>בן&amp;גריס</ManufacturerName><ManufactureCountry>ישראל</ManufactureCountry><ManufacturerItemDescription>גלידה ניו יורק סופר 500 מ</ManufacturerItemDescription><SoldByWeight/><Quantity>500.00</Quantity><UnitOfMeasure>מ"ל</UnitOfMeasure><QtyInPackage>לא ידוע</QtyInPackage><UnitOfMeasurePrice>0.0398</UnitOfMeasurePrice><AllowDiscount>1</AllowDiscount><ItemStatus>1</ItemStatus><ItemPrice>19.90</ItemPrice></item><item><PriceUpdateDate>2016-05-02 08:05:36</PriceUpdateDate><ItemCode>72986479</ItemCode><ItemType>1</ItemType><ItemName>גלידה צאנקי מנקי 500</ItemName><ManufacturerName>בן&amp;גריס</ManufacturerName><ManufactureCountry>ישראל</ManufactureCountry><ManufacturerItemDescription>גלידה צינקי מונקי 500 מל</ManufacturerItemDescription><SoldByWeight/><Quantity>500.00</Quantity><UnitOfMeasure>מ"ל</UnitOfMeasure><QtyInPackage>לא ידוע</QtyInPackage><UnitOfMeasurePrice>0.0398</UnitOfMeasurePrice><AllowDiscount>1</AllowDiscount><ItemStatus>1</ItemStatus><ItemPrice>19.90</ItemPrice></item><item><PriceUpdateDate>2016-05-02 08:05:36</PriceUpdateDate><ItemCode>72989425</ItemCode><ItemType>1</ItemType><ItemName>גלידה ספשייל בראוניס</ItemName><ManufacturerName>בן&amp;גריס</ManufacturerName><ManufactureCountry>ישראל</ManufactureCountry><ManufacturerItemDescription>גלידה בראוניס ספיישל 500</ManufacturerItemDescription><SoldByWeight/><Quantity>500.00</Quantity><UnitOfMeasure>מ"ל</UnitOfMeasure><QtyInPackage>לא ידוע</QtyInPackage><UnitOfMeasurePrice>0.0398</UnitOfMeasurePrice><AllowDiscount>1</AllowDiscount><ItemStatus>1</ItemStatus><ItemPrice>19.90</ItemPrice></item><item><PriceUpdateDate>2015-07-02 09:29:10</PriceUpdateDate><ItemCode>72991374</ItemCode><ItemType>1</ItemType><ItemName>ס.טיים רד בודד</ItemName><ManufacturerName>טיים</ManufacturerName><ManufactureCountry>ישראל</ManufactureCountry><ManufacturerItemDescription>סיגריות טיים רד בודד</ManufacturerItemDescription><SoldByWeight/><Quantity>0.00</Quantity><UnitOfMeasure>יח'</UnitOfMeasure><QtyInPackage>לא ידוע</QtyInPackage><UnitOfMeasurePrice>0.0000</UnitOfMeasurePrice><AllowDiscount>1</AllowDiscount><ItemStatus>1</ItemStatus><ItemPrice>29.00</ItemPrice></item><item><PriceUpdateDate>2015-07-02 09:29:10</PriceUpdateDate><ItemCode>72991398</ItemCode><ItemType>1</ItemType><ItemName>ס.טיים בלו בודד</ItemName><ManufacturerName>טיים</ManufacturerName><ManufactureCountry>ישראל</ManufactureCountry><ManufacturerItemDescription>סיגריות טיים  BLUE בודד</ManufacturerItemDescription><SoldByWeight/><Quantity>0.00</Quantity><UnitOfMeasure>יח'</UnitOfMeasure><QtyInPackage>לא ידוע</QtyInPackage><UnitOfMeasurePrice>0.0000</UnitOfMeasurePrice><AllowDiscount>1</AllowDiscount><ItemStatus>1</ItemStatus><ItemPrice>29.00</ItemPrice></item><item><PriceUpdateDate>2015-07-02 09:29:10</PriceUpdateDate><ItemCode>72991404</ItemCode><ItemType>1</ItemType><ItemName>ס.אירופה בודד</ItemName><ManufacturerName>אירופה</ManufacturerName><ManufactureCountry>ישראל</ManufactureCountry><ManufacturerItemDescription>סיגריות אירופה בודד</ManufacturerItemDescription><SoldByWeight/><Quantity>0.00</Quantity><UnitOfMeasure>יח'</UnitOfMeasure><QtyInPackage>לא ידוע</QtyInPackage><UnitOfMeasurePrice>0.0000</UnitOfMeasurePrice><AllowDiscount>1</AllowDiscount><ItemStatus>1</ItemStatus><ItemPrice>29.00</ItemPrice></item><item><PriceUpdateDate>2015-07-02 09:29:10</PriceUpdateDate><ItemCode>72991466</ItemCode><ItemType>1</ItemType><ItemName>ס.גולף גולד ארוך בוד</ItemName><ManufacturerName>גולף</ManufacturerName><ManufactureCountry>ישראל</ManufactureCountry><ManufacturerItemDescription>סיגריות גולף גולד 100 בוד</ManufacturerItemDescription><SoldByWeight/><Quantity>0.00</Quantity><UnitOfMeasure>יח'</UnitOfMeasure><QtyInPackage>לא ידוע</QtyInPackage><UnitOfMeasurePrice>0.0000</UnitOfMeasurePrice><AllowDiscount>1</AllowDiscount><ItemStatus>1</ItemStatus><ItemPrice>31.00</ItemPrice></item><item><PriceUpdateDate>2015-07-02 09:29:10</PriceUpdateDate><ItemCode>72991497</ItemCode><ItemType>1</ItemType><ItemName>ס.נובלס פילטר בודד</ItemName><ManufacturerName>נובלס</ManufacturerName><ManufactureCountry>ישראל</ManufactureCountry><ManufacturerItemDescription>סיגריות נובלס פילטר בודד</ManufacturerItemDescription><SoldByWeight/><Quantity>0.00</Quantity><UnitOfMeasure>יח'</UnitOfMeasure><QtyInPackage>לא ידוע</QtyInPackage><UnitOfMeasurePrice>0.0000</UnitOfMeasurePrice><AllowDiscount>1</AllowDiscount><ItemStatus>1</ItemStatus><ItemPrice>29.00</ItemPrice></item><item><PriceUpdateDate>2015-07-02 09:29:10</PriceUpdateDate><ItemCode>72991510</ItemCode><ItemType>1</ItemType><ItemName>ס.מונטנה פילטר בודד</ItemName><ManufacturerName>מונטנה</ManufacturerName><ManufactureCountry>ישראל</ManufactureCountry><ManufacturerItemDescription>סיגריות מונטנה פילטר בודד</ManufacturerItemDescription><SoldByWeight/><Quantity>0.00</Quantity><UnitOfMeasure>יח'</UnitOfMeasure><QtyInPackage>לא ידוע</QtyInPackage><UnitOfMeasurePrice>0.0000</UnitOfMeasurePrice><AllowDiscount>1</AllowDiscount><ItemStatus>1</ItemStatus><ItemPrice>31.00</ItemPrice></item><item><PriceUpdateDate>2016-05-02 08:05:36</PriceUpdateDate><ItemCode>72991886</ItemCode><ItemType>1</ItemType><ItemName>גלידהריבת חלב 500 מ"</ItemName><ManufacturerName>בן&amp;גריס</ManufacturerName><ManufactureCountry>ישראל</ManufactureCountry><ManufacturerItemDescription>גלידת ריבת חלב500  מל</ManufacturerItemDescription><SoldByWeight/><Quantity>500.00</Quantity><UnitOfMeasure>מ"ל</UnitOfMeasure><QtyInPackage>לא ידוע</QtyInPackage><UnitOfMeasurePrice>0.0398</UnitOfMeasurePrice><AllowDiscount>1</AllowDiscount><ItemStatus>1</ItemStatus><ItemPrice>19.90</ItemPrice></item><item><PriceUpdateDate>2016-05-03 11:47:51</PriceUpdateDate><ItemCode>72993477</ItemCode><ItemType>1</ItemType><ItemName>ס.אל אם סלימס בודד</ItemName><ManufacturerName>אל אם</ManufacturerName><ManufactureCountry>ארצות הברית</ManufactureCountry><ManufacturerItemDescription>סיגריות L.M וייב סלימס בו</ManufacturerItemDescription><SoldByWeight/><Quantity>0.00</Quantity><UnitOfMeasure>יח'</UnitOfMeasure><QtyInPackage>לא ידוע</QtyInPackage><UnitOfMeasurePrice>0.0000</UnitOfMeasurePrice><AllowDiscount>1</AllowDiscount><ItemStatus>1</ItemStatus><ItemPrice>32.00</ItemPrice></item><item><PriceUpdateDate>2015-10-11 18:10:39</PriceUpdateDate><ItemCode>72993637</ItemCode><ItemType>1</ItemType><ItemName>מעדן דני 125 גרם</ItemName><ManufacturerName>דני</ManufacturerName><ManufactureCountry>ישראל</ManufactureCountry><ManufacturerItemDescription>מעדן דני שוקולד 125 גרם</ManufacturerItemDescription><SoldByWeight/><Quantity>125.00</Quantity><UnitOfMeasure>מ"ל</UnitOfMeasure><QtyInPackage>לא ידוע</QtyInPackage><UnitOfMeasurePrice>0.0216</UnitOfMeasurePrice><AllowDiscount>1</AllowDiscount><ItemStatus>1</ItemStatus><ItemPrice>2.70</ItemPrice></item><item><PriceUpdateDate>2016-05-03 11:47:51</PriceUpdateDate><ItemCode>72993927</ItemCode><ItemType>1</ItemType><ItemName>ס.נקסט 100 בודד</ItemName><ManufacturerName>נקסט-סיגריות</ManufacturerName><ManufactureCountry>ארצות הברית</ManufactureCountry><ManufacturerItemDescription>סיגריות נקסט ארוך בודד</ManufacturerItemDescription><SoldByWeight/><Quantity>0.00</Quantity><UnitOfMeasure>יח'</UnitOfMeasure><QtyInPackage>לא ידוע</QtyInPackage><UnitOfMeasurePrice>0.0000</UnitOfMeasurePrice><AllowDiscount>1</AllowDiscount><ItemStatus>1</ItemStatus><ItemPrice>29.00</ItemPrice></item><item><PriceUpdateDate>2016-05-03 11:47:51</PriceUpdateDate><ItemCode>72994214</ItemCode><ItemType>1</ItemType><ItemName>ס.אל אם פורוורד בודד</ItemName><ManufacturerName>אל אם</ManufacturerName><ManufactureCountry>ארצות הברית</ManufactureCountry><ManufacturerItemDescription>סיגריות L.M פורוורד</ManufacturerItemDescription><SoldByWeight/><Quantity>0.00</Quantity><UnitOfMeasure>יח'</UnitOfMeasure><QtyInPackage>לא ידוע</QtyInPackage><UnitOfMeasurePrice>0.0000</UnitOfMeasurePrice><AllowDiscount>1</AllowDiscount><ItemStatus>1</ItemStatus><ItemPrice>32.00</ItemPrice></item><item><PriceUpdateDate>2016-05-03 11:47:51</PriceUpdateDate><ItemCode>72994252</ItemCode><ItemType>1</ItemType><ItemName>ס.נקסט לילך בודד</ItemName><ManufacturerName>נקסט-סיגריות</ManufacturerName><ManufactureCountry>ארצות הברית</ManufactureCountry><ManufacturerItemDescription>סיגריות נקסט לילך בודד</ManufacturerItemDescription><SoldByWeight/><Quantity>0.00</Quantity><UnitOfMeasure>יח'</UnitOfMeasure><QtyInPackage>לא ידוע</QtyInPackage><UnitOfMeasurePrice>0.0000</UnitOfMeasurePrice><AllowDiscount>1</AllowDiscount><ItemStatus>1</ItemStatus><ItemPrice>29.00</ItemPrice></item><item><PriceUpdateDate>2016-05-03 11:47:51</PriceUpdateDate><ItemCode>72994269</ItemCode><ItemType>1</ItemType><ItemName>ס.מרלבורו גולד טאצ'</ItemName><ManufacturerName>מרלבורו</ManufacturerName><ManufactureCountry>ארצות הברית</ManufactureCountry><ManufacturerItemDescription>סיגריות מרלבורו טאצ גולד</ManufacturerItemDescription><SoldByWeight/><Quantity>1.00</Quantity><UnitOfMeasure>יח'</UnitOfMeasure><QtyInPackage>לא ידוע</QtyInPackage><UnitOfMeasurePrice>34.0000</UnitOfMeasurePrice><AllowDiscount>1</AllowDiscount><ItemStatus>1</ItemStatus><ItemPrice>34.00</ItemPrice></item><item><PriceUpdateDate>2016-05-03 11:47:51</PriceUpdateDate><ItemCode>72994276</ItemCode><ItemType>1</ItemType><ItemName>ס.מרלבורו פיין טאצ'</ItemName><ManufacturerName>מרלבורו</ManufacturerName><ManufactureCountry>ארצות הברית</ManufactureCountry><ManufacturerItemDescription>סיגריות מרלבורו טאצ סילבר</ManufacturerItemDescription><SoldByWeight/><Quantity>0.00</Quantity><UnitOfMeasure>יח'</UnitOfMeasure><QtyInPackage>לא ידוע</QtyInPackage><UnitOfMeasurePrice>0.0000</UnitOfMeasurePrice><AllowDiscount>1</AllowDiscount><ItemStatus>1</ItemStatus><ItemPrice>34.00</ItemPrice></item><item><PriceUpdateDate>2015-07-02 09:29:10</PriceUpdateDate><ItemCode>72994313</ItemCode><ItemType>1</ItemType><ItemName>ס.רויאל כחול בודד</ItemName><ManufacturerName>לא ממותג</ManufacturerName><ManufactureCountry>ישראל</ManufactureCountry><ManufacturerItemDescription>סיגריות רויאל כחול בודד</ManufacturerItemDescription><SoldByWeight/><Quantity>0.00</Quantity><UnitOfMeasure>יח'</UnitOfMeasure><QtyInPackage>לא ידוע</QtyInPackage><UnitOfMeasurePrice>0.0000</UnitOfMeasurePrice><AllowDiscount>1</AllowDiscount><ItemStatus>1</ItemStatus><ItemPrice>24.00</ItemPrice></item><item><PriceUpdateDate>2016-05-02 08:06:03</PriceUpdateDate><ItemCode>7501064191466</ItemCode><ItemType>1</ItemType><ItemName>מב בירה קורונה שישיי</ItemName><ManufacturerName>קורונה</ManufacturerName><ManufactureCountry>ישראל</ManufactureCountry><ManufacturerItemDescription>שישית בירה קורונה אקסטרא</ManufacturerItemDescription><SoldByWeight/><Quantity>2130.00</Quantity><UnitOfMeasure>מ"ל</UnitOfMeasure><QtyInPackage>לא ידוע</QtyInPackage><UnitOfMeasurePrice>0.0187</UnitOfMeasurePrice><AllowDiscount>1</AllowDiscount><ItemStatus>1</ItemStatus><ItemPrice>39.90</ItemPrice></item><item><PriceUpdateDate>2016-05-30 22:05:29</PriceUpdateDate><ItemCode>7610243004463</ItemCode><ItemType>1</ItemType><ItemName>מסיר אבן דורגול מרסס</ItemName><ManufacturerName>דורגול</ManufacturerName><ManufactureCountry>ישראל</ManufactureCountry><ManufacturerItemDescription>מסיר אבן דורגול מרסס</ManufacturerItemDescription><SoldByWeight/><Quantity>500.00</Quantity><UnitOfMeasure>מ"ל</UnitOfMeasure><QtyInPackage>לא ידוע</QtyInPackage><UnitOfMeasurePrice>0.0490</UnitOfMeasurePrice><AllowDiscount>1</AllowDiscount><ItemStatus>1</ItemStatus><ItemPrice>24.50</ItemPrice></item><item><PriceUpdateDate>2016-03-01 06:44:14</PriceUpdateDate><ItemCode>7610400014649</ItemCode><ItemType>1</ItemType><ItemName>שוקולד לינדור חלב בו</ItemName><ManufacturerName>לינדור</ManufacturerName><ManufactureCountry>ישראל</ManufactureCountry><ManufacturerItemDescription>שוקולד לינדור חלב 100 גר</ManufacturerItemDescription><SoldByWeight/><Quantity>100.00</Quantity><UnitOfMeasure>גרם     </UnitOfMeasure><QtyInPackage>לא ידוע</QtyInPackage><UnitOfMeasurePrice>0.1800</UnitOfMeasurePrice><AllowDiscount>1</AllowDiscount><ItemStatus>1</ItemStatus><ItemPrice>18.00</ItemPrice></item><item><PriceUpdateDate>2016-05-01 21:47:22</PriceUpdateDate><ItemCode>7610400068505</ItemCode><ItemType>1</ItemType><ItemName>בונבוניירה לינדור חל</ItemName><ManufacturerName>לינדט</ManufacturerName><ManufactureCountry>ישראל</ManufactureCountry><ManufacturerItemDescription>בונבונירה לינדור מילק 200</ManufacturerItemDescription><SoldByWeight/><Quantity>200.00</Quantity><UnitOfMeasure>גרם     </UnitOfMeasure><QtyInPackage>לא ידוע</QtyInPackage><UnitOfMeasurePrice>0.1645</UnitOfMeasurePrice><AllowDiscount>1</AllowDiscount><ItemStatus>1</ItemStatus><ItemPrice>32.90</ItemPrice></item><item><PriceUpdateDate>2016-05-30 22:05:29</PriceUpdateDate><ItemCode>7613032045753</ItemCode><ItemType>1</ItemType><ItemName>מב פיטנס שוקולד 375</ItemName><ManufacturerName>פיטנס</ManufacturerName><ManufactureCountry>ישראל</ManufactureCountry><ManufacturerItemDescription>מב פיטנס שוקולד 375</ManufacturerItemDescription><SoldByWeight/><Quantity>375.00</Quantity><UnitOfMeasure>גרם     </UnitOfMeasure><QtyInPackage>לא ידוע</QtyInPackage><UnitOfMeasurePrice>0.0531</UnitOfMeasurePrice><AllowDiscount>1</AllowDiscount><ItemStatus>1</ItemStatus><ItemPrice>19.90</ItemPrice></item><item><PriceUpdateDate>2016-05-30 22:05:29</PriceUpdateDate><ItemCode>7613032416157</ItemCode><ItemType>1</ItemType><ItemName>מב דגני בוקר פיטנס ש</ItemName><ManufacturerName>לא ידוע</ManufacturerName><ManufactureCountry>ישראל</ManufactureCountry><ManufacturerItemDescription>מב דגני בוקר פיטנס ש</ManufacturerItemDescription><SoldByWeight/><Quantity>355.00</Quantity><UnitOfMeasure>גרם     </UnitOfMeasure><QtyInPackage>לא ידוע</QtyInPackage><UnitOfMeasurePrice>0.0561</UnitOfMeasurePrice><AllowDiscount>1</AllowDiscount><ItemStatus>1</ItemStatus><ItemPrice>19.90</ItemPrice></item><item><PriceUpdateDate>2015-11-10 13:38:20</PriceUpdateDate><ItemCode>7613033539022</ItemCode><ItemType>1</ItemType><ItemName>מטרנה מחית תפוח עץ 1</ItemName><ManufacturerName>מטרנה</ManufacturerName><ManufactureCountry>ישראל</ManufactureCountry><ManufacturerItemDescription>מטרנה מחית תפוח עץ 1</ManufacturerItemDescription><SoldByWeight/><Quantity>130.00</Quantity><UnitOfMeasure>גרם     </UnitOfMeasure><QtyInPackage>לא ידוע</QtyInPackage><UnitOfMeasurePrice>0.0515</UnitOfMeasurePrice><AllowDiscount>1</AllowDiscount><ItemStatus>1</ItemStatus><ItemPrice>6.70</ItemPrice></item><item><PriceUpdateDate>2015-11-10 13:38:20</PriceUpdateDate><ItemCode>7613033539107</ItemCode><ItemType>1</ItemType><ItemName>מטרנה מחית תפוח עץ ו</ItemName><ManufacturerName>מטרנה</ManufacturerName><ManufactureCountry>ישראל</ManufactureCountry><ManufacturerItemDescription>מטרנה מחית תפוח עץ ו</ManufacturerItemDescription><SoldByWeight/><Quantity>130.00</Quantity><UnitOfMeasure>גרם     </UnitOfMeasure><QtyInPackage>לא ידוע</QtyInPackage><UnitOfMeasurePrice>0.0515</UnitOfMeasurePrice><AllowDiscount>1</AllowDiscount><ItemStatus>1</ItemStatus><ItemPrice>6.70</ItemPrice></item><item><PriceUpdateDate>2015-10-20 16:11:26</PriceUpdateDate><ItemCode>7613033539169</ItemCode><ItemType>1</ItemType><ItemName>מטרנה מחית תפוח עץ 1</ItemName><ManufacturerName>מטרנה</ManufacturerName><ManufactureCountry>ישראל</ManufactureCountry><ManufacturerItemDescription>מטרנה מחית תפוח עץ 1</ManufacturerItemDescription><SoldByWeight/><Quantity>190.00</Quantity><UnitOfMeasure>גרם     </UnitOfMeasure><QtyInPackage>לא ידוע</QtyInPackage><UnitOfMeasurePrice>0.0363</UnitOfMeasurePrice><AllowDiscount>1</AllowDiscount><ItemStatus>1</ItemStatus><ItemPrice>6.90</ItemPrice></item><item><PriceUpdateDate>2015-11-10 13:38:20</PriceUpdateDate><ItemCode>7613033539206</ItemCode><ItemType>1</ItemType><ItemName>מטרנה מחית ירקות מעו</ItemName><ManufacturerName>מטרנה</ManufacturerName><ManufactureCountry>ישראל</ManufactureCountry><ManufacturerItemDescription>מטרנה מחית ירקות מעו</ManufacturerItemDescription><SoldByWeight/><Quantity>130.00</Quantity><UnitOfMeasure>גרם     </UnitOfMeasure><QtyInPackage>לא ידוע</QtyInPackage><UnitOfMeasurePrice>0.0515</UnitOfMeasurePrice><AllowDiscount>1</AllowDiscount><ItemStatus>1</ItemStatus><ItemPrice>6.70</ItemPrice></item><item><PriceUpdateDate>2015-10-20 16:11:26</PriceUpdateDate><ItemCode>7613033541650</ItemCode><ItemType>1</ItemType><ItemName>מטרנה מחית תפו"ע כשל</ItemName><ManufacturerName>מטרנה</ManufacturerName><ManufactureCountry>ישראל</ManufactureCountry><ManufacturerItemDescription>מטרנה מחית תפו"ע כשל</ManufacturerItemDescription><SoldByWeight/><Quantity>190.00</Quantity><UnitOfMeasure>גרם     </UnitOfMeasure><QtyInPackage>לא ידוע</QtyInPackage><UnitOfMeasurePrice>0.0363</UnitOfMeasurePrice><AllowDiscount>1</AllowDiscount><ItemStatus>1</ItemStatus><ItemPrice>6.90</ItemPrice></item><item><PriceUpdateDate>2015-11-12 18:18:38</PriceUpdateDate><ItemCode>7613033592898</ItemCode><ItemType>1</ItemType><ItemName>דוגלי בשר ועוף 3 ק"ג</ItemName><ManufacturerName>דוגלי</ManufacturerName><ManufactureCountry>ישראל</ManufactureCountry><ManufacturerItemDescription>דוגלי בשר ועוף 3 ק"ג</ManufacturerItemDescription><SoldByWeight/><Quantity>3000.00</Quantity><UnitOfMeasure>גרם     </UnitOfMeasure><QtyInPackage>לא ידוע</QtyInPackage><UnitOfMeasurePrice>0.0184</UnitOfMeasurePrice><AllowDiscount>1</AllowDiscount><ItemStatus>1</ItemStatus><ItemPrice>55.20</ItemPrice></item><item><PriceUpdateDate>2015-10-20 16:11:26</PriceUpdateDate><ItemCode>7613033691843</ItemCode><ItemType>1</ItemType><ItemName>מטרנה מרק עגבניות גז</ItemName><ManufacturerName>מטרנה</ManufacturerName><ManufactureCountry>ישראל</ManufactureCountry><ManufacturerItemDescription>מטרנה מרק עגבניות גז</ManufacturerItemDescription><SoldByWeight/><Quantity>190.00</Quantity><UnitOfMeasure>גרם     </UnitOfMeasure><QtyInPackage>לא ידוע</QtyInPackage><UnitOfMeasurePrice>0.0363</UnitOfMeasurePrice><AllowDiscount>1</AllowDiscount><ItemStatus>1</ItemStatus><ItemPrice>6.90</ItemPrice></item><item><PriceUpdateDate>2015-10-21 13:52:05</PriceUpdateDate><ItemCode>7613034792785</ItemCode><ItemType>1</ItemType><ItemName>מולטי צ'יריוס 565 גר</ItemName><ManufacturerName>נסטלה</ManufacturerName><ManufactureCountry>ישראל</ManufactureCountry><ManufacturerItemDescription>מולטי צ'יריוס 565 גר</ManufacturerItemDescription><SoldByWeight/><Quantity>565.00</Quantity><UnitOfMeasure>גרם     </UnitOfMeasure><QtyInPackage>לא ידוע</QtyInPackage><UnitOfMeasurePrice>0.0485</UnitOfMeasurePrice><AllowDiscount>1</AllowDiscount><ItemStatus>1</ItemStatus><ItemPrice>27.40</ItemPrice></item><item><PriceUpdateDate>2016-05-02 08:06:03</PriceUpdateDate><ItemCode>7613035548374</ItemCode><ItemType>1</ItemType><ItemName>מב דגני בוקר גולדן מ</ItemName><ManufacturerName>נסטלה</ManufacturerName><ManufactureCountry>פולין</ManufactureCountry><ManufacturerItemDescription>הוטפופ מלח      ח100*5ג</ManufacturerItemDescription><SoldByWeight/><Quantity>570.00</Quantity><UnitOfMeasure>גרם     </UnitOfMeasure><QtyInPackage>לא ידוע</QtyInPackage><UnitOfMeasurePrice>0.0349</UnitOfMeasurePrice><AllowDiscount>1</AllowDiscount><ItemStatus>1</ItemStatus><ItemPrice>19.90</ItemPrice></item><item><PriceUpdateDate>2016-02-11 09:34:59</PriceUpdateDate><ItemCode>7613035571587</ItemCode><ItemType>1</ItemType><ItemName>מאגדת קיט קט רביעיות</ItemName><ManufacturerName>גלידות נסטלה</ManufacturerName><ManufactureCountry>לא ידוע</ManufactureCountry><ManufacturerItemDescription>מאגדת קיט קט רביעיות</ManufacturerItemDescription><SoldByWeight/><Quantity>272.00</Quantity><UnitOfMeasure>גרם     </UnitOfMeasure><QtyInPackage>לא ידוע</QtyInPackage><UnitOfMeasurePrice>0.1099</UnitOfMeasurePrice><AllowDiscount>1</AllowDiscount><ItemStatus>1</ItemStatus><ItemPrice>29.90</ItemPrice></item><item><PriceUpdateDate>2016-01-05 08:50:09</PriceUpdateDate><ItemCode>7622300115685</ItemCode><ItemType>1</ItemType><ItemName>קפה ג'יקובס קרונונג</ItemName><ManufacturerName>גיקובס</ManufacturerName><ManufactureCountry>ישראל</ManufactureCountry><ManufacturerItemDescription>קפה גיקובס קרוננג 75 גרם</ManufacturerItemDescription><SoldByWeight/><Quantity>75.00</Quantity><UnitOfMeasure>גרם     </UnitOfMeasure><QtyInPackage>לא ידוע</QtyInPackage><UnitOfMeasurePrice>0.1987</UnitOfMeasurePrice><AllowDiscount>1</AllowDiscount><ItemStatus>1</ItemStatus><ItemPrice>14.90</ItemPrice></item><item><PriceUpdateDate>2016-05-30 22:05:30</PriceUpdateDate><ItemCode>7622300270506</ItemCode><ItemType>1</ItemType><ItemName>מב מילקה עוגיות גריי</ItemName><ManufacturerName>מילקה</ManufacturerName><ManufactureCountry>פולין</ManufactureCountry><ManufacturerItemDescription>ספגטי ברילה     ני500גרם</ManufacturerItemDescription><SoldByWeight/><Quantity>168.00</Quantity><UnitOfMeasure>גרם     </UnitOfMeasure><QtyInPackage>לא ידוע</QtyInPackage><UnitOfMeasurePrice>0.0768</UnitOfMeasurePrice><AllowDiscount>1</AllowDiscount><ItemStatus>1</ItemStatus><ItemPrice>12.90</ItemPrice></item><item><PriceUpdateDate>2016-03-29 13:00:38</PriceUpdateDate><ItemCode>7622300292508</ItemCode><ItemType>1</ItemType><ItemName>מילקה ואפל במילוי קר</ItemName><ManufacturerName>מילקה</ManufacturerName><ManufactureCountry>פולין</ManufactureCountry><ManufacturerItemDescription>וופל במילוי קרם קקאו מילק</ManufacturerItemDescription><SoldByWeight/><Quantity>180.00</Quantity><UnitOfMeasure>גרם     </UnitOfMeasure><QtyInPackage>לא ידוע</QtyInPackage><UnitOfMeasurePrice>0.1017</UnitOfMeasurePrice><AllowDiscount>1</AllowDiscount><ItemStatus>1</ItemStatus><ItemPrice>18.30</ItemPrice></item><item><PriceUpdateDate>2016-05-30 22:05:30</PriceUpdateDate><ItemCode>7622300356767</ItemCode><ItemType>1</ItemType><ItemName>מב עוגיות עם גרנולה</ItemName><ManufacturerName>לא ידוע</ManufacturerName><ManufactureCountry>פולין</ManufactureCountry><ManufacturerItemDescription>נייצר וואלי שוקוד 210ג</ManufacturerItemDescription><SoldByWeight/><Quantity>168.00</Quantity><UnitOfMeasure>גרם     </UnitOfMeasure><QtyInPackage>לא ידוע</QtyInPackage><UnitOfMeasurePrice>0.0768</UnitOfMeasurePrice><AllowDiscount>1</AllowDiscount><ItemStatus>1</ItemStatus><ItemPrice>12.90</ItemPrice></item><item><PriceUpdateDate>2016-05-17 09:15:08</PriceUpdateDate><ItemCode>7622300498429</ItemCode><ItemType>1</ItemType><ItemName>שוקולד מילקה 100 גרם</ItemName><ManufacturerName>מילקה</ManufacturerName><ManufactureCountry>גרמניה</ManufactureCountry><ManufacturerItemDescription>חטיף צ'ואי      ם 30*5גר</ManufacturerItemDescription><SoldByWeight/><Quantity>100.00</Quantity><UnitOfMeasure>גרם     </UnitOfMeasure><QtyInPackage>לא ידוע</QtyInPackage><UnitOfMeasurePrice>0.0890</UnitOfMeasurePrice><AllowDiscount>1</AllowDiscount><ItemStatus>1</ItemStatus><ItemPrice>8.90</ItemPrice></item><item><PriceUpdateDate>2016-05-30 22:05:30</PriceUpdateDate><ItemCode>7622300503079</ItemCode><ItemType>1</ItemType><ItemName>מב מילקה מוו- ביסקוו</ItemName><ManufacturerName>מילקה</ManufacturerName><ManufactureCountry>פולין</ManufactureCountry><ManufacturerItemDescription>צ'ואי שוקולד    וטנים5יח</ManufacturerItemDescription><SoldByWeight/><Quantity>200.00</Quantity><UnitOfMeasure>גרם     </UnitOfMeasure><QtyInPackage>לא ידוע</QtyInPackage><UnitOfMeasurePrice>0.0645</UnitOfMeasurePrice><AllowDiscount>1</AllowDiscount><ItemStatus>1</ItemStatus><ItemPrice>12.90</ItemPrice></item><item><PriceUpdateDate>2016-05-17 09:15:08</PriceUpdateDate><ItemCode>7622300617820</ItemCode><ItemType>1</ItemType><ItemName>שוקולד מילקה אוראו 1</ItemName><ManufacturerName>מילקה</ManufacturerName><ManufactureCountry>גרמניה</ManufactureCountry><ManufacturerItemDescription>שוקולד מילקה אוראו 100 גר</ManufacturerItemDescription><SoldByWeight/><Quantity>100.00</Quantity><UnitOfMeasure>גרם     </UnitOfMeasure><QtyInPackage>לא ידוע</QtyInPackage><UnitOfMeasurePrice>0.0890</UnitOfMeasurePrice><AllowDiscount>1</AllowDiscount><ItemStatus>1</ItemStatus><ItemPrice>8.90</ItemPrice></item><item><PriceUpdateDate>2016-05-17 09:15:08</PriceUpdateDate><ItemCode>7622400005190</ItemCode><ItemType>1</ItemType><ItemName>שוקולד מילקה COW חלב</ItemName><ManufacturerName>מילקה</ManufacturerName><ManufactureCountry>גרמניה</ManufactureCountry><ManufacturerItemDescription>ג'ל גילוח ניוואה.רגיש200</ManufacturerItemDescription><SoldByWeight/><Quantity>100.00</Quantity><UnitOfMeasure>גרם     </UnitOfMeasure><QtyInPackage>לא ידוע</QtyInPackage><UnitOfMeasurePrice>0.0890</UnitOfMeasurePrice><AllowDiscount>1</AllowDiscount><ItemStatus>1</ItemStatus><ItemPrice>8.90</ItemPrice></item><item><PriceUpdateDate>2016-03-29 06:17:40</PriceUpdateDate><ItemCode>7622400006753</ItemCode><ItemType>1</ItemType><ItemName>שוקולד קוטדור 70% קק</ItemName><ManufacturerName>קוטדור</ManufacturerName><ManufactureCountry>בלגיה</ManufactureCountry><ManufacturerItemDescription>שוקולד קוטדור   קאו100גר</ManufacturerItemDescription><SoldByWeight/><Quantity>100.00</Quantity><UnitOfMeasure>גרם     </UnitOfMeasure><QtyInPackage>לא ידוע</QtyInPackage><UnitOfMeasurePrice>0.1490</UnitOfMeasurePrice><AllowDiscount>1</AllowDiscount><ItemStatus>1</ItemStatus><ItemPrice>14.90</ItemPrice></item><item><PriceUpdateDate>2016-03-29 06:17:40</PriceUpdateDate><ItemCode>7622400012020</ItemCode><ItemType>1</ItemType><ItemName>שוקולד קוטדור תפוז 1</ItemName><ManufacturerName>קוטדור</ManufacturerName><ManufactureCountry>ישראל</ManufactureCountry><ManufacturerItemDescription>שוקולד קוטדור   רנג100'ג</ManufacturerItemDescription><SoldByWeight/><Quantity>100.00</Quantity><UnitOfMeasure>גרם     </UnitOfMeasure><QtyInPackage>לא ידוע</QtyInPackage><UnitOfMeasurePrice>0.1490</UnitOfMeasurePrice><AllowDiscount>1</AllowDiscount><ItemStatus>1</ItemStatus><ItemPrice>14.90</ItemPrice></item><item><PriceUpdateDate>2016-03-29 06:17:40</PriceUpdateDate><ItemCode>7622400013423</ItemCode><ItemType>1</ItemType><ItemName>שוקולד קוטדור 86% קק</ItemName><ManufacturerName>קוטדור</ManufacturerName><ManufactureCountry>בלגיה</ManufactureCountry><ManufacturerItemDescription>שוקולד קוטדור   קאו100גר</ManufacturerItemDescription><SoldByWeight/><Quantity>100.00</Quantity><UnitOfMeasure>גרם     </UnitOfMeasure><QtyInPackage>לא ידוע</QtyInPackage><UnitOfMeasurePrice>0.1490</UnitOfMeasurePrice><AllowDiscount>1</AllowDiscount><ItemStatus>1</ItemStatus><ItemPrice>14.90</ItemPrice></item><item><PriceUpdateDate>2015-06-30 06:46:51</PriceUpdateDate><ItemCode>7622400958809</ItemCode><ItemType>1</ItemType><ItemName>קפה ג'יקובס אספרסו 5</ItemName><ManufacturerName>ג'יקובס</ManufacturerName><ManufactureCountry>ישראל</ManufactureCountry><ManufacturerItemDescription>קפה אספרסו ג'קובס 500גרם</ManufacturerItemDescription><SoldByWeight/><Quantity>500.00</Quantity><UnitOfMeasure>גרם     </UnitOfMeasure><QtyInPackage>לא ידוע</QtyInPackage><UnitOfMeasurePrice>0.0998</UnitOfMeasurePrice><AllowDiscount>1</AllowDiscount><ItemStatus>1</ItemStatus><ItemPrice>49.90</ItemPrice></item><item><PriceUpdateDate>2016-05-02 08:06:03</PriceUpdateDate><ItemCode>7640101090833</ItemCode><ItemType>1</ItemType><ItemName>מב מוצרלה כדור 125 ג</ItemName><ManufacturerName>אוריאל</ManufacturerName><ManufactureCountry>ישראל</ManufactureCountry><ManufacturerItemDescription>מב מוצרלה כדור 125 ג</ManufacturerItemDescription><SoldByWeight/><Quantity>125.00</Quantity><UnitOfMeasure>גרם     </UnitOfMeasure><QtyInPackage>לא ידוע</QtyInPackage><UnitOfMeasurePrice>0.0712</UnitOfMeasurePrice><AllowDiscount>1</AllowDiscount><ItemStatus>1</ItemStatus><ItemPrice>8.90</ItemPrice></item><item><PriceUpdateDate>2016-02-18 10:28:51</PriceUpdateDate><ItemCode>7640166791294</ItemCode><ItemType>1</ItemType><ItemName>מוצרלה  300 גרם</ItemName><ManufacturerName>אוריאל</ManufacturerName><ManufactureCountry>פולין</ManufactureCountry><ManufacturerItemDescription>גבינה מוצרלה    ה משקל</ManufacturerItemDescription><SoldByWeight/><Quantity>300.00</Quantity><UnitOfMeasure>גרם     </UnitOfMeasure><QtyInPackage>לא ידוע</QtyInPackage><UnitOfMeasurePrice>0.0830</UnitOfMeasurePrice><AllowDiscount>1</AllowDiscount><ItemStatus>1</ItemStatus><ItemPrice>24.90</ItemPrice></item><item><PriceUpdateDate>2016-05-02 08:05:38</PriceUpdateDate><ItemCode>76840100125</ItemCode><ItemType>1</ItemType><ItemName>צ'אבי האבי 473 מ"ל</ItemName><ManufacturerName>בן&amp;גריס</ManufacturerName><ManufactureCountry>ישראל</ManufactureCountry><ManufacturerItemDescription>גלידה צאבי האבי 500 מל</ManufacturerItemDescription><SoldByWeight/><Quantity>473.00</Quantity><UnitOfMeasure>מ"ל</UnitOfMeasure><QtyInPackage>לא ידוע</QtyInPackage><UnitOfMeasurePrice>0.0421</UnitOfMeasurePrice><AllowDiscount>1</AllowDiscount><ItemStatus>1</ItemStatus><ItemPrice>19.90</ItemPrice></item><item><PriceUpdateDate>2016-05-02 08:05:38</PriceUpdateDate><ItemCode>76840100583</ItemCode><ItemType>1</ItemType><ItemName>גלידה וניל עם בצק עו</ItemName><ManufacturerName>בן&amp;גריס</ManufacturerName><ManufactureCountry>ישראל</ManufactureCountry><ManufacturerItemDescription>גלידת וניל עם בצק עוגיות</ManufacturerItemDescription><SoldByWeight/><Quantity>473.00</Quantity><UnitOfMeasure>מ"ל</UnitOfMeasure><QtyInPackage>לא ידוע</QtyInPackage><UnitOfMeasurePrice>0.0421</UnitOfMeasurePrice><AllowDiscount>1</AllowDiscount><ItemStatus>1</ItemStatus><ItemPrice>19.90</ItemPrice></item><item><PriceUpdateDate>2016-05-02 08:05:38</PriceUpdateDate><ItemCode>76840100811</ItemCode><ItemType>1</ItemType><ItemName>גלידת שמנת בטעם חמאת</ItemName><ManufacturerName>בן&amp;גריס</ManufacturerName><ManufactureCountry>ישראל</ManufactureCountry><ManufacturerItemDescription>גלידת שמנת בטעם חמאת בוטנ</ManufacturerItemDescription><SoldByWeight/><Quantity>473.00</Quantity><UnitOfMeasure>מ"ל</UnitOfMeasure><QtyInPackage>לא ידוע</QtyInPackage><UnitOfMeasurePrice>0.0421</UnitOfMeasurePrice><AllowDiscount>1</AllowDiscount><ItemStatus>1</ItemStatus><ItemPrice>19.90</ItemPrice></item><item><PriceUpdateDate>2016-05-02 08:05:38</PriceUpdateDate><ItemCode>768404001640</ItemCode><ItemType>1</ItemType><ItemName>גלידה פיינט קפה 500</ItemName><ManufacturerName>בן&amp;גריס</ManufacturerName><ManufactureCountry>ישראל</ManufactureCountry><ManufacturerItemDescription>גלידה קפה 500 מל</ManufacturerItemDescription><SoldByWeight/><Quantity>500.00</Quantity><UnitOfMeasure>מ"ל</UnitOfMeasure><QtyInPackage>לא ידוע</QtyInPackage><UnitOfMeasurePrice>0.0398</UnitOfMeasurePrice><AllowDiscount>1</AllowDiscount><ItemStatus>1</ItemStatus><ItemPrice>19.90</ItemPrice></item><item><PriceUpdateDate>2016-05-02 08:06:03</PriceUpdateDate><ItemCode>7702018978106</ItemCode><ItemType>1</ItemType><ItemName>מב דאו' AI קליר ג'ל</ItemName><ManufacturerName>APDO</ManufacturerName><ManufactureCountry>ישראל</ManufactureCountry><ManufacturerItemDescription>דאו.קליר ג'ל     70 מ"ל</ManufacturerItemDescription><SoldByWeight/><Quantity>70.00</Quantity><UnitOfMeasure>מ"ל</UnitOfMeasure><QtyInPackage>לא ידוע</QtyInPackage><UnitOfMeasurePrice>0.3414</UnitOfMeasurePrice><AllowDiscount>1</AllowDiscount><ItemStatus>1</ItemStatus><ItemPrice>23.90</ItemPrice></item><item><PriceUpdateDate>2015-11-03 08:39:26</PriceUpdateDate><ItemCode>7702174068826</ItemCode><ItemType>1</ItemType><ItemName>לקקן יוגטה מילוי טופ</ItemName><ManufacturerName>יוגטה</ManufacturerName><ManufactureCountry>אקוודור</ManufactureCountry><ManufacturerItemDescription>לקקן יוגטה פירותירות216ג</ManufacturerItemDescription><SoldByWeight/><Quantity>216.00</Quantity><UnitOfMeasure>גרם     </UnitOfMeasure><QtyInPackage>לא ידוע</QtyInPackage><UnitOfMeasurePrice>0.0579</UnitOfMeasurePrice><AllowDiscount>1</AllowDiscount><ItemStatus>1</ItemStatus><ItemPrice>12.50</ItemPrice></item><item><PriceUpdateDate>2015-11-03 08:39:26</PriceUpdateDate><ItemCode>7702174068833</ItemCode><ItemType>1</ItemType><ItemName>לקקן יוגטה גלידה 216</ItemName><ManufacturerName>לא ממותג</ManufacturerName><ManufactureCountry>ישראל</ManufactureCountry><ManufacturerItemDescription>לקקן יוגטה גלידה 216</ManufacturerItemDescription><SoldByWeight/><Quantity>216.00</Quantity><UnitOfMeasure>גרם     </UnitOfMeasure><QtyInPackage>לא ידוע</QtyInPackage><UnitOfMeasurePrice>0.0579</UnitOfMeasurePrice><AllowDiscount>1</AllowDiscount><ItemStatus>1</ItemStatus><ItemPrice>12.50</ItemPrice></item><item><PriceUpdateDate>2015-11-03 08:39:26</PriceUpdateDate><ItemCode>7702174070201</ItemCode><ItemType>1</ItemType><ItemName>לקקן יוגטה מג'יק 216</ItemName><ManufacturerName>יוגטה</ManufacturerName><ManufactureCountry>אקוודור</ManufactureCountry><ManufacturerItemDescription>לקקן יוגטה מג'יק216גרם</ManufacturerItemDescription><SoldByWeight/><Quantity>216.00</Quantity><UnitOfMeasure>גרם     </UnitOfMeasure><QtyInPackage>לא ידוע</QtyInPackage><UnitOfMeasurePrice>0.0579</UnitOfMeasurePrice><AllowDiscount>1</AllowDiscount><ItemStatus>1</ItemStatus><ItemPrice>12.50</ItemPrice></item><item><PriceUpdateDate>2016-05-30 22:05:30</PriceUpdateDate><ItemCode>7702174073783</ItemCode><ItemType>1</ItemType><ItemName>לקקן פין פופ טעם קול</ItemName><ManufacturerName>אלדור</ManufacturerName><ManufactureCountry>ישראל</ManufactureCountry><ManufacturerItemDescription>לקקן פין פופ טעם קול</ManufacturerItemDescription><SoldByWeight/><Quantity>180.00</Quantity><UnitOfMeasure>גרם     </UnitOfMeasure><QtyInPackage>לא ידוע</QtyInPackage><UnitOfMeasurePrice>0.0694</UnitOfMeasurePrice><AllowDiscount>1</AllowDiscount><ItemStatus>1</ItemStatus><ItemPrice>12.50</ItemPrice></item><item><PriceUpdateDate>2016-03-29 06:17:40</PriceUpdateDate><ItemCode>7702174073844</ItemCode><ItemType>1</ItemType><ItemName>לקקן פין פופ פירות 4</ItemName><ManufacturerName>אלדור</ManufacturerName><ManufactureCountry>ישראל</ManufactureCountry><ManufacturerItemDescription>לקקן פין פופ פירות 4</ManufacturerItemDescription><SoldByWeight/><Quantity>672.00</Quantity><UnitOfMeasure>גרם     </UnitOfMeasure><QtyInPackage>לא ידוע</QtyInPackage><UnitOfMeasurePrice>0.0326</UnitOfMeasurePrice><AllowDiscount>1</AllowDiscount><ItemStatus>1</ItemStatus><ItemPrice>21.90</ItemPrice></item><item><PriceUpdateDate>2015-12-01 08:41:12</PriceUpdateDate><ItemCode>77245110597</ItemCode><ItemType>1</ItemType><ItemName>סוכריות מאסט לימון ל</ItemName><ManufacturerName>מאסט</ManufacturerName><ManufactureCountry>פולין</ManufactureCountry><ManufacturerItemDescription>צבע לשיער גרנייהנד זהוב</ManufacturerItemDescription><SoldByWeight/><Quantity>80.00</Quantity><UnitOfMeasure>גרם     </UnitOfMeasure><QtyInPackage>לא ידוע</QtyInPackage><UnitOfMeasurePrice>0.1113</UnitOfMeasurePrice><AllowDiscount>1</AllowDiscount><ItemStatus>1</ItemStatus><ItemPrice>8.90</ItemPrice></item><item><PriceUpdateDate>2015-12-01 08:41:12</PriceUpdateDate><ItemCode>77245110610</ItemCode><ItemType>1</ItemType><ItemName>סוכריות מאסט מנטה לל</ItemName><ManufacturerName>מאסט</ManufacturerName><ManufactureCountry>פולין</ManufactureCountry><ManufacturerItemDescription>צבע ש.גרנייה    נד 111</ManufacturerItemDescription><SoldByWeight/><Quantity>80.00</Quantity><UnitOfMeasure>גרם     </UnitOfMeasure><QtyInPackage>לא ידוע</QtyInPackage><UnitOfMeasurePrice>0.1113</UnitOfMeasurePrice><AllowDiscount>1</AllowDiscount><ItemStatus>1</ItemStatus><ItemPrice>8.90</ItemPrice></item><item><PriceUpdateDate>2016-01-20 07:31:07</PriceUpdateDate><ItemCode>77245111136</ItemCode><ItemType>1</ItemType><ItemName>סוכריות מאסט ריבת חל</ItemName><ManufacturerName>מאסט</ManufacturerName><ManufactureCountry>פולין</ManufactureCountry><ManufacturerItemDescription>צבע לשיער גרנייה שוקולד</ManufacturerItemDescription><SoldByWeight/><Quantity>80.00</Quantity><UnitOfMeasure>גרם     </UnitOfMeasure><QtyInPackage>לא ידוע</QtyInPackage><UnitOfMeasurePrice>0.1113</UnitOfMeasurePrice><AllowDiscount>1</AllowDiscount><ItemStatus>1</ItemStatus><ItemPrice>8.90</ItemPrice></item><item><PriceUpdateDate>2015-12-01 08:41:12</PriceUpdateDate><ItemCode>77245111402</ItemCode><ItemType>1</ItemType><ItemName>סוכריות מאסט בטעם אנ</ItemName><ManufacturerName>מאסט</ManufacturerName><ManufactureCountry>ישראל</ManufactureCountry><ManufacturerItemDescription>סוכריות מאסט בטעם אנ</ManufacturerItemDescription><SoldByWeight/><Quantity>0.00</Quantity><UnitOfMeasure>יח'</UnitOfMeasure><QtyInPackage>לא ידוע</QtyInPackage><UnitOfMeasurePrice>0.0000</UnitOfMeasurePrice><AllowDiscount>1</AllowDiscount><ItemStatus>1</ItemStatus><ItemPrice>8.90</ItemPrice></item><item><PriceUpdateDate>2016-05-30 22:02:37</PriceUpdateDate><ItemCode>77975029688</ItemCode><ItemType>1</ItemType><ItemName>סנדוויץ' בייגלה מילו</ItemName><ManufacturerName>סניידרס</ManufacturerName><ManufactureCountry>ארצות הברית</ManufactureCountry><ManufacturerItemDescription>דאודורנט אדידס  ייס 51גר</ManufacturerItemDescription><SoldByWeight/><Quantity>227.00</Quantity><UnitOfMeasure>גרם     </UnitOfMeasure><QtyInPackage>לא ידוע</QtyInPackage><UnitOfMeasurePrice>0.0833</UnitOfMeasurePrice><AllowDiscount>1</AllowDiscount><ItemStatus>1</ItemStatus><ItemPrice>18.90</ItemPrice></item><item><PriceUpdateDate>2016-05-30 22:02:37</PriceUpdateDate><ItemCode>77975088210</ItemCode><ItemType>1</ItemType><ItemName>שברי בייגלה בטעם צ'ד</ItemName><ManufacturerName>סניידרס</ManufacturerName><ManufactureCountry>ארצות הברית</ManufactureCountry><ManufacturerItemDescription>קרם יום אסנשאל  יום לע.ר</ManufacturerItemDescription><SoldByWeight/><Quantity>340.00</Quantity><UnitOfMeasure>גרם     </UnitOfMeasure><QtyInPackage>לא ידוע</QtyInPackage><UnitOfMeasurePrice>0.0556</UnitOfMeasurePrice><AllowDiscount>1</AllowDiscount><ItemStatus>1</ItemStatus><ItemPrice>18.90</ItemPrice></item><item><PriceUpdateDate>2016-05-30 22:02:38</PriceUpdateDate><ItemCode>77975088227</ItemCode><ItemType>1</ItemType><ItemName>שברי בייגלה בטעם דבש</ItemName><ManufacturerName>סניידרס</ManufacturerName><ManufactureCountry>ארצות הברית</ManufactureCountry><ManufacturerItemDescription>דאודורנט אדידס  ייס 51גר</ManufacturerItemDescription><SoldByWeight/><Quantity>340.00</Quantity><UnitOfMeasure>גרם     </UnitOfMeasure><QtyInPackage>לא ידוע</QtyInPackage><UnitOfMeasurePrice>0.0556</UnitOfMeasurePrice><AllowDiscount>1</AllowDiscount><ItemStatus>1</ItemStatus><ItemPrice>18.90</ItemPrice></item><item><PriceUpdateDate>2015-07-16 08:43:30</PriceUpdateDate><ItemCode>77975091524</ItemCode><ItemType>1</ItemType><ItemName>שברי בייגלה בטעם קרמ</ItemName><ManufacturerName>סניידרס</ManufacturerName><ManufactureCountry>לא ידוע</ManufactureCountry><ManufacturerItemDescription>שברי בייגלה בטעם קרמ</ManufacturerItemDescription><SoldByWeight/><Quantity>100.00</Quantity><UnitOfMeasure>גרם     </UnitOfMeasure><QtyInPackage>לא ידוע</QtyInPackage><UnitOfMeasurePrice>0.0800</UnitOfMeasurePrice><AllowDiscount>1</AllowDiscount><ItemStatus>1</ItemStatus><ItemPrice>8.00</ItemPrice></item><item><PriceUpdateDate>2016-05-30 22:02:38</PriceUpdateDate><ItemCode>77975091784</ItemCode><ItemType>1</ItemType><ItemName>מב טורטיה  מתירס צהו</ItemName><ManufacturerName>סניידרס</ManufacturerName><ManufactureCountry>ישראל</ManufactureCountry><ManufacturerItemDescription>מב טורטיה  מתירס צהו</ManufacturerItemDescription><SoldByWeight/><Quantity>354.00</Quantity><UnitOfMeasure>גרם     </UnitOfMeasure><QtyInPackage>לא ידוע</QtyInPackage><UnitOfMeasurePrice>0.0393</UnitOfMeasurePrice><AllowDiscount>1</AllowDiscount><ItemStatus>1</ItemStatus><ItemPrice>13.90</ItemPrice></item><item><PriceUpdateDate>2016-05-30 22:05:30</PriceUpdateDate><ItemCode>7804414000860</ItemCode><ItemType>1</ItemType><ItemName>מב יין דון חוליו קבר</ItemName><ManufacturerName>דון חוליו</ManufacturerName><ManufactureCountry>ישראל</ManufactureCountry><ManufacturerItemDescription>דון חוליו קברנה 750 מ"ל</ManufacturerItemDescription><SoldByWeight/><Quantity>750.00</Quantity><UnitOfMeasure>מ"ל</UnitOfMeasure><QtyInPackage>לא ידוע</QtyInPackage><UnitOfMeasurePrice>0.0359</UnitOfMeasurePrice><AllowDiscount>1</AllowDiscount><ItemStatus>1</ItemStatus><ItemPrice>26.90</ItemPrice></item><item><PriceUpdateDate>2016-05-30 22:05:30</PriceUpdateDate><ItemCode>7804414000877</ItemCode><ItemType>1</ItemType><ItemName>מב יין דון חוליו מרל</ItemName><ManufacturerName>דון חוליו</ManufacturerName><ManufactureCountry>ישראל</ManufactureCountry><ManufacturerItemDescription>דון חוליו מרלו  75 מ"ל</ManufacturerItemDescription><SoldByWeight/><Quantity>750.00</Quantity><UnitOfMeasure>מ"ל</UnitOfMeasure><QtyInPackage>לא ידוע</QtyInPackage><UnitOfMeasurePrice>0.0359</UnitOfMeasurePrice><AllowDiscount>1</AllowDiscount><ItemStatus>1</ItemStatus><ItemPrice>26.90</ItemPrice></item><item><PriceUpdateDate>2016-05-30 22:05:30</PriceUpdateDate><ItemCode>7804414001614</ItemCode><ItemType>1</ItemType><ItemName>מב יין דון חוליו שיר</ItemName><ManufacturerName>דון חוליו</ManufacturerName><ManufactureCountry>ישראל</ManufactureCountry><ManufacturerItemDescription>יין שיראז       750 מ"ל</ManufacturerItemDescription><SoldByWeight/><Quantity>750.00</Quantity><UnitOfMeasure>מ"ל</UnitOfMeasure><QtyInPackage>לא ידוע</QtyInPackage><UnitOfMeasurePrice>0.0359</UnitOfMeasurePrice><AllowDiscount>1</AllowDiscount><ItemStatus>1</ItemStatus><ItemPrice>26.90</ItemPrice></item><item><PriceUpdateDate>2015-11-12 17:28:17</PriceUpdateDate><ItemCode>783007983780</ItemCode><ItemType>1</ItemType><ItemName>טמפוני פלייטקס רגולר</ItemName><ManufacturerName>פלייטקס</ManufacturerName><ManufactureCountry>ארצות הברית</ManufactureCountry><ManufacturerItemDescription>דאודורנט אדידס   דרי200מ</ManufacturerItemDescription><SoldByWeight/><Quantity>18.00</Quantity><UnitOfMeasure>בודד</UnitOfMeasure><QtyInPackage>לא ידוע</QtyInPackage><UnitOfMeasurePrice>1.6222</UnitOfMeasurePrice><AllowDiscount>1</AllowDiscount><ItemStatus>1</ItemStatus><ItemPrice>29.20</ItemPrice></item><item><PriceUpdateDate>2015-11-12 17:28:17</PriceUpdateDate><ItemCode>783007983926</ItemCode><ItemType>1</ItemType><ItemName>טמפוני פלייטקס סופר</ItemName><ManufacturerName>פלייטקס</ManufacturerName><ManufactureCountry>ארצות הברית</ManufactureCountry><ManufacturerItemDescription>קפה קרונונג פילטר 250גרם</ManufacturerItemDescription><SoldByWeight/><Quantity>18.00</Quantity><UnitOfMeasure>בודד</UnitOfMeasure><QtyInPackage>לא ידוע</QtyInPackage><UnitOfMeasurePrice>1.6222</UnitOfMeasurePrice><AllowDiscount>1</AllowDiscount><ItemStatus>1</ItemStatus><ItemPrice>29.20</ItemPrice></item><item><PriceUpdateDate>2015-10-21 16:13:17</PriceUpdateDate><ItemCode>78605039</ItemCode><ItemType>1</ItemType><ItemName>סוכריות טיק טק דובדב</ItemName><ManufacturerName>טיק טק</ManufacturerName><ManufactureCountry>ישראל</ManufactureCountry><ManufacturerItemDescription>סוכריות טיק טק דובדב</ManufacturerItemDescription><SoldByWeight/><Quantity>0.00</Quantity><UnitOfMeasure>יח'</UnitOfMeasure><QtyInPackage>לא ידוע</QtyInPackage><UnitOfMeasurePrice>0.0000</UnitOfMeasurePrice><AllowDiscount>1</AllowDiscount><ItemStatus>1</ItemStatus><ItemPrice>3.80</ItemPrice></item><item><PriceUpdateDate>2016-05-30 22:05:31</PriceUpdateDate><ItemCode>7891024100363</ItemCode><ItemType>1</ItemType><ItemName>משחת שיניים קולגייט</ItemName><ManufacturerName>קולגייט</ManufacturerName><ManufactureCountry>ישראל</ManufactureCountry><ManufacturerItemDescription>משחת שיניים קולגייט</ManufacturerItemDescription><SoldByWeight/><Quantity>75.00</Quantity><UnitOfMeasure>מ"ל</UnitOfMeasure><QtyInPackage>לא ידוע</QtyInPackage><UnitOfMeasurePrice>0.3653</UnitOfMeasurePrice><AllowDiscount>1</AllowDiscount><ItemStatus>1</ItemStatus><ItemPrice>27.40</ItemPrice></item><item><PriceUpdateDate>2016-05-30 22:05:31</PriceUpdateDate><ItemCode>7891024124826</ItemCode><ItemType>1</ItemType><ItemName>משחת שיניים קולגייט</ItemName><ManufacturerName>קולגייט</ManufacturerName><ManufactureCountry>ברזיל</ManufactureCountry><ManufacturerItemDescription>משחת שיניים אופטיק וויט 7</ManufacturerItemDescription><SoldByWeight/><Quantity>75.00</Quantity><UnitOfMeasure>מ"ל</UnitOfMeasure><QtyInPackage>לא ידוע</QtyInPackage><UnitOfMeasurePrice>0.3933</UnitOfMeasurePrice><AllowDiscount>1</AllowDiscount><ItemStatus>1</ItemStatus><ItemPrice>29.50</ItemPrice></item><item><PriceUpdateDate>2014-11-03 06:37:11</PriceUpdateDate><ItemCode>8000070011878</ItemCode><ItemType>1</ItemType><ItemName>קפה לוואצה נטול קופא</ItemName><ManufacturerName>לווצה</ManufacturerName><ManufactureCountry>איטליה</ManufactureCountry><ManufacturerItemDescription>חטיפי דגנים מרבהים חלב6י</ManufacturerItemDescription><SoldByWeight/><Quantity>250.00</Quantity><UnitOfMeasure>גרם     </UnitOfMeasure><QtyInPackage>לא ידוע</QtyInPackage><UnitOfMeasurePrice>0.2040</UnitOfMeasurePrice><AllowDiscount>1</AllowDiscount><ItemStatus>1</ItemStatus><ItemPrice>51.00</ItemPrice></item><item><PriceUpdateDate>2016-02-02 06:52:01</PriceUpdateDate><ItemCode>8000070035980</ItemCode><ItemType>1</ItemType><ItemName>קפה לוואצה 250 גרם ר</ItemName><ManufacturerName>לווצה</ManufacturerName><ManufactureCountry>ישראל</ManufactureCountry><ManufacturerItemDescription>קפה רוסה 250 גרם</ManufacturerItemDescription><SoldByWeight/><Quantity>250.00</Quantity><UnitOfMeasure>גרם     </UnitOfMeasure><QtyInPackage>לא ידוע</QtyInPackage><UnitOfMeasurePrice>0.1592</UnitOfMeasurePrice><AllowDiscount>1</AllowDiscount><ItemStatus>1</ItemStatus><ItemPrice>39.80</ItemPrice></item><item><PriceUpdateDate>2014-11-03 06:37:31</PriceUpdateDate><ItemCode>80001485</ItemCode><ItemType>1</ItemType><ItemName>חטיף גרדנה קוקוס 38</ItemName><ManufacturerName>לואקר</ManufacturerName><ManufactureCountry>ישראל</ManufactureCountry><ManufacturerItemDescription>חטיף גרדנה קוקוס 38</ManufacturerItemDescription><SoldByWeight/><Quantity>0.00</Quantity><UnitOfMeasure>יח'</UnitOfMeasure><QtyInPackage>לא ידוע</QtyInPackage><UnitOfMeasurePrice>0.0000</UnitOfMeasurePrice><AllowDiscount>1</AllowDiscount><ItemStatus>1</ItemStatus><ItemPrice>5.20</ItemPrice></item><item><PriceUpdateDate>2016-05-30 22:05:31</PriceUpdateDate><ItemCode>8000380004669</ItemCode><ItemType>1</ItemType><ItemName>מב וופל לואקר קקאו 2</ItemName><ManufacturerName>לואקר</ManufacturerName><ManufactureCountry>אוסטריה</ManufactureCountry><ManufacturerItemDescription>וופל לואקר קקאו 200 גרם</ManufacturerItemDescription><SoldByWeight/><Quantity>200.00</Quantity><UnitOfMeasure>גרם     </UnitOfMeasure><QtyInPackage>לא ידוע</QtyInPackage><UnitOfMeasurePrice>0.0545</UnitOfMeasurePrice><AllowDiscount>1</AllowDiscount><ItemStatus>1</ItemStatus><ItemPrice>10.90</ItemPrice></item><item><PriceUpdateDate>2016-05-30 22:05:31</PriceUpdateDate><ItemCode>8000380004676</ItemCode><ItemType>1</ItemType><ItemName>מב וופל לואקר וניל 2</ItemName><ManufacturerName>לואקר</ManufacturerName><ManufactureCountry>אוסטריה</ManufactureCountry><ManufacturerItemDescription>וופל+קרם וניל לואקר 200 ג</ManufacturerItemDescription><SoldByWeight/><Quantity>200.00</Quantity><UnitOfMeasure>גרם     </UnitOfMeasure><QtyInPackage>לא ידוע</QtyInPackage><UnitOfMeasurePrice>0.0545</UnitOfMeasurePrice><AllowDiscount>1</AllowDiscount><ItemStatus>1</ItemStatus><ItemPrice>10.90</ItemPrice></item><item><PriceUpdateDate>2016-05-02 08:06:03</PriceUpdateDate><ItemCode>8000380004911</ItemCode><ItemType>1</ItemType><ItemName>וופל קואדרטיני אגוז</ItemName><ManufacturerName>לואקר</ManufacturerName><ManufactureCountry>אוסטריה</ManufactureCountry><ManufacturerItemDescription>ופל קואדרטיני   אגוז250ג</ManufacturerItemDescription><SoldByWeight/><Quantity>250.00</Quantity><UnitOfMeasure>גרם     </UnitOfMeasure><QtyInPackage>לא ידוע</QtyInPackage><UnitOfMeasurePrice>0.0556</UnitOfMeasurePrice><AllowDiscount>1</AllowDiscount><ItemStatus>1</ItemStatus><ItemPrice>13.90</ItemPrice></item><item><PriceUpdateDate>2016-05-02 08:06:03</PriceUpdateDate><ItemCode>8000380004942</ItemCode><ItemType>1</ItemType><ItemName>קואדרטיני וניל 250 ג</ItemName><ManufacturerName>לא ידוע</ManufacturerName><ManufactureCountry>ישראל</ManufactureCountry><ManufacturerItemDescription>קואדרטיני וניל 250 ג</ManufacturerItemDescription><SoldByWeight/><Quantity>250.00</Quantity><UnitOfMeasure>גרם     </UnitOfMeasure><QtyInPackage>לא ידוע</QtyInPackage><UnitOfMeasurePrice>0.0556</UnitOfMeasurePrice><AllowDiscount>1</AllowDiscount><ItemStatus>1</ItemStatus><ItemPrice>13.90</ItemPrice></item><item><PriceUpdateDate>2016-05-02 08:06:03</PriceUpdateDate><ItemCode>8000380004966</ItemCode><ItemType>1</ItemType><ItemName>וופל קואדרטיני קקאו</ItemName><ManufacturerName>לואקר</ManufacturerName><ManufactureCountry>אוסטריה</ManufactureCountry><ManufacturerItemDescription>ופל קואדרטיני   קקאו250ג</ManufacturerItemDescription><SoldByWeight/><Quantity>250.00</Quantity><UnitOfMeasure>גרם     </UnitOfMeasure><QtyInPackage>לא ידוע</QtyInPackage><UnitOfMeasurePrice>0.0556</UnitOfMeasurePrice><AllowDiscount>1</AllowDiscount><ItemStatus>1</ItemStatus><ItemPrice>13.90</ItemPrice></item><item><PriceUpdateDate>2016-05-30 22:05:31</PriceUpdateDate><ItemCode>8000380005598</ItemCode><ItemType>1</ItemType><ItemName>טורטינה שישייה מריר</ItemName><ManufacturerName>לואקר</ManufacturerName><ManufactureCountry>איטליה</ManufactureCountry><ManufacturerItemDescription>טורטינה מריר</ManufacturerItemDescription><SoldByWeight/><Quantity>125.00</Quantity><UnitOfMeasure>גרם     </UnitOfMeasure><QtyInPackage>לא ידוע</QtyInPackage><UnitOfMeasurePrice>0.1704</UnitOfMeasurePrice><AllowDiscount>1</AllowDiscount><ItemStatus>1</ItemStatus><ItemPrice>21.30</ItemPrice></item><item><PriceUpdateDate>2016-05-02 08:06:03</PriceUpdateDate><ItemCode>8000380007219</ItemCode><ItemType>1</ItemType><ItemName>מב וופל לואקר אגוז 1</ItemName><ManufacturerName>לואקר</ManufacturerName><ManufactureCountry>אוסטריה</ManufactureCountry><ManufacturerItemDescription>ופלים לואקר     וזים175ג</ManufacturerItemDescription><SoldByWeight/><Quantity>175.00</Quantity><UnitOfMeasure>גרם     </UnitOfMeasure><QtyInPackage>לא ידוע</QtyInPackage><UnitOfMeasurePrice>0.0571</UnitOfMeasurePrice><AllowDiscount>1</AllowDiscount><ItemStatus>1</ItemStatus><ItemPrice>10.00</ItemPrice></item><item><PriceUpdateDate>2016-02-16 12:04:18</PriceUpdateDate><ItemCode>8000380007257</ItemCode><ItemType>1</ItemType><ItemName>וופל גרדנה 200 גרם</ItemName><ManufacturerName>לואקר</ManufacturerName><ManufactureCountry>איטליה</ManufactureCountry><ManufacturerItemDescription>חטיפי ביס גו פיטננה132גר</ManufacturerItemDescription><SoldByWeight/><Quantity>200.00</Quantity><UnitOfMeasure>גרם     </UnitOfMeasure><QtyInPackage>לא ידוע</QtyInPackage><UnitOfMeasurePrice>0.0795</UnitOfMeasurePrice><AllowDiscount>1</AllowDiscount><ItemStatus>1</ItemStatus><ItemPrice>15.90</ItemPrice></item><item><PriceUpdateDate>2016-05-02 08:06:03</PriceUpdateDate><ItemCode>8000380007264</ItemCode><ItemType>1</ItemType><ItemName>מב וופל לואקר קקאו 1</ItemName><ManufacturerName>לואקר</ManufacturerName><ManufactureCountry>אוסטריה</ManufactureCountry><ManufacturerItemDescription>וופל לואקר קקאו 175 גר</ManufacturerItemDescription><SoldByWeight/><Quantity>175.00</Quantity><UnitOfMeasure>גרם     </UnitOfMeasure><QtyInPackage>לא ידוע</QtyInPackage><UnitOfMeasurePrice>0.0571</UnitOfMeasurePrice><AllowDiscount>1</AllowDiscount><ItemStatus>1</ItemStatus><ItemPrice>10.00</ItemPrice></item><item><PriceUpdateDate>2016-05-02 08:06:03</PriceUpdateDate><ItemCode>8000380007271</ItemCode><ItemType>1</ItemType><ItemName>מב וופל לואקר חלב 17</ItemName><ManufacturerName>לואקר</ManufacturerName><ManufactureCountry>ישראל</ManufactureCountry><ManufacturerItemDescription>מב וופל לואקר חלב 17</ManufacturerItemDescription><SoldByWeight/><Quantity>175.00</Quantity><UnitOfMeasure>גרם     </UnitOfMeasure><QtyInPackage>לא ידוע</QtyInPackage><UnitOfMeasurePrice>0.0571</UnitOfMeasurePrice><AllowDiscount>1</AllowDiscount><ItemStatus>1</ItemStatus><ItemPrice>10.00</ItemPrice></item><item><PriceUpdateDate>2016-05-30 22:05:31</PriceUpdateDate><ItemCode>8000380106028</ItemCode><ItemType>1</ItemType><ItemName>טורטינה שישייה חלב 1</ItemName><ManufacturerName>לואקר</ManufacturerName><ManufactureCountry>איטליה</ManufactureCountry><ManufacturerItemDescription>טורטינה אורגינל</ManufacturerItemDescription><SoldByWeight/><Quantity>125.00</Quantity><UnitOfMeasure>גרם     </UnitOfMeasure><QtyInPackage>לא ידוע</QtyInPackage><UnitOfMeasurePrice>0.1704</UnitOfMeasurePrice><AllowDiscount>1</AllowDiscount><ItemStatus>1</ItemStatus><ItemPrice>21.30</ItemPrice></item><item><PriceUpdateDate>2016-05-30 22:05:31</PriceUpdateDate><ItemCode>8000380153534</ItemCode><ItemType>1</ItemType><ItemName>טורטינה שישייה לבן 1</ItemName><ManufacturerName>לואקר</ManufacturerName><ManufactureCountry>ישראל</ManufactureCountry><ManufacturerItemDescription>טורטינה שישייה לבן 1</ManufacturerItemDescription><SoldByWeight/><Quantity>125.00</Quantity><UnitOfMeasure>גרם     </UnitOfMeasure><QtyInPackage>לא ידוע</QtyInPackage><UnitOfMeasurePrice>0.1704</UnitOfMeasurePrice><AllowDiscount>1</AllowDiscount><ItemStatus>1</ItemStatus><ItemPrice>21.30</ItemPrice></item><item><PriceUpdateDate>2015-10-22 16:27:25</PriceUpdateDate><ItemCode>8000380156825</ItemCode><ItemType>1</ItemType><ItemName>שוקולד לואקר חלב 87</ItemName><ManufacturerName>לואקר</ManufacturerName><ManufactureCountry>איטליה</ManufactureCountry><ManufacturerItemDescription>שוקולד חלב 87 גרם</ManufacturerItemDescription><SoldByWeight/><Quantity>87.00</Quantity><UnitOfMeasure>גרם     </UnitOfMeasure><QtyInPackage>לא ידוע</QtyInPackage><UnitOfMeasurePrice>0.1161</UnitOfMeasurePrice><AllowDiscount>1</AllowDiscount><ItemStatus>1</ItemStatus><ItemPrice>10.10</ItemPrice></item><item><PriceUpdateDate>2015-10-22 16:27:25</PriceUpdateDate><ItemCode>8000380156856</ItemCode><ItemType>1</ItemType><ItemName>שוקולד לואקר לבן 87</ItemName><ManufacturerName>לואקר</ManufacturerName><ManufactureCountry>איטליה</ManufactureCountry><ManufacturerItemDescription>שוקולד לבן 87 גרם</ManufacturerItemDescription><SoldByWeight/><Quantity>87.00</Quantity><UnitOfMeasure>גרם     </UnitOfMeasure><QtyInPackage>לא ידוע</QtyInPackage><UnitOfMeasurePrice>0.1161</UnitOfMeasurePrice><AllowDiscount>1</AllowDiscount><ItemStatus>1</ItemStatus><ItemPrice>10.10</ItemPrice></item><item><PriceUpdateDate>2016-05-02 08:06:03</PriceUpdateDate><ItemCode>8000380180721</ItemCode><ItemType>1</ItemType><ItemName>מב וופל לואקר שוקו ח</ItemName><ManufacturerName>לואקר</ManufacturerName><ManufactureCountry>אוסטריה</ManufactureCountry><ManufacturerItemDescription>וופל לואקר קקאו 175 גר</ManufacturerItemDescription><SoldByWeight/><Quantity>175.00</Quantity><UnitOfMeasure>גרם     </UnitOfMeasure><QtyInPackage>לא ידוע</QtyInPackage><UnitOfMeasurePrice>0.0571</UnitOfMeasurePrice><AllowDiscount>1</AllowDiscount><ItemStatus>1</ItemStatus><ItemPrice>10.00</ItemPrice></item><item><PriceUpdateDate>2016-05-02 08:06:04</PriceUpdateDate><ItemCode>8000380180745</ItemCode><ItemType>1</ItemType><ItemName>וופל קואדרטיני שוקו</ItemName><ManufacturerName>לואקר</ManufacturerName><ManufactureCountry>אוסטריה</ManufactureCountry><ManufacturerItemDescription>וופל קואדרטיני טירמיסו 22</ManufacturerItemDescription><SoldByWeight/><Quantity>250.00</Quantity><UnitOfMeasure>גרם     </UnitOfMeasure><QtyInPackage>לא ידוע</QtyInPackage><UnitOfMeasurePrice>0.0556</UnitOfMeasurePrice><AllowDiscount>1</AllowDiscount><ItemStatus>1</ItemStatus><ItemPrice>13.90</ItemPrice></item><item><PriceUpdateDate>2015-11-12 17:56:04</PriceUpdateDate><ItemCode>8000500023624</ItemCode><ItemType>1</ItemType><ItemName>קינדר הפי היפו חמישי</ItemName><ManufacturerName>לא ידוע</ManufacturerName><ManufactureCountry>איטליה</ManufactureCountry><ManufacturerItemDescription>חטיפי ביס גו פיט132 גרם</ManufacturerItemDescription><SoldByWeight/><Quantity>0.00</Quantity><UnitOfMeasure>יח'</UnitOfMeasure><QtyInPackage>לא ידוע</QtyInPackage><UnitOfMeasurePrice>0.0000</UnitOfMeasurePrice><AllowDiscount>1</AllowDiscount><ItemStatus>1</ItemStatus><ItemPrice>17.00</ItemPrice></item><item><PriceUpdateDate>2016-05-30 22:05:31</PriceUpdateDate><ItemCode>8000500029350</ItemCode><ItemType>1</ItemType><ItemName>מאגדת קינדר בואנו חל</ItemName><ManufacturerName>קינדר בואנו</ManufacturerName><ManufactureCountry>פולין</ManufactureCountry><ManufacturerItemDescription>דגנים גו פיט    וזי לוז</ManufacturerItemDescription><SoldByWeight/><Quantity>129.00</Quantity><UnitOfMeasure>גרם     </UnitOfMeasure><QtyInPackage>לא ידוע</QtyInPackage><UnitOfMeasurePrice>0.0969</UnitOfMeasurePrice><AllowDiscount>1</AllowDiscount><ItemStatus>1</ItemStatus><ItemPrice>12.50</ItemPrice></item><item><PriceUpdateDate>2016-02-16 13:35:37</PriceUpdateDate><ItemCode>8000500037874</ItemCode><ItemType>1</ItemType><ItemName>בונבוניירה פררו רושר</ItemName><ManufacturerName>פררו רושר</ManufacturerName><ManufactureCountry>איטליה</ManufactureCountry><ManufacturerItemDescription>דגנים גו פיט    ת 340גר</ManufacturerItemDescription><SoldByWeight/><Quantity>200.00</Quantity><UnitOfMeasure>גרם     </UnitOfMeasure><QtyInPackage>לא ידוע</QtyInPackage><UnitOfMeasurePrice>0.1445</UnitOfMeasurePrice><AllowDiscount>1</AllowDiscount><ItemStatus>1</ItemStatus><ItemPrice>28.90</ItemPrice></item><item><PriceUpdateDate>2016-05-01 21:47:23</PriceUpdateDate><ItemCode>8000500071083</ItemCode><ItemType>1</ItemType><ItemName>אצבעות שוקולד קינדר</ItemName><ManufacturerName>קינדר</ManufacturerName><ManufactureCountry>איטליה</ManufactureCountry><ManufacturerItemDescription>דגנים גו פיט    וקוס340ג</ManufacturerItemDescription><SoldByWeight/><Quantity>200.00</Quantity><UnitOfMeasure>גרם     </UnitOfMeasure><QtyInPackage>לא ידוע</QtyInPackage><UnitOfMeasurePrice>0.0810</UnitOfMeasurePrice><AllowDiscount>1</AllowDiscount><ItemStatus>1</ItemStatus><ItemPrice>16.20</ItemPrice></item><item><PriceUpdateDate>2016-05-30 22:05:31</PriceUpdateDate><ItemCode>8000500075708</ItemCode><ItemType>1</ItemType><ItemName>מארז ביצי קינדר ג'וי</ItemName><ManufacturerName>קינדר</ManufacturerName><ManufactureCountry>דרום אפריקה</ManufactureCountry><ManufacturerItemDescription>קינדר ג'וי כחול כחול20*3</ManufacturerItemDescription><SoldByWeight/><Quantity>0.00</Quantity><UnitOfMeasure>יח'</UnitOfMeasure><QtyInPackage>לא ידוע</QtyInPackage><UnitOfMeasurePrice>0.0000</UnitOfMeasurePrice><AllowDiscount>1</AllowDiscount><ItemStatus>1</ItemStatus><ItemPrice>14.50</ItemPrice></item><item><PriceUpdateDate>2016-05-30 22:05:31</PriceUpdateDate><ItemCode>8000500121436</ItemCode><ItemType>1</ItemType><ItemName>מאגדת קינדר בואנו לב</ItemName><ManufacturerName>קינדר</ManufacturerName><ManufactureCountry>פולין</ManufactureCountry><ManufacturerItemDescription>דגנים גו פיט     מריר340</ManufacturerItemDescription><SoldByWeight/><Quantity>129.00</Quantity><UnitOfMeasure>גרם     </UnitOfMeasure><QtyInPackage>לא ידוע</QtyInPackage><UnitOfMeasurePrice>0.0969</UnitOfMeasurePrice><AllowDiscount>0</AllowDiscount><ItemStatus>1</ItemStatus><ItemPrice>12.50</ItemPrice></item><item><PriceUpdateDate>2016-05-30 22:05:31</PriceUpdateDate><ItemCode>8000500126325</ItemCode><ItemType>1</ItemType><ItemName>מארז ביצי קינדר ג'וי</ItemName><ManufacturerName>קינדר</ManufacturerName><ManufactureCountry>דרום אפריקה</ManufactureCountry><ManufacturerItemDescription>קינדר ג'וי ורוד ורוד20*3</ManufacturerItemDescription><SoldByWeight/><Quantity>0.00</Quantity><UnitOfMeasure>יח'</UnitOfMeasure><QtyInPackage>לא ידוע</QtyInPackage><UnitOfMeasurePrice>0.0000</UnitOfMeasurePrice><AllowDiscount>1</AllowDiscount><ItemStatus>1</ItemStatus><ItemPrice>14.50</ItemPrice></item><item><PriceUpdateDate>2016-02-16 13:35:37</PriceUpdateDate><ItemCode>8000500214114</ItemCode><ItemType>1</ItemType><ItemName>קינדר בואנו מריר 43</ItemName><ManufacturerName>קינדר</ManufacturerName><ManufactureCountry>פולין</ManufactureCountry><ManufacturerItemDescription>חטיף וופל קינדר בואנו</ManufacturerItemDescription><SoldByWeight/><Quantity>43.00</Quantity><UnitOfMeasure>גרם     </UnitOfMeasure><QtyInPackage>לא ידוע</QtyInPackage><UnitOfMeasurePrice>0.1279</UnitOfMeasurePrice><AllowDiscount>1</AllowDiscount><ItemStatus>1</ItemStatus><ItemPrice>5.50</ItemPrice></item><item><PriceUpdateDate>2016-05-30 22:05:31</PriceUpdateDate><ItemCode>8000700000050</ItemCode><ItemType>1</ItemType><ItemName>סבון מוצק דאב רביעיי</ItemName><ManufacturerName>דאב</ManufacturerName><ManufactureCountry>ישראל</ManufactureCountry><ManufacturerItemDescription>סבון מוצק דאב רביעיי</ManufacturerItemDescription><SoldByWeight/><Quantity>400.00</Quantity><UnitOfMeasure>גרם     </UnitOfMeasure><QtyInPackage>לא ידוע</QtyInPackage><UnitOfMeasurePrice>0.0398</UnitOfMeasurePrice><AllowDiscount>1</AllowDiscount><ItemStatus>1</ItemStatus><ItemPrice>15.90</ItemPrice></item><item><PriceUpdateDate>2015-06-30 06:47:54</PriceUpdateDate><ItemCode>8001620011935</ItemCode><ItemType>1</ItemType><ItemName>מב מים סן בנדטו שישי</ItemName><ManufacturerName>לא ממותג</ManufacturerName><ManufactureCountry>ישראל</ManufactureCountry><ManufacturerItemDescription>שישית סן בנדטו מוגז עדין</ManufacturerItemDescription><SoldByWeight/><Quantity>3000.00</Quantity><UnitOfMeasure>מ"ל</UnitOfMeasure><QtyInPackage>לא ידוע</QtyInPackage><UnitOfMeasurePrice>0.0050</UnitOfMeasurePrice><AllowDiscount>1</AllowDiscount><ItemStatus>1</ItemStatus><ItemPrice>14.90</ItemPrice></item><item><PriceUpdateDate>2016-05-30 22:05:32</PriceUpdateDate><ItemCode>8002450204009</ItemCode><ItemType>1</ItemType><ItemName>מב יין ורדי אפרסק מב</ItemName><ManufacturerName>ורדי</ManufacturerName><ManufactureCountry>איטליה</ManufactureCountry><ManufacturerItemDescription>דאודורנט אקס    150AFRIמ</ManufacturerItemDescription><SoldByWeight/><Quantity>750.00</Quantity><UnitOfMeasure>מ"ל</UnitOfMeasure><QtyInPackage>לא ידוע</QtyInPackage><UnitOfMeasurePrice>0.0305</UnitOfMeasurePrice><AllowDiscount>1</AllowDiscount><ItemStatus>1</ItemStatus><ItemPrice>22.90</ItemPrice></item><item><PriceUpdateDate>2016-05-30 22:05:32</PriceUpdateDate><ItemCode>8002594003186</ItemCode><ItemType>1</ItemType><ItemName>מב עלים לקרמשניט 300</ItemName><ManufacturerName>לא ממותג</ManufacturerName><ManufactureCountry>ישראל</ManufactureCountry><ManufacturerItemDescription>עלים לעוגת קרם שניט 400</ManufacturerItemDescription><SoldByWeight/><Quantity>300.00</Quantity><UnitOfMeasure>גרם     </UnitOfMeasure><QtyInPackage>לא ידוע</QtyInPackage><UnitOfMeasurePrice>0.0497</UnitOfMeasurePrice><AllowDiscount>1</AllowDiscount><ItemStatus>1</ItemStatus><ItemPrice>14.90</ItemPrice></item><item><PriceUpdateDate>2016-05-01 21:47:23</PriceUpdateDate><ItemCode>8002910004798</ItemCode><ItemType>1</ItemType><ItemName>פיניש מפיץ ריח למדיח</ItemName><ManufacturerName>פיניש</ManufacturerName><ManufactureCountry>הונגריה</ManufactureCountry><ManufacturerItemDescription>פיניש מפיץ ריח למדיח</ManufacturerItemDescription><SoldByWeight/><Quantity>1.00</Quantity><UnitOfMeasure>יח'</UnitOfMeasure><QtyInPackage>לא ידוע</QtyInPackage><UnitOfMeasurePrice>17.9000</UnitOfMeasurePrice><AllowDiscount>1</AllowDiscount><ItemStatus>1</ItemStatus><ItemPrice>17.90</ItemPrice></item><item><PriceUpdateDate>2016-05-30 22:05:32</PriceUpdateDate><ItemCode>8004030026018</ItemCode><ItemType>1</ItemType><ItemName>ריו מארה אינסלטיסימי</ItemName><ManufacturerName>ריו מרה</ManufacturerName><ManufactureCountry>ישראל</ManufactureCountry><ManufacturerItemDescription>ריו מארה אינסלטיסימי</ManufacturerItemDescription><SoldByWeight/><Quantity>160.00</Quantity><UnitOfMeasure>גרם     </UnitOfMeasure><QtyInPackage>לא ידוע</QtyInPackage><UnitOfMeasurePrice>0.1269</UnitOfMeasurePrice><AllowDiscount>1</AllowDiscount><ItemStatus>1</ItemStatus><ItemPrice>20.30</ItemPrice></item><item><PriceUpdateDate>2016-05-30 22:05:32</PriceUpdateDate><ItemCode>8004030044005</ItemCode><ItemType>1</ItemType><ItemName>טונה ריו מארה בשמן ז</ItemName><ManufacturerName>לא ידוע</ManufacturerName><ManufactureCountry>איטליה</ManufactureCountry><ManufacturerItemDescription>טונה בשמן זית 160 ריומרה1</ManufacturerItemDescription><SoldByWeight/><Quantity>112.00</Quantity><UnitOfMeasure>גרם     </UnitOfMeasure><QtyInPackage>לא ידוע</QtyInPackage><UnitOfMeasurePrice>0.1777</UnitOfMeasurePrice><AllowDiscount>1</AllowDiscount><ItemStatus>1</ItemStatus><ItemPrice>19.90</ItemPrice></item><item><PriceUpdateDate>2016-05-30 22:05:32</PriceUpdateDate><ItemCode>8004030081024</ItemCode><ItemType>1</ItemType><ItemName>טונה ריו מארה בשמן ז</ItemName><ManufacturerName>ריו מרה</ManufacturerName><ManufactureCountry>איטליה</ManufactureCountry><ManufacturerItemDescription>גלייד מטהר אוויר3 מל</ManufacturerItemDescription><SoldByWeight/><Quantity>112.00</Quantity><UnitOfMeasure>גרם     </UnitOfMeasure><QtyInPackage>לא ידוע</QtyInPackage><UnitOfMeasurePrice>0.1777</UnitOfMeasurePrice><AllowDiscount>1</AllowDiscount><ItemStatus>1</ItemStatus><ItemPrice>19.90</ItemPrice></item><item><PriceUpdateDate>2016-05-01 21:47:23</PriceUpdateDate><ItemCode>8004030344938</ItemCode><ItemType>1</ItemType><ItemName>שלישיית טונה ריו מרה</ItemName><ManufacturerName>לא ממותג</ManufacturerName><ManufactureCountry>איטליה</ManufactureCountry><ManufacturerItemDescription>גלייד מטהר אווירנדר 300מ</ManufacturerItemDescription><SoldByWeight/><Quantity>240.00</Quantity><UnitOfMeasure>גרם     </UnitOfMeasure><QtyInPackage>לא ידוע</QtyInPackage><UnitOfMeasurePrice>0.1254</UnitOfMeasurePrice><AllowDiscount>1</AllowDiscount><ItemStatus>1</ItemStatus><ItemPrice>30.10</ItemPrice></item><item><PriceUpdateDate>2015-10-21 16:13:17</PriceUpdateDate><ItemCode>80050025</ItemCode><ItemType>1</ItemType><ItemName>סוכריות טיק טק תפוז</ItemName><ManufacturerName>טיק טק</ManufacturerName><ManufactureCountry>דרום אפריקה</ManufactureCountry><ManufacturerItemDescription>סוכריות טיק טק תפוז</ManufacturerItemDescription><SoldByWeight/><Quantity>0.00</Quantity><UnitOfMeasure>יח'</UnitOfMeasure><QtyInPackage>לא ידוע</QtyInPackage><UnitOfMeasurePrice>0.0000</UnitOfMeasurePrice><AllowDiscount>1</AllowDiscount><ItemStatus>1</ItemStatus><ItemPrice>3.80</ItemPrice></item><item><PriceUpdateDate>2015-10-21 16:13:17</PriceUpdateDate><ItemCode>80050124</ItemCode><ItemType>1</ItemType><ItemName>סוכריות טיק טק 16 גר</ItemName><ManufacturerName>טיק טק</ManufacturerName><ManufactureCountry>דרום אפריקה</ManufactureCountry><ManufacturerItemDescription>סוכריות טיק טק מנטה</ManufacturerItemDescription><SoldByWeight/><Quantity>0.00</Quantity><UnitOfMeasure>יח'</UnitOfMeasure><QtyInPackage>לא ידוע</QtyInPackage><UnitOfMeasurePrice>0.0000</UnitOfMeasurePrice><AllowDiscount>1</AllowDiscount><ItemStatus>1</ItemStatus><ItemPrice>3.80</ItemPrice></item><item><PriceUpdateDate>2014-11-03 06:38:42</PriceUpdateDate><ItemCode>80050278</ItemCode><ItemType>1</ItemType><ItemName>חטיף רושה שלישיה</ItemName><ManufacturerName>לא ידוע</ManufacturerName><ManufactureCountry>איטליה</ManufactureCountry><ManufacturerItemDescription>חטיף רושר</ManufacturerItemDescription><SoldByWeight/><Quantity>0.00</Quantity><UnitOfMeasure>יח'</UnitOfMeasure><QtyInPackage>לא ידוע</QtyInPackage><UnitOfMeasurePrice>0.0000</UnitOfMeasurePrice><AllowDiscount>1</AllowDiscount><ItemStatus>1</ItemStatus><ItemPrice>6.70</ItemPrice></item><item><PriceUpdateDate>2015-12-01 08:41:10</PriceUpdateDate><ItemCode>80050834</ItemCode><ItemType>1</ItemType><ItemName>מארז קינדר קאנטרי שי</ItemName><ManufacturerName>קינדר</ManufacturerName><ManufactureCountry>ישראל</ManufactureCountry><ManufacturerItemDescription>מארז קינדר קאנטרי שי</ManufacturerItemDescription><SoldByWeight/><Quantity>141.00</Quantity><UnitOfMeasure>גרם     </UnitOfMeasure><QtyInPackage>לא ידוע</QtyInPackage><UnitOfMeasurePrice>0.0915</UnitOfMeasurePrice><AllowDiscount>1</AllowDiscount><ItemStatus>1</ItemStatus><ItemPrice>12.90</ItemPrice></item><item><PriceUpdateDate>2015-10-11 18:11:06</PriceUpdateDate><ItemCode>8005200496525</ItemCode><ItemType>1</ItemType><ItemName>נסטי בטעם אפרסק 1.5</ItemName><ManufacturerName>נסטי</ManufacturerName><ManufactureCountry>ישראל</ManufactureCountry><ManufacturerItemDescription>נסטי אפרסק      יטר</ManufacturerItemDescription><SoldByWeight/><Quantity>1500.00</Quantity><UnitOfMeasure>מ"ל</UnitOfMeasure><QtyInPackage>לא ידוע</QtyInPackage><UnitOfMeasurePrice>0.0054</UnitOfMeasurePrice><AllowDiscount>1</AllowDiscount><ItemStatus>1</ItemStatus><ItemPrice>8.10</ItemPrice></item><item><PriceUpdateDate>2015-10-11 18:11:06</PriceUpdateDate><ItemCode>8005200536528</ItemCode><ItemType>1</ItemType><ItemName>נסטי בטעם מנגו אננס</ItemName><ManufacturerName>נסטי</ManufacturerName><ManufactureCountry>ישראל</ManufactureCountry><ManufacturerItemDescription>נסטי מנגו אננס  1. ליטר</ManufacturerItemDescription><SoldByWeight/><Quantity>1500.00</Quantity><UnitOfMeasure>מ"ל</UnitOfMeasure><QtyInPackage>לא ידוע</QtyInPackage><UnitOfMeasurePrice>0.0054</UnitOfMeasurePrice><AllowDiscount>1</AllowDiscount><ItemStatus>1</ItemStatus><ItemPrice>8.10</ItemPrice></item><item><PriceUpdateDate>2015-10-11 18:11:06</PriceUpdateDate><ItemCode>8005200786527</ItemCode><ItemType>1</ItemType><ItemName>נסטי בטעם תפוח 1.5 ל</ItemName><ManufacturerName>נסטי</ManufacturerName><ManufactureCountry>ישראל</ManufactureCountry><ManufacturerItemDescription>נסטי בטעם תפוח 1.5 ל</ManufacturerItemDescription><SoldByWeight/><Quantity>1500.00</Quantity><UnitOfMeasure>מ"ל</UnitOfMeasure><QtyInPackage>לא ידוע</QtyInPackage><UnitOfMeasurePrice>0.0054</UnitOfMeasurePrice><AllowDiscount>1</AllowDiscount><ItemStatus>1</ItemStatus><ItemPrice>8.10</ItemPrice></item><item><PriceUpdateDate>2015-10-21 16:13:17</PriceUpdateDate><ItemCode>80052173</ItemCode><ItemType>1</ItemType><ItemName>סוכריות טיק טק טעם פ</ItemName><ManufacturerName>טיק טק</ManufacturerName><ManufactureCountry>דרום אפריקה</ManufactureCountry><ManufacturerItemDescription>סוכריות טיק טק פסיפלורה 1</ManufacturerItemDescription><SoldByWeight/><Quantity>16.00</Quantity><UnitOfMeasure>גרם     </UnitOfMeasure><QtyInPackage>לא ידוע</QtyInPackage><UnitOfMeasurePrice>0.2375</UnitOfMeasurePrice><AllowDiscount>1</AllowDiscount><ItemStatus>1</ItemStatus><ItemPrice>3.80</ItemPrice></item><item><PriceUpdateDate>2016-02-16 13:35:37</PriceUpdateDate><ItemCode>80052760</ItemCode><ItemType>1</ItemType><ItemName>קינדר בואנו חלב 43 ג</ItemName><ManufacturerName>קינדר</ManufacturerName><ManufactureCountry>פולין</ManufactureCountry><ManufacturerItemDescription>חטיף וופל קינדר בואנו</ManufacturerItemDescription><SoldByWeight/><Quantity>43.00</Quantity><UnitOfMeasure>גרם     </UnitOfMeasure><QtyInPackage>לא ידוע</QtyInPackage><UnitOfMeasurePrice>0.1279</UnitOfMeasurePrice><AllowDiscount>1</AllowDiscount><ItemStatus>1</ItemStatus><ItemPrice>5.50</ItemPrice></item><item><PriceUpdateDate>2016-05-30 22:05:33</PriceUpdateDate><ItemCode>8007178120310</ItemCode><ItemType>1</ItemType><ItemName>חומץ בלסמי ג'קובצי 5</ItemName><ManufacturerName>ג'קובזי</ManufacturerName><ManufactureCountry>איטליה</ManufactureCountry><ManufacturerItemDescription>ג'לי דובונים    ם 250</ManufacturerItemDescription><SoldByWeight/><Quantity>500.00</Quantity><UnitOfMeasure>מ"ל</UnitOfMeasure><QtyInPackage>לא ידוע</QtyInPackage><UnitOfMeasurePrice>0.0520</UnitOfMeasurePrice><AllowDiscount>1</AllowDiscount><ItemStatus>1</ItemStatus><ItemPrice>26.00</ItemPrice></item><item><PriceUpdateDate>2016-05-30 22:05:33</PriceUpdateDate><ItemCode>8007290320766</ItemCode><ItemType>1</ItemType><ItemName>מב קנלוני 250 גרם</ItemName><ManufacturerName>לא ממותג</ManufacturerName><ManufactureCountry>ישראל</ManufactureCountry><ManufacturerItemDescription>מב קנלוני 250 גרם</ManufacturerItemDescription><SoldByWeight/><Quantity>250.00</Quantity><UnitOfMeasure>גרם     </UnitOfMeasure><QtyInPackage>לא ידוע</QtyInPackage><UnitOfMeasurePrice>0.0396</UnitOfMeasurePrice><AllowDiscount>1</AllowDiscount><ItemStatus>1</ItemStatus><ItemPrice>9.90</ItemPrice></item><item><PriceUpdateDate>2015-11-12 14:50:05</PriceUpdateDate><ItemCode>8008857406152</ItemCode><ItemType>1</ItemType><ItemName>אטריות עגולות עבות 5</ItemName><ManufacturerName>תומר</ManufacturerName><ManufactureCountry>ישראל</ManufactureCountry><ManufacturerItemDescription>אטריות עגולות עבות 5</ManufacturerItemDescription><SoldByWeight/><Quantity>500.00</Quantity><UnitOfMeasure>גרם     </UnitOfMeasure><QtyInPackage>לא ידוע</QtyInPackage><UnitOfMeasurePrice>0.0166</UnitOfMeasurePrice><AllowDiscount>1</AllowDiscount><ItemStatus>1</ItemStatus><ItemPrice>8.30</ItemPrice></item><item><PriceUpdateDate>2015-11-12 14:50:05</PriceUpdateDate><ItemCode>8008857500003</ItemCode><ItemType>1</ItemType><ItemName>אטריות עגולות עבות 5</ItemName><ManufacturerName>Desorties</ManufacturerName><ManufactureCountry>ישראל</ManufactureCountry><ManufacturerItemDescription>אטריות עגולות עבות 5</ManufacturerItemDescription><SoldByWeight/><Quantity>500.00</Quantity><UnitOfMeasure>גרם     </UnitOfMeasure><QtyInPackage>לא ידוע</QtyInPackage><UnitOfMeasurePrice>0.0166</UnitOfMeasurePrice><AllowDiscount>1</AllowDiscount><ItemStatus>1</ItemStatus><ItemPrice>8.30</ItemPrice></item><item><PriceUpdateDate>2015-10-06 15:02:59</PriceUpdateDate><ItemCode>8008920114069</ItemCode><ItemType>1</ItemType><ItemName>יין וילה ג'ובאני מוס</ItemName><ManufacturerName>לא ממותג</ManufacturerName><ManufactureCountry>ישראל</ManufactureCountry><ManufacturerItemDescription>יין וילה ג'ובאני מוס</ManufacturerItemDescription><SoldByWeight/><Quantity>750.00</Quantity><UnitOfMeasure>מ"ל</UnitOfMeasure><QtyInPackage>לא ידוע</QtyInPackage><UnitOfMeasurePrice>0.0465</UnitOfMeasurePrice><AllowDiscount>1</AllowDiscount><ItemStatus>1</ItemStatus><ItemPrice>34.90</ItemPrice></item><item><PriceUpdateDate>2016-03-16 15:40:35</PriceUpdateDate><ItemCode>80176800</ItemCode><ItemType>1</ItemType><ItemName>ממרח שוקולד נוטלה 75</ItemName><ManufacturerName>נוטלה</ManufacturerName><ManufactureCountry>פולין</ManufactureCountry><ManufacturerItemDescription>מסטיק מנטוס      90 גרם</ManufacturerItemDescription><SoldByWeight/><Quantity>750.00</Quantity><UnitOfMeasure>גרם     </UnitOfMeasure><QtyInPackage>לא ידוע</QtyInPackage><UnitOfMeasurePrice>0.0332</UnitOfMeasurePrice><AllowDiscount>1</AllowDiscount><ItemStatus>1</ItemStatus><ItemPrice>24.90</ItemPrice></item><item><PriceUpdateDate>2016-03-29 13:00:21</PriceUpdateDate><ItemCode>80177173</ItemCode><ItemType>1</ItemType><ItemName>ממרח שוקולד נוטלה 35</ItemName><ManufacturerName>פררו</ManufacturerName><ManufactureCountry>איטליה</ManufactureCountry><ManufacturerItemDescription>מסטיק מנטוס     ת מיקס90</ManufacturerItemDescription><SoldByWeight/><Quantity>350.00</Quantity><UnitOfMeasure>גרם     </UnitOfMeasure><QtyInPackage>לא ידוע</QtyInPackage><UnitOfMeasurePrice>0.0411</UnitOfMeasurePrice><AllowDiscount>1</AllowDiscount><ItemStatus>1</ItemStatus><ItemPrice>14.40</ItemPrice></item><item><PriceUpdateDate>2015-10-21 16:13:17</PriceUpdateDate><ItemCode>80177180</ItemCode><ItemType>1</ItemType><ItemName>חטיף קינדר קאנטרי 23</ItemName><ManufacturerName>קינדר</ManufacturerName><ManufactureCountry>איטליה</ManufactureCountry><ManufacturerItemDescription>שוקולד קינדר קאנטרי 23.5</ManufacturerItemDescription><SoldByWeight/><Quantity>24.00</Quantity><UnitOfMeasure>גרם     </UnitOfMeasure><QtyInPackage>לא ידוע</QtyInPackage><UnitOfMeasurePrice>0.1250</UnitOfMeasurePrice><AllowDiscount>1</AllowDiscount><ItemStatus>1</ItemStatus><ItemPrice>3.00</ItemPrice></item><item><PriceUpdateDate>2015-10-21 16:13:17</PriceUpdateDate><ItemCode>80177609</ItemCode><ItemType>1</ItemType><ItemName>אצבעות שוקולד קינדר</ItemName><ManufacturerName>קינדר</ManufacturerName><ManufactureCountry>איטליה</ManufactureCountry><ManufacturerItemDescription>שוקולד חלב ממולא קינדר50</ManufacturerItemDescription><SoldByWeight/><Quantity>50.00</Quantity><UnitOfMeasure>גרם     </UnitOfMeasure><QtyInPackage>לא ידוע</QtyInPackage><UnitOfMeasurePrice>0.1180</UnitOfMeasurePrice><AllowDiscount>1</AllowDiscount><ItemStatus>1</ItemStatus><ItemPrice>5.90</ItemPrice></item><item><PriceUpdateDate>2016-02-16 13:35:37</PriceUpdateDate><ItemCode>80177616</ItemCode><ItemType>1</ItemType><ItemName>שוקולד קינדר 100 גרם</ItemName><ManufacturerName>לא ידוע</ManufacturerName><ManufactureCountry>איטליה</ManufactureCountry><ManufacturerItemDescription>מסטיק מנטוס אבטיח 28 גרם</ManufacturerItemDescription><SoldByWeight/><Quantity>100.00</Quantity><UnitOfMeasure>גרם     </UnitOfMeasure><QtyInPackage>לא ידוע</QtyInPackage><UnitOfMeasurePrice>0.0950</UnitOfMeasurePrice><AllowDiscount>1</AllowDiscount><ItemStatus>1</ItemStatus><ItemPrice>9.50</ItemPrice></item><item><PriceUpdateDate>2015-11-17 08:21:52</PriceUpdateDate><ItemCode>8033087771367</ItemCode><ItemType>1</ItemType><ItemName>פניני תפו''א לה ניוק</ItemName><ManufacturerName>לא ממותג</ManufacturerName><ManufactureCountry>לא ידוע</ManufactureCountry><ManufacturerItemDescription>פניני תפו''א לה ניוק</ManufacturerItemDescription><SoldByWeight/><Quantity>500.00</Quantity><UnitOfMeasure>גרם     </UnitOfMeasure><QtyInPackage>לא ידוע</QtyInPackage><UnitOfMeasurePrice>0.0198</UnitOfMeasurePrice><AllowDiscount>1</AllowDiscount><ItemStatus>1</ItemStatus><ItemPrice>9.90</ItemPrice></item><item><PriceUpdateDate>2014-11-03 06:37:37</PriceUpdateDate><ItemCode>80518439660</ItemCode><ItemType>1</ItemType><ItemName>פרסים רמה 6</ItemName><ManufacturerName>שמחה זה אנחנו</ManufacturerName><ManufactureCountry>ישראל</ManufactureCountry><ManufacturerItemDescription>פרסים רמה 6</ManufacturerItemDescription><SoldByWeight/><Quantity>0.00</Quantity><UnitOfMeasure>יח'</UnitOfMeasure><QtyInPackage>לא ידוע</QtyInPackage><UnitOfMeasurePrice>0.0000</UnitOfMeasurePrice><AllowDiscount>1</AllowDiscount><ItemStatus>1</ItemStatus><ItemPrice>17.60</ItemPrice></item><item><PriceUpdateDate>2014-11-03 06:37:37</PriceUpdateDate><ItemCode>80518532897</ItemCode><ItemType>1</ItemType><ItemName>שקית בלון רמה 1</ItemName><ManufacturerName>שמחה זה אנחנו</ManufacturerName><ManufactureCountry>ישראל</ManufactureCountry><ManufacturerItemDescription>שקית בלון רמה 1</ManufacturerItemDescription><SoldByWeight/><Quantity>0.00</Quantity><UnitOfMeasure>יח'</UnitOfMeasure><QtyInPackage>לא ידוע</QtyInPackage><UnitOfMeasurePrice>0.0000</UnitOfMeasurePrice><AllowDiscount>1</AllowDiscount><ItemStatus>1</ItemStatus><ItemPrice>2.80</ItemPrice></item><item><PriceUpdateDate>2015-11-12 16:43:45</PriceUpdateDate><ItemCode>80767091</ItemCode><ItemType>1</ItemType><ItemName>מסטיק מנטוס ביג 90 ג</ItemName><ManufacturerName>מנטוס</ManufacturerName><ManufactureCountry>ישראל</ManufactureCountry><ManufacturerItemDescription>מסטיק מנטוס     ת אדומ90</ManufacturerItemDescription><SoldByWeight/><Quantity>90.00</Quantity><UnitOfMeasure>גרם     </UnitOfMeasure><QtyInPackage>לא ידוע</QtyInPackage><UnitOfMeasurePrice>0.2256</UnitOfMeasurePrice><AllowDiscount>1</AllowDiscount><ItemStatus>1</ItemStatus><ItemPrice>20.30</ItemPrice></item><item><PriceUpdateDate>2016-05-30 22:05:34</PriceUpdateDate><ItemCode>8076800195019</ItemCode><ItemType>1</ItemType><ItemName>ברילה ספגטי מ''ס 1 ק</ItemName><ManufacturerName>ברילה</ManufacturerName><ManufactureCountry>איטליה</ManufactureCountry><ManufacturerItemDescription>סוכריות ג'לי    בעות250ג</ManufacturerItemDescription><SoldByWeight/><Quantity>500.00</Quantity><UnitOfMeasure>גרם     </UnitOfMeasure><QtyInPackage>לא ידוע</QtyInPackage><UnitOfMeasurePrice>0.0130</UnitOfMeasurePrice><AllowDiscount>1</AllowDiscount><ItemStatus>1</ItemStatus><ItemPrice>6.50</ItemPrice></item><item><PriceUpdateDate>2016-05-30 22:05:34</PriceUpdateDate><ItemCode>8076800195033</ItemCode><ItemType>1</ItemType><ItemName>ברילה ספגטיני מ''ס 3</ItemName><ManufacturerName>ברילה</ManufacturerName><ManufactureCountry>איטליה</ManufactureCountry><ManufacturerItemDescription>ג'לי בצורת תולעים 250 גר</ManufacturerItemDescription><SoldByWeight/><Quantity>500.00</Quantity><UnitOfMeasure>גרם     </UnitOfMeasure><QtyInPackage>לא ידוע</QtyInPackage><UnitOfMeasurePrice>0.0130</UnitOfMeasurePrice><AllowDiscount>1</AllowDiscount><ItemStatus>1</ItemStatus><ItemPrice>6.50</ItemPrice></item><item><PriceUpdateDate>2016-05-30 22:05:34</PriceUpdateDate><ItemCode>8076800195132</ItemCode><ItemType>1</ItemType><ItemName>ברילה אטריות בבטה 50</ItemName><ManufacturerName>ברילה</ManufacturerName><ManufactureCountry>ישראל</ManufactureCountry><ManufacturerItemDescription>ברילה אטריות בבטה 50</ManufacturerItemDescription><SoldByWeight/><Quantity>500.00</Quantity><UnitOfMeasure>גרם     </UnitOfMeasure><QtyInPackage>לא ידוע</QtyInPackage><UnitOfMeasurePrice>0.0130</UnitOfMeasurePrice><AllowDiscount>1</AllowDiscount><ItemStatus>1</ItemStatus><ItemPrice>6.50</ItemPrice></item><item><PriceUpdateDate>2016-05-30 22:05:34</PriceUpdateDate><ItemCode>8076800315097</ItemCode><ItemType>1</ItemType><ItemName>ברילה ספגטי בוקטיני</ItemName><ManufacturerName>ברילה</ManufacturerName><ManufactureCountry>איטליה</ManufactureCountry><ManufacturerItemDescription>פסטה ברילה בוקטיני מס500</ManufacturerItemDescription><SoldByWeight/><Quantity>500.00</Quantity><UnitOfMeasure>גרם     </UnitOfMeasure><QtyInPackage>לא ידוע</QtyInPackage><UnitOfMeasurePrice>0.0130</UnitOfMeasurePrice><AllowDiscount>1</AllowDiscount><ItemStatus>1</ItemStatus><ItemPrice>6.50</ItemPrice></item><item><PriceUpdateDate>2016-05-30 22:05:34</PriceUpdateDate><ItemCode>8076800315479</ItemCode><ItemType>1</ItemType><ItemName>ברילה פסטה דיטלוני ר</ItemName><ManufacturerName>ברילה</ManufacturerName><ManufactureCountry>איטליה</ManufactureCountry><ManufacturerItemDescription>פסטה דיטלוני ריגוטני 500</ManufacturerItemDescription><SoldByWeight/><Quantity>500.00</Quantity><UnitOfMeasure>גרם     </UnitOfMeasure><QtyInPackage>לא ידוע</QtyInPackage><UnitOfMeasurePrice>0.0130</UnitOfMeasurePrice><AllowDiscount>1</AllowDiscount><ItemStatus>1</ItemStatus><ItemPrice>6.50</ItemPrice></item><item><PriceUpdateDate>2016-05-30 22:05:34</PriceUpdateDate><ItemCode>8076802085738</ItemCode><ItemType>1</ItemType><ItemName>ברילה פסטה פנה ריגטה</ItemName><ManufacturerName>ברילה</ManufacturerName><ManufactureCountry>איטליה</ManufactureCountry><ManufacturerItemDescription>פסטה ברילה פנה רגטה מס</ManufacturerItemDescription><SoldByWeight/><Quantity>500.00</Quantity><UnitOfMeasure>גרם     </UnitOfMeasure><QtyInPackage>לא ידוע</QtyInPackage><UnitOfMeasurePrice>0.0130</UnitOfMeasurePrice><AllowDiscount>1</AllowDiscount><ItemStatus>1</ItemStatus><ItemPrice>6.50</ItemPrice></item><item><PriceUpdateDate>2016-05-30 22:05:34</PriceUpdateDate><ItemCode>8076802085837</ItemCode><ItemType>1</ItemType><ItemName>ברילה פסטה טוטליני 5</ItemName><ManufacturerName>ברילה</ManufacturerName><ManufactureCountry>איטליה</ManufactureCountry><ManufacturerItemDescription>פסטה ברילה טורטיליוני מס</ManufacturerItemDescription><SoldByWeight/><Quantity>500.00</Quantity><UnitOfMeasure>גרם     </UnitOfMeasure><QtyInPackage>לא ידוע</QtyInPackage><UnitOfMeasurePrice>0.0130</UnitOfMeasurePrice><AllowDiscount>1</AllowDiscount><ItemStatus>1</ItemStatus><ItemPrice>6.50</ItemPrice></item><item><PriceUpdateDate>2016-05-30 22:05:34</PriceUpdateDate><ItemCode>8076802085981</ItemCode><ItemType>1</ItemType><ItemName>ברילה פסטה פוזילי 50</ItemName><ManufacturerName>ברילה</ManufacturerName><ManufactureCountry>איטליה</ManufactureCountry><ManufacturerItemDescription>ג'לי קולה       25 גרם</ManufacturerItemDescription><SoldByWeight/><Quantity>500.00</Quantity><UnitOfMeasure>גרם     </UnitOfMeasure><QtyInPackage>לא ידוע</QtyInPackage><UnitOfMeasurePrice>0.0130</UnitOfMeasurePrice><AllowDiscount>1</AllowDiscount><ItemStatus>1</ItemStatus><ItemPrice>6.50</ItemPrice></item><item><PriceUpdateDate>2016-05-30 22:05:34</PriceUpdateDate><ItemCode>8076808060654</ItemCode><ItemType>1</ItemType><ItemName>ברילה פסטה פרפלה 500</ItemName><ManufacturerName>ברילה</ManufacturerName><ManufactureCountry>איטליה</ManufactureCountry><ManufacturerItemDescription>פסטה ברילה פרפלה מס</ManufacturerItemDescription><SoldByWeight/><Quantity>500.00</Quantity><UnitOfMeasure>גרם     </UnitOfMeasure><QtyInPackage>לא ידוע</QtyInPackage><UnitOfMeasurePrice>0.0130</UnitOfMeasurePrice><AllowDiscount>1</AllowDiscount><ItemStatus>1</ItemStatus><ItemPrice>6.50</ItemPrice></item><item><PriceUpdateDate>2016-05-30 22:05:34</PriceUpdateDate><ItemCode>8076808070882</ItemCode><ItemType>1</ItemType><ItemName>מב ברילה קנלוני 500</ItemName><ManufacturerName>ברילה</ManufacturerName><ManufactureCountry>איטליה</ManufactureCountry><ManufacturerItemDescription>יוגטה מרשמלו    לגל 432ג</ManufacturerItemDescription><SoldByWeight/><Quantity>500.00</Quantity><UnitOfMeasure>גרם     </UnitOfMeasure><QtyInPackage>לא ידוע</QtyInPackage><UnitOfMeasurePrice>0.0238</UnitOfMeasurePrice><AllowDiscount>1</AllowDiscount><ItemStatus>1</ItemStatus><ItemPrice>11.90</ItemPrice></item><item><PriceUpdateDate>2016-05-30 22:05:34</PriceUpdateDate><ItemCode>8076808150072</ItemCode><ItemType>1</ItemType><ItemName>ברילה ספגטיני מ"ס 7</ItemName><ManufacturerName>ברילה</ManufacturerName><ManufactureCountry>איטליה</ManufactureCountry><ManufacturerItemDescription>סוכריות ג'לי    ם 100גרם</ManufacturerItemDescription><SoldByWeight/><Quantity>500.00</Quantity><UnitOfMeasure>גרם     </UnitOfMeasure><QtyInPackage>לא ידוע</QtyInPackage><UnitOfMeasurePrice>0.0130</UnitOfMeasurePrice><AllowDiscount>1</AllowDiscount><ItemStatus>1</ItemStatus><ItemPrice>6.50</ItemPrice></item><item><PriceUpdateDate>2016-05-30 22:05:34</PriceUpdateDate><ItemCode>8076809501415</ItemCode><ItemType>1</ItemType><ItemName>מב ברילה פסטה טריקול</ItemName><ManufacturerName>ברילה</ManufacturerName><ManufactureCountry>איטליה</ManufactureCountry><ManufacturerItemDescription>2 מברשות קולגייטלים סופט</ManufacturerItemDescription><SoldByWeight/><Quantity>500.00</Quantity><UnitOfMeasure>גרם     </UnitOfMeasure><QtyInPackage>לא ידוע</QtyInPackage><UnitOfMeasurePrice>0.0238</UnitOfMeasurePrice><AllowDiscount>1</AllowDiscount><ItemStatus>1</ItemStatus><ItemPrice>11.90</ItemPrice></item><item><PriceUpdateDate>2016-05-30 22:05:34</PriceUpdateDate><ItemCode>8076809512268</ItemCode><ItemType>1</ItemType><ItemName>ברילה פסטה גירנדולה</ItemName><ManufacturerName>ברילה</ManufacturerName><ManufactureCountry>איטליה</ManufactureCountry><ManufacturerItemDescription>סבון נוזלי       לגבר500</ManufacturerItemDescription><SoldByWeight/><Quantity>500.00</Quantity><UnitOfMeasure>גרם     </UnitOfMeasure><QtyInPackage>לא ידוע</QtyInPackage><UnitOfMeasurePrice>0.0130</UnitOfMeasurePrice><AllowDiscount>1</AllowDiscount><ItemStatus>1</ItemStatus><ItemPrice>6.50</ItemPrice></item><item><PriceUpdateDate>2016-05-01 21:47:23</PriceUpdateDate><ItemCode>8076809513388</ItemCode><ItemType>1</ItemType><ItemName>ברילה רוטב ארביאטה 4</ItemName><ManufacturerName>ברילה</ManufacturerName><ManufactureCountry>איטליה</ManufactureCountry><ManufacturerItemDescription>ג'ל רחצה        מוליב500</ManufacturerItemDescription><SoldByWeight/><Quantity>400.00</Quantity><UnitOfMeasure>גרם     </UnitOfMeasure><QtyInPackage>לא ידוע</QtyInPackage><UnitOfMeasurePrice>0.0380</UnitOfMeasurePrice><AllowDiscount>1</AllowDiscount><ItemStatus>1</ItemStatus><ItemPrice>15.20</ItemPrice></item><item><PriceUpdateDate>2016-05-01 21:47:23</PriceUpdateDate><ItemCode>8076809513395</ItemCode><ItemType>1</ItemType><ItemName>ברילה רוטב פומודורו</ItemName><ManufacturerName>ברילה</ManufacturerName><ManufactureCountry>איטליה</ManufactureCountry><ManufacturerItemDescription>זוג מברשות      ט פחם</ManufacturerItemDescription><SoldByWeight/><Quantity>400.00</Quantity><UnitOfMeasure>גרם     </UnitOfMeasure><QtyInPackage>לא ידוע</QtyInPackage><UnitOfMeasurePrice>0.0380</UnitOfMeasurePrice><AllowDiscount>1</AllowDiscount><ItemStatus>1</ItemStatus><ItemPrice>15.20</ItemPrice></item><item><PriceUpdateDate>2016-05-01 21:47:23</PriceUpdateDate><ItemCode>8076809513654</ItemCode><ItemType>1</ItemType><ItemName>ברילה  רוטב עגבניות</ItemName><ManufacturerName>ברילה</ManufacturerName><ManufactureCountry>איטליה</ManufactureCountry><ManufacturerItemDescription>סימילאק פדיאשור ונילה400</ManufacturerItemDescription><SoldByWeight/><Quantity>400.00</Quantity><UnitOfMeasure>מ"ל</UnitOfMeasure><QtyInPackage>לא ידוע</QtyInPackage><UnitOfMeasurePrice>0.0380</UnitOfMeasurePrice><AllowDiscount>1</AllowDiscount><ItemStatus>1</ItemStatus><ItemPrice>15.20</ItemPrice></item><item><PriceUpdateDate>2016-05-01 21:47:24</PriceUpdateDate><ItemCode>8076809513692</ItemCode><ItemType>1</ItemType><ItemName>ברילה רוטב נפוליטנה</ItemName><ManufacturerName>ברילה</ManufacturerName><ManufactureCountry>איטליה</ManufactureCountry><ManufacturerItemDescription>מנטוס תות 4 יח  ח37.5X'ג</ManufacturerItemDescription><SoldByWeight/><Quantity>400.00</Quantity><UnitOfMeasure>גרם     </UnitOfMeasure><QtyInPackage>לא ידוע</QtyInPackage><UnitOfMeasurePrice>0.0380</UnitOfMeasurePrice><AllowDiscount>1</AllowDiscount><ItemStatus>1</ItemStatus><ItemPrice>15.20</ItemPrice></item><item><PriceUpdateDate>2016-05-01 21:47:24</PriceUpdateDate><ItemCode>8076809513739</ItemCode><ItemType>1</ItemType><ItemName>רוטב בזיליקום ברילה</ItemName><ManufacturerName>ברילה</ManufacturerName><ManufactureCountry>איטליה</ManufactureCountry><ManufacturerItemDescription>נוטרילון שלה1-  80 גרם</ManufacturerItemDescription><SoldByWeight/><Quantity>400.00</Quantity><UnitOfMeasure>גרם     </UnitOfMeasure><QtyInPackage>לא ידוע</QtyInPackage><UnitOfMeasurePrice>0.0380</UnitOfMeasurePrice><AllowDiscount>1</AllowDiscount><ItemStatus>1</ItemStatus><ItemPrice>15.20</ItemPrice></item><item><PriceUpdateDate>2015-11-12 13:38:34</PriceUpdateDate><ItemCode>8076809523714</ItemCode><ItemType>1</ItemType><ItemName>ברילה אטריות ביצים 5</ItemName><ManufacturerName>ברילה</ManufacturerName><ManufactureCountry>איטליה</ManufactureCountry><ManufacturerItemDescription>נוטרילון שלב3-  80 גרם</ManufacturerItemDescription><SoldByWeight/><Quantity>500.00</Quantity><UnitOfMeasure>גרם     </UnitOfMeasure><QtyInPackage>לא ידוע</QtyInPackage><UnitOfMeasurePrice>0.0464</UnitOfMeasurePrice><AllowDiscount>1</AllowDiscount><ItemStatus>1</ItemStatus><ItemPrice>23.20</ItemPrice></item><item><PriceUpdateDate>2016-05-30 22:05:34</PriceUpdateDate><ItemCode>8076809523738</ItemCode><ItemType>1</ItemType><ItemName>מב לזניה 500 גרם ברי</ItemName><ManufacturerName>ברילה</ManufacturerName><ManufactureCountry>איטליה</ManufactureCountry><ManufacturerItemDescription>משחת שיניים     ל100 מ"ל</ManufacturerItemDescription><SoldByWeight/><Quantity>500.00</Quantity><UnitOfMeasure>גרם     </UnitOfMeasure><QtyInPackage>לא ידוע</QtyInPackage><UnitOfMeasurePrice>0.0318</UnitOfMeasurePrice><AllowDiscount>1</AllowDiscount><ItemStatus>1</ItemStatus><ItemPrice>15.90</ItemPrice></item><item><PriceUpdateDate>2016-03-29 06:17:41</PriceUpdateDate><ItemCode>8076809529433</ItemCode><ItemType>1</ItemType><ItemName>ברילה פסטה רגטה 500</ItemName><ManufacturerName>ברילה</ManufacturerName><ManufactureCountry>איטליה</ManufactureCountry><ManufacturerItemDescription>ברילה פנטה רגטה מחיטה מלא</ManufacturerItemDescription><SoldByWeight/><Quantity>500.00</Quantity><UnitOfMeasure>גרם     </UnitOfMeasure><QtyInPackage>לא ידוע</QtyInPackage><UnitOfMeasurePrice>0.0306</UnitOfMeasurePrice><AllowDiscount>1</AllowDiscount><ItemStatus>1</ItemStatus><ItemPrice>15.30</ItemPrice></item><item><PriceUpdateDate>2016-05-30 22:05:35</PriceUpdateDate><ItemCode>8076809537100</ItemCode><ItemType>1</ItemType><ItemName>ברילה פסטה סלנטיני 5</ItemName><ManufacturerName>ברילה</ManufacturerName><ManufactureCountry>איטליה</ManufactureCountry><ManufacturerItemDescription>פסטה ברילה סלנטיני 500 גר</ManufacturerItemDescription><SoldByWeight/><Quantity>500.00</Quantity><UnitOfMeasure>גרם     </UnitOfMeasure><QtyInPackage>לא ידוע</QtyInPackage><UnitOfMeasurePrice>0.0130</UnitOfMeasurePrice><AllowDiscount>1</AllowDiscount><ItemStatus>1</ItemStatus><ItemPrice>6.50</ItemPrice></item><item><PriceUpdateDate>2015-10-11 08:41:34</PriceUpdateDate><ItemCode>80768258</ItemCode><ItemType>1</ItemType><ItemName>ביצת הפתעה קינדר ג'ו</ItemName><ManufacturerName>קינדר</ManufacturerName><ManufactureCountry>פולין</ManufactureCountry><ManufacturerItemDescription>סוכריות מנטוס   64 גרם</ManufacturerItemDescription><SoldByWeight/><Quantity>0.00</Quantity><UnitOfMeasure>יח'</UnitOfMeasure><QtyInPackage>לא ידוע</QtyInPackage><UnitOfMeasurePrice>0.0000</UnitOfMeasurePrice><AllowDiscount>1</AllowDiscount><ItemStatus>1</ItemStatus><ItemPrice>6.90</ItemPrice></item><item><PriceUpdateDate>2016-01-08 09:23:13</PriceUpdateDate><ItemCode>80769699</ItemCode><ItemType>1</ItemType><ItemName>מסטיק מנטוס ווייט בט</ItemName><ManufacturerName>מנטוס</ManufacturerName><ManufactureCountry>ישראל</ManufactureCountry><ManufacturerItemDescription>מנטוס וויט       מנטה60ג</ManufacturerItemDescription><SoldByWeight/><Quantity>60.00</Quantity><UnitOfMeasure>גרם     </UnitOfMeasure><QtyInPackage>לא ידוע</QtyInPackage><UnitOfMeasurePrice>0.1650</UnitOfMeasurePrice><AllowDiscount>1</AllowDiscount><ItemStatus>1</ItemStatus><ItemPrice>9.90</ItemPrice></item><item><PriceUpdateDate>2015-10-21 16:20:54</PriceUpdateDate><ItemCode>80796121</ItemCode><ItemType>1</ItemType><ItemName>מסטיק מנטוס פירות מנ</ItemName><ManufacturerName>מנטוס</ManufacturerName><ManufactureCountry>ישראל</ManufactureCountry><ManufacturerItemDescription>מסטיק מנטוס     ת מנטה28</ManufacturerItemDescription><SoldByWeight/><Quantity>28.00</Quantity><UnitOfMeasure>גרם     </UnitOfMeasure><QtyInPackage>לא ידוע</QtyInPackage><UnitOfMeasurePrice>0.2429</UnitOfMeasurePrice><AllowDiscount>1</AllowDiscount><ItemStatus>1</ItemStatus><ItemPrice>6.80</ItemPrice></item><item><PriceUpdateDate>2015-10-21 16:20:54</PriceUpdateDate><ItemCode>80807049</ItemCode><ItemType>1</ItemType><ItemName>מסטיק מנטוס בטעם פיר</ItemName><ManufacturerName>מנטוס</ManufacturerName><ManufactureCountry>ישראל</ManufactureCountry><ManufacturerItemDescription>מסטיק מנטוס     ת אדומ28</ManufacturerItemDescription><SoldByWeight/><Quantity>28.00</Quantity><UnitOfMeasure>גרם     </UnitOfMeasure><QtyInPackage>לא ידוע</QtyInPackage><UnitOfMeasurePrice>0.2429</UnitOfMeasurePrice><AllowDiscount>1</AllowDiscount><ItemStatus>1</ItemStatus><ItemPrice>6.80</ItemPrice></item><item><PriceUpdateDate>2016-01-08 09:23:13</PriceUpdateDate><ItemCode>80828174</ItemCode><ItemType>1</ItemType><ItemName>מסטיק מנטוס ווייט בט</ItemName><ManufacturerName>מנטוס</ManufacturerName><ManufactureCountry>ישראל</ManufactureCountry><ManufacturerItemDescription>מסטיק מנטוס ויט טעם מנטה</ManufacturerItemDescription><SoldByWeight/><Quantity>60.00</Quantity><UnitOfMeasure>גרם     </UnitOfMeasure><QtyInPackage>לא ידוע</QtyInPackage><UnitOfMeasurePrice>0.1650</UnitOfMeasurePrice><AllowDiscount>1</AllowDiscount><ItemStatus>1</ItemStatus><ItemPrice>9.90</ItemPrice></item><item><PriceUpdateDate>2016-01-08 09:23:13</PriceUpdateDate><ItemCode>80850885</ItemCode><ItemType>1</ItemType><ItemName>מסטיק מנטוס ווייט בט</ItemName><ManufacturerName>מנטוס</ManufacturerName><ManufactureCountry>ישראל</ManufactureCountry><ManufacturerItemDescription>מסטיק מנטוס ויט טעם מנטה</ManufacturerItemDescription><SoldByWeight/><Quantity>60.00</Quantity><UnitOfMeasure>גרם     </UnitOfMeasure><QtyInPackage>לא ידוע</QtyInPackage><UnitOfMeasurePrice>0.1650</UnitOfMeasurePrice><AllowDiscount>1</AllowDiscount><ItemStatus>1</ItemStatus><ItemPrice>9.90</ItemPrice></item><item><PriceUpdateDate>2016-01-20 07:32:46</PriceUpdateDate><ItemCode>80859741</ItemCode><ItemType>1</ItemType><ItemName>בקבוקון מסטיק מנטוס</ItemName><ManufacturerName>מנטוס</ManufacturerName><ManufactureCountry>ישראל</ManufactureCountry><ManufacturerItemDescription>מנטוס וויט       מנטה60ג</ManufacturerItemDescription><SoldByWeight/><Quantity>60.00</Quantity><UnitOfMeasure>גרם     </UnitOfMeasure><QtyInPackage>לא ידוע</QtyInPackage><UnitOfMeasurePrice>0.1650</UnitOfMeasurePrice><AllowDiscount>1</AllowDiscount><ItemStatus>1</ItemStatus><ItemPrice>9.90</ItemPrice></item><item><PriceUpdateDate>2015-12-07 06:42:01</PriceUpdateDate><ItemCode>80869580</ItemCode><ItemType>1</ItemType><ItemName>מסטיק מנטוס ביג 90 ג</ItemName><ManufacturerName>מנטוס</ManufacturerName><ManufactureCountry>ישראל</ManufactureCountry><ManufacturerItemDescription>מסטיק מנטוס     ת אדומ90</ManufacturerItemDescription><SoldByWeight/><Quantity>90.00</Quantity><UnitOfMeasure>גרם     </UnitOfMeasure><QtyInPackage>לא ידוע</QtyInPackage><UnitOfMeasurePrice>0.2256</UnitOfMeasurePrice><AllowDiscount>1</AllowDiscount><ItemStatus>1</ItemStatus><ItemPrice>20.30</ItemPrice></item><item><PriceUpdateDate>2015-10-21 16:20:54</PriceUpdateDate><ItemCode>80923435</ItemCode><ItemType>1</ItemType><ItemName>מסטיק מנטוס בטעם אבט</ItemName><ManufacturerName>מנטוס</ManufacturerName><ManufactureCountry>ישראל</ManufactureCountry><ManufacturerItemDescription>מסטיק מנטוס אבטיח 28 גרם</ManufacturerItemDescription><SoldByWeight/><Quantity>28.00</Quantity><UnitOfMeasure>גרם     </UnitOfMeasure><QtyInPackage>לא ידוע</QtyInPackage><UnitOfMeasurePrice>0.2429</UnitOfMeasurePrice><AllowDiscount>1</AllowDiscount><ItemStatus>1</ItemStatus><ItemPrice>6.80</ItemPrice></item><item><PriceUpdateDate>2016-01-20 07:32:46</PriceUpdateDate><ItemCode>80927679</ItemCode><ItemType>1</ItemType><ItemName>בקבוקון מסטיק מנטוס</ItemName><ManufacturerName>מנטוס</ManufacturerName><ManufactureCountry>ישראל</ManufactureCountry><ManufacturerItemDescription>מנטוס וויט       מנטה60ג</ManufacturerItemDescription><SoldByWeight/><Quantity>60.00</Quantity><UnitOfMeasure>גרם     </UnitOfMeasure><QtyInPackage>לא ידוע</QtyInPackage><UnitOfMeasurePrice>0.1650</UnitOfMeasurePrice><AllowDiscount>1</AllowDiscount><ItemStatus>1</ItemStatus><ItemPrice>9.90</ItemPrice></item><item><PriceUpdateDate>2015-10-21 16:13:17</PriceUpdateDate><ItemCode>80936848</ItemCode><ItemType>1</ItemType><ItemName>סוכריות טיק טק בודד</ItemName><ManufacturerName>טיק טק</ManufacturerName><ManufactureCountry>דרום אפריקה</ManufactureCountry><ManufacturerItemDescription>סוכריות טיק טק בטעם תות</ManufacturerItemDescription><SoldByWeight/><Quantity>0.00</Quantity><UnitOfMeasure>יח'</UnitOfMeasure><QtyInPackage>לא ידוע</QtyInPackage><UnitOfMeasurePrice>0.0000</UnitOfMeasurePrice><AllowDiscount>1</AllowDiscount><ItemStatus>1</ItemStatus><ItemPrice>3.80</ItemPrice></item><item><PriceUpdateDate>2016-01-20 07:32:46</PriceUpdateDate><ItemCode>80949411</ItemCode><ItemType>1</ItemType><ItemName>בקבוקון מסטיק מנטוס</ItemName><ManufacturerName>מנטוס</ManufacturerName><ManufactureCountry>ישראל</ManufactureCountry><ManufacturerItemDescription>מנטוס וויט       מנטה60ג</ManufacturerItemDescription><SoldByWeight/><Quantity>60.00</Quantity><UnitOfMeasure>גרם     </UnitOfMeasure><QtyInPackage>לא ידוע</QtyInPackage><UnitOfMeasurePrice>0.1650</UnitOfMeasurePrice><AllowDiscount>1</AllowDiscount><ItemStatus>1</ItemStatus><ItemPrice>9.90</ItemPrice></item><item><PriceUpdateDate>2016-01-20 07:32:46</PriceUpdateDate><ItemCode>80949466</ItemCode><ItemType>1</ItemType><ItemName>בקבוקון מסטיק מנטוס</ItemName><ManufacturerName>מנטוס</ManufacturerName><ManufactureCountry>ישראל</ManufactureCountry><ManufacturerItemDescription>מנטוס וויט       מנטה60ג</ManufacturerItemDescription><SoldByWeight/><Quantity>60.00</Quantity><UnitOfMeasure>גרם     </UnitOfMeasure><QtyInPackage>לא ידוע</QtyInPackage><UnitOfMeasurePrice>0.1650</UnitOfMeasurePrice><AllowDiscount>1</AllowDiscount><ItemStatus>1</ItemStatus><ItemPrice>9.90</ItemPrice></item><item><PriceUpdateDate>2015-10-11 08:41:34</PriceUpdateDate><ItemCode>80974482</ItemCode><ItemType>1</ItemType><ItemName>ביצת הפתעה קינדר ג'ו</ItemName><ManufacturerName>קינדר</ManufacturerName><ManufactureCountry>פולין</ManufactureCountry><ManufacturerItemDescription>מנטוס מנטה 4 יח37.5'גרם</ManufacturerItemDescription><SoldByWeight/><Quantity>0.00</Quantity><UnitOfMeasure>יח'</UnitOfMeasure><QtyInPackage>לא ידוע</QtyInPackage><UnitOfMeasurePrice>0.0000</UnitOfMeasurePrice><AllowDiscount>1</AllowDiscount><ItemStatus>1</ItemStatus><ItemPrice>6.90</ItemPrice></item><item><PriceUpdateDate>2014-12-28 13:20:59</PriceUpdateDate><ItemCode>835811006091</ItemCode><ItemType>1</ItemType><ItemName>מרקיות מודפסות 10 יח</ItemName><ManufacturerName>הנמל</ManufacturerName><ManufactureCountry>ישראל</ManufactureCountry><ManufacturerItemDescription>מרקיות מודפסות 10 יח</ManufacturerItemDescription><SoldByWeight/><Quantity>10.00</Quantity><UnitOfMeasure>בודד</UnitOfMeasure><QtyInPackage>לא ידוע</QtyInPackage><UnitOfMeasurePrice>2.0100</UnitOfMeasurePrice><AllowDiscount>1</AllowDiscount><ItemStatus>1</ItemStatus><ItemPrice>20.10</ItemPrice></item><item><PriceUpdateDate>2016-05-30 22:02:39</PriceUpdateDate><ItemCode>835811006640</ItemCode><ItemType>1</ItemType><ItemName>צלחות קטנות בעיטור כ</ItemName><ManufacturerName>הנמל</ManufacturerName><ManufactureCountry>ישראל</ManufactureCountry><ManufacturerItemDescription>צלחות קטנות בעיטור כ</ManufacturerItemDescription><SoldByWeight/><Quantity>10.00</Quantity><UnitOfMeasure>בודד</UnitOfMeasure><QtyInPackage>לא ידוע</QtyInPackage><UnitOfMeasurePrice>2.0100</UnitOfMeasurePrice><AllowDiscount>1</AllowDiscount><ItemStatus>1</ItemStatus><ItemPrice>20.10</ItemPrice></item><item><PriceUpdateDate>2015-11-12 17:23:21</PriceUpdateDate><ItemCode>835811007357</ItemCode><ItemType>1</ItemType><ItemName>סלטינות לבן 25 יח'</ItemName><ManufacturerName>הנמל</ManufacturerName><ManufactureCountry>ישראל</ManufactureCountry><ManufacturerItemDescription>סלטינות לבן 25 יח'</ManufacturerItemDescription><SoldByWeight/><Quantity>25.00</Quantity><UnitOfMeasure>בודד</UnitOfMeasure><QtyInPackage>לא ידוע</QtyInPackage><UnitOfMeasurePrice>0.3000</UnitOfMeasurePrice><AllowDiscount>1</AllowDiscount><ItemStatus>1</ItemStatus><ItemPrice>7.50</ItemPrice></item><item><PriceUpdateDate>2015-11-12 17:23:21</PriceUpdateDate><ItemCode>835811008347</ItemCode><ItemType>1</ItemType><ItemName>גפרור ענק</ItemName><ManufacturerName>לא ידוע</ManufacturerName><ManufactureCountry>ישראל</ManufactureCountry><ManufacturerItemDescription>גפרור מיוחד ענק</ManufacturerItemDescription><SoldByWeight/><Quantity>0.00</Quantity><UnitOfMeasure>יח'</UnitOfMeasure><QtyInPackage>לא ידוע</QtyInPackage><UnitOfMeasurePrice>0.0000</UnitOfMeasurePrice><AllowDiscount>1</AllowDiscount><ItemStatus>1</ItemStatus><ItemPrice>8.40</ItemPrice></item><item><PriceUpdateDate>2014-11-03 06:37:18</PriceUpdateDate><ItemCode>835811008569</ItemCode><ItemType>1</ItemType><ItemName>קישוט לעוגה ולגלידה</ItemName><ManufacturerName>הנמל</ManufacturerName><ManufactureCountry>ישראל</ManufactureCountry><ManufacturerItemDescription>קישוט לעוגה ולגלידה</ManufacturerItemDescription><SoldByWeight/><Quantity>150.00</Quantity><UnitOfMeasure>גרם     </UnitOfMeasure><QtyInPackage>לא ידוע</QtyInPackage><UnitOfMeasurePrice>0.0873</UnitOfMeasurePrice><AllowDiscount>1</AllowDiscount><ItemStatus>1</ItemStatus><ItemPrice>13.10</ItemPrice></item><item><PriceUpdateDate>2016-01-01 09:51:37</PriceUpdateDate><ItemCode>835811008743</ItemCode><ItemType>1</ItemType><ItemName>קינואה מרובע 500 גרם</ItemName><ManufacturerName>לא ממותג</ManufacturerName><ManufactureCountry>ישראל</ManufactureCountry><ManufacturerItemDescription>קינואה מרובע 500 גרם</ManufacturerItemDescription><SoldByWeight/><Quantity>500.00</Quantity><UnitOfMeasure>גרם     </UnitOfMeasure><QtyInPackage>לא ידוע</QtyInPackage><UnitOfMeasurePrice>0.0458</UnitOfMeasurePrice><AllowDiscount>1</AllowDiscount><ItemStatus>1</ItemStatus><ItemPrice>22.90</ItemPrice></item><item><PriceUpdateDate>2016-01-05 08:48:35</PriceUpdateDate><ItemCode>835811008996</ItemCode><ItemType>1</ItemType><ItemName>כוסות חד פעמי מקרטון</ItemName><ManufacturerName>הנמל</ManufacturerName><ManufactureCountry>ישראל</ManufactureCountry><ManufacturerItemDescription>כוסות חד פעמי מקרטון</ManufacturerItemDescription><SoldByWeight/><Quantity>1.00</Quantity><UnitOfMeasure>יח'</UnitOfMeasure><QtyInPackage>לא ידוע</QtyInPackage><UnitOfMeasurePrice>12.5000</UnitOfMeasurePrice><AllowDiscount>1</AllowDiscount><ItemStatus>1</ItemStatus><ItemPrice>12.50</ItemPrice></item><item><PriceUpdateDate>2014-11-03 06:37:18</PriceUpdateDate><ItemCode>835811009016</ItemCode><ItemType>1</ItemType><ItemName>כוסות חד פעמי מקרטון</ItemName><ManufacturerName>הנמל</ManufacturerName><ManufactureCountry>ישראל</ManufactureCountry><ManufacturerItemDescription>כוסות חד פעמי מקרטון</ManufacturerItemDescription><SoldByWeight/><Quantity>50.00</Quantity><UnitOfMeasure>בודד</UnitOfMeasure><QtyInPackage>לא ידוע</QtyInPackage><UnitOfMeasurePrice>0.1660</UnitOfMeasurePrice><AllowDiscount>1</AllowDiscount><ItemStatus>1</ItemStatus><ItemPrice>8.30</ItemPrice></item><item><PriceUpdateDate>2016-02-23 08:48:45</PriceUpdateDate><ItemCode>835811009023</ItemCode><ItemType>1</ItemType><ItemName>מב כוסות חד פעמי מקר</ItemName><ManufacturerName>הנמל</ManufacturerName><ManufactureCountry>ישראל</ManufactureCountry><ManufacturerItemDescription>מב כוסות חד פעמי מקר</ManufacturerItemDescription><SoldByWeight/><Quantity>50.00</Quantity><UnitOfMeasure>יח'</UnitOfMeasure><QtyInPackage>לא ידוע</QtyInPackage><UnitOfMeasurePrice>0.1380</UnitOfMeasurePrice><AllowDiscount>1</AllowDiscount><ItemStatus>1</ItemStatus><ItemPrice>6.90</ItemPrice></item><item><PriceUpdateDate>2014-11-03 06:37:18</PriceUpdateDate><ItemCode>835811009221</ItemCode><ItemType>1</ItemType><ItemName>ליפתן חד פעמי אלגנט</ItemName><ManufacturerName>הנמל</ManufacturerName><ManufactureCountry>ישראל</ManufactureCountry><ManufacturerItemDescription>ליפתן חד פעמי אלגנט</ManufacturerItemDescription><SoldByWeight/><Quantity>0.00</Quantity><UnitOfMeasure>יח'</UnitOfMeasure><QtyInPackage>לא ידוע</QtyInPackage><UnitOfMeasurePrice>0.0000</UnitOfMeasurePrice><AllowDiscount>1</AllowDiscount><ItemStatus>1</ItemStatus><ItemPrice>12.80</ItemPrice></item><item><PriceUpdateDate>2016-05-01 21:46:16</PriceUpdateDate><ItemCode>835811009337</ItemCode><ItemType>1</ItemType><ItemName>כוסות חד פעמי ליין ש</ItemName><ManufacturerName>הנמל</ManufacturerName><ManufactureCountry>ישראל</ManufactureCountry><ManufacturerItemDescription>כוסות חד פעמי ליין ש</ManufacturerItemDescription><SoldByWeight/><Quantity>0.00</Quantity><UnitOfMeasure>יח'</UnitOfMeasure><QtyInPackage>לא ידוע</QtyInPackage><UnitOfMeasurePrice>0.0000</UnitOfMeasurePrice><AllowDiscount>1</AllowDiscount><ItemStatus>1</ItemStatus><ItemPrice>9.20</ItemPrice></item><item><PriceUpdateDate>2016-03-29 06:17:00</PriceUpdateDate><ItemCode>835811009412</ItemCode><ItemType>1</ItemType><ItemName>צלחות קטנות חד פעמי</ItemName><ManufacturerName>הנמל</ManufacturerName><ManufactureCountry>ישראל</ManufactureCountry><ManufacturerItemDescription>צלחות קטנות חד פעמי</ManufacturerItemDescription><SoldByWeight/><Quantity>25.00</Quantity><UnitOfMeasure>בודד</UnitOfMeasure><QtyInPackage>לא ידוע</QtyInPackage><UnitOfMeasurePrice>0.4360</UnitOfMeasurePrice><AllowDiscount>1</AllowDiscount><ItemStatus>1</ItemStatus><ItemPrice>10.90</ItemPrice></item><item><PriceUpdateDate>2016-03-31 10:18:38</PriceUpdateDate><ItemCode>835811009429</ItemCode><ItemType>1</ItemType><ItemName>מב צלחות גדולות חד פ</ItemName><ManufacturerName>הנמל</ManufacturerName><ManufactureCountry>ישראל</ManufactureCountry><ManufacturerItemDescription>מב צלחות גדולות חד פ</ManufacturerItemDescription><SoldByWeight/><Quantity>25.00</Quantity><UnitOfMeasure>בודד</UnitOfMeasure><QtyInPackage>לא ידוע</QtyInPackage><UnitOfMeasurePrice>0.3960</UnitOfMeasurePrice><AllowDiscount>1</AllowDiscount><ItemStatus>1</ItemStatus><ItemPrice>9.90</ItemPrice></item><item><PriceUpdateDate>2016-03-29 06:35:53</PriceUpdateDate><ItemCode>835811009436</ItemCode><ItemType>1</ItemType><ItemName>מב צלחות חד פעמי ענק</ItemName><ManufacturerName>הנמל</ManufacturerName><ManufactureCountry>ישראל</ManufactureCountry><ManufacturerItemDescription>מב צלחות חד פעמי ענק</ManufacturerItemDescription><SoldByWeight/><Quantity>25.00</Quantity><UnitOfMeasure>בודד</UnitOfMeasure><QtyInPackage>לא ידוע</QtyInPackage><UnitOfMeasurePrice>0.5560</UnitOfMeasurePrice><AllowDiscount>1</AllowDiscount><ItemStatus>1</ItemStatus><ItemPrice>13.90</ItemPrice></item><item><PriceUpdateDate>2015-11-12 17:23:21</PriceUpdateDate><ItemCode>835811009689</ItemCode><ItemType>1</ItemType><ItemName>כוסות חד פעמי לשתיה</ItemName><ManufacturerName>הנמל</ManufacturerName><ManufactureCountry>ישראל</ManufactureCountry><ManufacturerItemDescription>כוסות חד פעמי לשתיה</ManufacturerItemDescription><SoldByWeight/><Quantity>50.00</Quantity><UnitOfMeasure>בודד</UnitOfMeasure><QtyInPackage>לא ידוע</QtyInPackage><UnitOfMeasurePrice>0.2500</UnitOfMeasurePrice><AllowDiscount>1</AllowDiscount><ItemStatus>1</ItemStatus><ItemPrice>12.50</ItemPrice></item><item><PriceUpdateDate>2016-02-02 06:50:18</PriceUpdateDate><ItemCode>835811009764</ItemCode><ItemType>1</ItemType><ItemName>כפיות חד פעמי מוכסף</ItemName><ManufacturerName>הנמל</ManufacturerName><ManufactureCountry>ישראל</ManufactureCountry><ManufacturerItemDescription>כפיות חד פעמי מוכסף</ManufacturerItemDescription><SoldByWeight/><Quantity>0.00</Quantity><UnitOfMeasure>יח'</UnitOfMeasure><QtyInPackage>לא ידוע</QtyInPackage><UnitOfMeasurePrice>0.0000</UnitOfMeasurePrice><AllowDiscount>1</AllowDiscount><ItemStatus>1</ItemStatus><ItemPrice>7.50</ItemPrice></item><item><PriceUpdateDate>2016-02-02 06:50:18</PriceUpdateDate><ItemCode>835811009788</ItemCode><ItemType>1</ItemType><ItemName>מזלג חד פעמי מוכסף 2</ItemName><ManufacturerName>הנמל</ManufacturerName><ManufactureCountry>ישראל</ManufactureCountry><ManufacturerItemDescription>מזלג חד פעמי מוכסף 2</ManufacturerItemDescription><SoldByWeight/><Quantity>0.00</Quantity><UnitOfMeasure>יח'</UnitOfMeasure><QtyInPackage>לא ידוע</QtyInPackage><UnitOfMeasurePrice>0.0000</UnitOfMeasurePrice><AllowDiscount>1</AllowDiscount><ItemStatus>1</ItemStatus><ItemPrice>7.50</ItemPrice></item><item><PriceUpdateDate>2016-05-30 22:02:40</PriceUpdateDate><ItemCode>839762000641</ItemCode><ItemType>1</ItemType><ItemName>מיץ איילנד מנגו 1 לי</ItemName><ManufacturerName>איילנד</ManufacturerName><ManufactureCountry>מצרים</ManufactureCountry><ManufacturerItemDescription>נקטר איילנד      1 ליטר</ManufacturerItemDescription><SoldByWeight/><Quantity>1000.00</Quantity><UnitOfMeasure>מ"ל</UnitOfMeasure><QtyInPackage>לא ידוע</QtyInPackage><UnitOfMeasurePrice>0.0109</UnitOfMeasurePrice><AllowDiscount>1</AllowDiscount><ItemStatus>1</ItemStatus><ItemPrice>10.90</ItemPrice></item><item><PriceUpdateDate>2015-08-31 12:37:09</PriceUpdateDate><ItemCode>8410031936988</ItemCode><ItemType>1</ItemType><ItemName>לקקן מיני צ'ופה צ'ופ</ItemName><ManufacturerName>צ'ופה צ'ופס</ManufacturerName><ManufactureCountry>ישראל</ManufactureCountry><ManufacturerItemDescription>לקקן מיני צ'ופה צ'ופ</ManufacturerItemDescription><SoldByWeight/><Quantity>0.00</Quantity><UnitOfMeasure>גרם     </UnitOfMeasure><QtyInPackage>לא ידוע</QtyInPackage><UnitOfMeasurePrice>0.0000</UnitOfMeasurePrice><AllowDiscount>1</AllowDiscount><ItemStatus>1</ItemStatus><ItemPrice>19.90</ItemPrice></item><item><PriceUpdateDate>2016-05-30 22:05:35</PriceUpdateDate><ItemCode>8410076600622</ItemCode><ItemType>1</ItemType><ItemName>נייטשר וואלי קראנצ'י</ItemName><ManufacturerName>Nature Valley</ManufacturerName><ManufactureCountry>ספרד</ManufactureCountry><ManufacturerItemDescription>4 מברשות שיניים טרה קלין</ManufacturerItemDescription><SoldByWeight/><Quantity>210.00</Quantity><UnitOfMeasure>גרם     </UnitOfMeasure><QtyInPackage>לא ידוע</QtyInPackage><UnitOfMeasurePrice>0.0757</UnitOfMeasurePrice><AllowDiscount>1</AllowDiscount><ItemStatus>1</ItemStatus><ItemPrice>15.90</ItemPrice></item><item><PriceUpdateDate>2016-05-30 22:05:35</PriceUpdateDate><ItemCode>8410076600981</ItemCode><ItemType>1</ItemType><ItemName>נייטשר וואלי קראנצ'י</ItemName><ManufacturerName>Nature Valley</ManufacturerName><ManufactureCountry>ספרד</ManufactureCountry><ManufacturerItemDescription>קראנצי שבבי קוקוס 210 גר</ManufacturerItemDescription><SoldByWeight/><Quantity>210.00</Quantity><UnitOfMeasure>גרם     </UnitOfMeasure><QtyInPackage>לא ידוע</QtyInPackage><UnitOfMeasurePrice>0.0757</UnitOfMeasurePrice><AllowDiscount>1</AllowDiscount><ItemStatus>1</ItemStatus><ItemPrice>15.90</ItemPrice></item><item><PriceUpdateDate>2016-05-30 22:05:35</PriceUpdateDate><ItemCode>8410076610218</ItemCode><ItemType>1</ItemType><ItemName>נייטשר וואלי צ'ואי ש</ItemName><ManufacturerName>Nature Valley</ManufacturerName><ManufactureCountry>ארצות הברית</ManufactureCountry><ManufacturerItemDescription>2 מברשות שיניים יום 2 יח</ManufacturerItemDescription><SoldByWeight/><Quantity>150.00</Quantity><UnitOfMeasure>גרם     </UnitOfMeasure><QtyInPackage>לא ידוע</QtyInPackage><UnitOfMeasurePrice>0.1060</UnitOfMeasurePrice><AllowDiscount>1</AllowDiscount><ItemStatus>1</ItemStatus><ItemPrice>15.90</ItemPrice></item><item><PriceUpdateDate>2016-05-30 22:05:35</PriceUpdateDate><ItemCode>8410076610225</ItemCode><ItemType>1</ItemType><ItemName>נייטשר וואלי צ'ואי ש</ItemName><ManufacturerName>Nature Valley</ManufacturerName><ManufactureCountry>ארצות הברית</ManufactureCountry><ManufacturerItemDescription>משחת שיניים     וטקשן75מ</ManufacturerItemDescription><SoldByWeight/><Quantity>150.00</Quantity><UnitOfMeasure>גרם     </UnitOfMeasure><QtyInPackage>לא ידוע</QtyInPackage><UnitOfMeasurePrice>0.1060</UnitOfMeasurePrice><AllowDiscount>1</AllowDiscount><ItemStatus>1</ItemStatus><ItemPrice>15.90</ItemPrice></item><item><PriceUpdateDate>2016-05-30 22:05:35</PriceUpdateDate><ItemCode>8410076610270</ItemCode><ItemType>1</ItemType><ItemName>נייטשר וואלי פופקורן</ItemName><ManufacturerName>Nature Valley</ManufacturerName><ManufactureCountry>ספרד</ManufactureCountry><ManufacturerItemDescription>קראנצי שבבי קוקוס 210 גר</ManufacturerItemDescription><SoldByWeight/><Quantity>100.00</Quantity><UnitOfMeasure>גרם     </UnitOfMeasure><QtyInPackage>לא ידוע</QtyInPackage><UnitOfMeasurePrice>0.1590</UnitOfMeasurePrice><AllowDiscount>1</AllowDiscount><ItemStatus>1</ItemStatus><ItemPrice>15.90</ItemPrice></item><item><PriceUpdateDate>2016-05-30 22:05:35</PriceUpdateDate><ItemCode>8410104045111</ItemCode><ItemType>1</ItemType><ItemName>מלח למדיח פיניש 2 ק'</ItemName><ManufacturerName>פיניש</ManufacturerName><ManufactureCountry>ישראל</ManufactureCountry><ManufacturerItemDescription>פיניש מלח למדיח 2 קג</ManufacturerItemDescription><SoldByWeight/><Quantity>2000.00</Quantity><UnitOfMeasure>מ"ל</UnitOfMeasure><QtyInPackage>לא ידוע</QtyInPackage><UnitOfMeasurePrice>0.0075</UnitOfMeasurePrice><AllowDiscount>1</AllowDiscount><ItemStatus>1</ItemStatus><ItemPrice>14.90</ItemPrice></item><item><PriceUpdateDate>2016-03-29 06:37:13</PriceUpdateDate><ItemCode>8410104425906</ItemCode><ItemType>1</ItemType><ItemName>שעווה חמה בתוספת שומ</ItemName><ManufacturerName>לא ידוע</ManufacturerName><ManufactureCountry>צרפת</ManufactureCountry><ManufacturerItemDescription>שעווה חמה בתוספת שומ</ManufacturerItemDescription><SoldByWeight/><Quantity>455.00</Quantity><UnitOfMeasure>גרם     </UnitOfMeasure><QtyInPackage>לא ידוע</QtyInPackage><UnitOfMeasurePrice>0.0877</UnitOfMeasurePrice><AllowDiscount>1</AllowDiscount><ItemStatus>1</ItemStatus><ItemPrice>39.90</ItemPrice></item><item><PriceUpdateDate>2016-01-28 11:59:16</PriceUpdateDate><ItemCode>8410196051380</ItemCode><ItemType>1</ItemType><ItemName>וירג'יניאס עוגיות ח.</ItemName><ManufacturerName>ק.א.שוקולד</ManufacturerName><ManufactureCountry>ספרד</ManufactureCountry><ManufacturerItemDescription>ביסקוויט ח.מלאה ללא סוכר</ManufacturerItemDescription><SoldByWeight/><Quantity>120.00</Quantity><UnitOfMeasure>גרם     </UnitOfMeasure><QtyInPackage>לא ידוע</QtyInPackage><UnitOfMeasurePrice>0.1492</UnitOfMeasurePrice><AllowDiscount>1</AllowDiscount><ItemStatus>1</ItemStatus><ItemPrice>17.90</ItemPrice></item><item><PriceUpdateDate>2015-11-12 17:54:21</PriceUpdateDate><ItemCode>8410196058006</ItemCode><ItemType>1</ItemType><ItemName>וירג' שוקולד חלב ללא</ItemName><ManufacturerName>וירג'יניאס</ManufacturerName><ManufactureCountry>ישראל</ManufactureCountry><ManufacturerItemDescription>וירג' שוקולד חלב ללא</ManufacturerItemDescription><SoldByWeight/><Quantity>85.00</Quantity><UnitOfMeasure>גרם     </UnitOfMeasure><QtyInPackage>לא ידוע</QtyInPackage><UnitOfMeasurePrice>0.1671</UnitOfMeasurePrice><AllowDiscount>1</AllowDiscount><ItemStatus>1</ItemStatus><ItemPrice>14.20</ItemPrice></item><item><PriceUpdateDate>2016-05-30 22:05:35</PriceUpdateDate><ItemCode>8410376013177</ItemCode><ItemType>1</ItemType><ItemName>מב גולון קרקר פיקס מ</ItemName><ManufacturerName>ק.א.שוקולד</ManufacturerName><ManufactureCountry>ישראל</ManufactureCountry><ManufacturerItemDescription>מב גולון קרקר פיקס מ</ManufacturerItemDescription><SoldByWeight/><Quantity>350.00</Quantity><UnitOfMeasure>גרם     </UnitOfMeasure><QtyInPackage>לא ידוע</QtyInPackage><UnitOfMeasurePrice>0.0286</UnitOfMeasurePrice><AllowDiscount>1</AllowDiscount><ItemStatus>1</ItemStatus><ItemPrice>10.00</ItemPrice></item><item><PriceUpdateDate>2016-05-30 22:05:35</PriceUpdateDate><ItemCode>8410376013184</ItemCode><ItemType>1</ItemType><ItemName>מב גולון קרקר פיק דג</ItemName><ManufacturerName>ק.א.שוקולד</ManufacturerName><ManufactureCountry>ישראל</ManufactureCountry><ManufacturerItemDescription>מב גולון קרקר פיק דג</ManufacturerItemDescription><SoldByWeight/><Quantity>350.00</Quantity><UnitOfMeasure>גרם     </UnitOfMeasure><QtyInPackage>לא ידוע</QtyInPackage><UnitOfMeasurePrice>0.0286</UnitOfMeasurePrice><AllowDiscount>1</AllowDiscount><ItemStatus>1</ItemStatus><ItemPrice>10.00</ItemPrice></item><item><PriceUpdateDate>2015-12-01 08:42:28</PriceUpdateDate><ItemCode>8410679086014</ItemCode><ItemType>1</ItemType><ItemName>שוקולד מריר 100 גרם</ItemName><ManufacturerName>טראפה</ManufacturerName><ManufactureCountry>לא ידוע</ManufactureCountry><ManufacturerItemDescription>שוקולד מריר 100 גרם</ManufacturerItemDescription><SoldByWeight/><Quantity>100.00</Quantity><UnitOfMeasure>גרם     </UnitOfMeasure><QtyInPackage>לא ידוע</QtyInPackage><UnitOfMeasurePrice>0.0390</UnitOfMeasurePrice><AllowDiscount>1</AllowDiscount><ItemStatus>1</ItemStatus><ItemPrice>3.90</ItemPrice></item><item><PriceUpdateDate>2016-03-29 06:17:41</PriceUpdateDate><ItemCode>8411640001036</ItemCode><ItemType>1</ItemType><ItemName>ספיריט וודקה תפוזים</ItemName><ManufacturerName>לא ממותג</ManufacturerName><ManufactureCountry>לא ידוע</ManufactureCountry><ManufacturerItemDescription>ספיריט וודקה תפוזים</ManufacturerItemDescription><SoldByWeight/><Quantity>275.00</Quantity><UnitOfMeasure>מ"ל</UnitOfMeasure><QtyInPackage>לא ידוע</QtyInPackage><UnitOfMeasurePrice>0.0578</UnitOfMeasurePrice><AllowDiscount>1</AllowDiscount><ItemStatus>1</ItemStatus><ItemPrice>15.90</ItemPrice></item><item><PriceUpdateDate>2016-03-29 06:17:42</PriceUpdateDate><ItemCode>8411640001098</ItemCode><ItemType>1</ItemType><ItemName>ספיריט וודקה אננס 27</ItemName><ManufacturerName>לא ממותג</ManufacturerName><ManufactureCountry>לא ידוע</ManufactureCountry><ManufacturerItemDescription>ספיריט וודקה אננס 27</ManufacturerItemDescription><SoldByWeight/><Quantity>275.00</Quantity><UnitOfMeasure>מ"ל</UnitOfMeasure><QtyInPackage>לא ידוע</QtyInPackage><UnitOfMeasurePrice>0.0578</UnitOfMeasurePrice><AllowDiscount>1</AllowDiscount><ItemStatus>1</ItemStatus><ItemPrice>15.90</ItemPrice></item><item><PriceUpdateDate>2014-11-03 06:37:37</PriceUpdateDate><ItemCode>8412497473038</ItemCode><ItemType>1</ItemType><ItemName>כוס עם קש-ספיידרמן</ItemName><ManufacturerName>שמחה זה אנחנו</ManufacturerName><ManufactureCountry>ישראל</ManufactureCountry><ManufacturerItemDescription>כוס עם קש-ספיידרמן</ManufacturerItemDescription><SoldByWeight/><Quantity>0.00</Quantity><UnitOfMeasure>יח'</UnitOfMeasure><QtyInPackage>לא ידוע</QtyInPackage><UnitOfMeasurePrice>0.0000</UnitOfMeasurePrice><AllowDiscount>1</AllowDiscount><ItemStatus>1</ItemStatus><ItemPrice>7.90</ItemPrice></item><item><PriceUpdateDate>2015-11-12 17:38:38</PriceUpdateDate><ItemCode>84213017499</ItemCode><ItemType>1</ItemType><ItemName>מיסלי פירות יער אורג</ItemName><ManufacturerName>מסטמכר</ManufacturerName><ManufactureCountry>ישראל</ManufactureCountry><ManufacturerItemDescription>מיסלי פירות יער אורג</ManufacturerItemDescription><SoldByWeight/><Quantity>500.00</Quantity><UnitOfMeasure>גרם     </UnitOfMeasure><QtyInPackage>לא ידוע</QtyInPackage><UnitOfMeasurePrice>0.0408</UnitOfMeasurePrice><AllowDiscount>1</AllowDiscount><ItemStatus>1</ItemStatus><ItemPrice>20.40</ItemPrice></item><item><PriceUpdateDate>2016-02-02 06:52:04</PriceUpdateDate><ItemCode>8423207207362</ItemCode><ItemType>1</ItemType><ItemName>מב מרבה סלים דליס פי</ItemName><ManufacturerName>מרבה</ManufacturerName><ManufactureCountry>ישראל</ManufactureCountry><ManufacturerItemDescription>מב מרבה סלים דליס פי</ManufacturerItemDescription><SoldByWeight/><Quantity>120.00</Quantity><UnitOfMeasure>גרם     </UnitOfMeasure><QtyInPackage>לא ידוע</QtyInPackage><UnitOfMeasurePrice>0.0908</UnitOfMeasurePrice><AllowDiscount>1</AllowDiscount><ItemStatus>1</ItemStatus><ItemPrice>10.90</ItemPrice></item><item><PriceUpdateDate>2016-02-02 06:52:04</PriceUpdateDate><ItemCode>8423207208260</ItemCode><ItemType>1</ItemType><ItemName>מב מרבה סלים דליס חל</ItemName><ManufacturerName>מרבה</ManufacturerName><ManufactureCountry>ישראל</ManufactureCountry><ManufacturerItemDescription>מב מרבה סלים דליס חל</ManufacturerItemDescription><SoldByWeight/><Quantity>78.00</Quantity><UnitOfMeasure>גרם     </UnitOfMeasure><QtyInPackage>לא ידוע</QtyInPackage><UnitOfMeasurePrice>0.1397</UnitOfMeasurePrice><AllowDiscount>1</AllowDiscount><ItemStatus>1</ItemStatus><ItemPrice>10.90</ItemPrice></item><item><PriceUpdateDate>2016-05-01 21:47:24</PriceUpdateDate><ItemCode>8423207208680</ItemCode><ItemType>1</ItemType><ItemName>מב מרבה סלים דליס יל</ItemName><ManufacturerName>מרבה</ManufacturerName><ManufactureCountry>ספרד</ManufactureCountry><ManufacturerItemDescription>אג'קס לניקוי    .ורוד1.5</ManufacturerItemDescription><SoldByWeight/><Quantity>78.00</Quantity><UnitOfMeasure>גרם     </UnitOfMeasure><QtyInPackage>לא ידוע</QtyInPackage><UnitOfMeasurePrice>0.1397</UnitOfMeasurePrice><AllowDiscount>1</AllowDiscount><ItemStatus>1</ItemStatus><ItemPrice>10.90</ItemPrice></item><item><PriceUpdateDate>2016-04-22 15:25:39</PriceUpdateDate><ItemCode>8423207208697</ItemCode><ItemType>1</ItemType><ItemName>מב מרבה סלים דליס יל</ItemName><ManufacturerName>מרבה</ManufacturerName><ManufactureCountry>ספרד</ManufactureCountry><ManufacturerItemDescription>אג'קס לניקוי    .ורוד1.5</ManufacturerItemDescription><SoldByWeight/><Quantity>78.00</Quantity><UnitOfMeasure>גרם     </UnitOfMeasure><QtyInPackage>לא ידוע</QtyInPackage><UnitOfMeasurePrice>0.1397</UnitOfMeasurePrice><AllowDiscount>1</AllowDiscount><ItemStatus>1</ItemStatus><ItemPrice>10.90</ItemPrice></item><item><PriceUpdateDate>2015-10-20 11:18:39</PriceUpdateDate><ItemCode>8427030005461</ItemCode><ItemType>1</ItemType><ItemName>אבקת סימילאק קומפורט</ItemName><ManufacturerName>סימילאק</ManufacturerName><ManufactureCountry>אירלנד</ManufactureCountry><ManufacturerItemDescription>קפה טורקי בצלופן 100 גרם</ManufacturerItemDescription><SoldByWeight/><Quantity>820.00</Quantity><UnitOfMeasure>גרם     </UnitOfMeasure><QtyInPackage>לא ידוע</QtyInPackage><UnitOfMeasurePrice>0.1218</UnitOfMeasurePrice><AllowDiscount>1</AllowDiscount><ItemStatus>1</ItemStatus><ItemPrice>99.90</ItemPrice></item><item><PriceUpdateDate>2015-11-11 07:55:17</PriceUpdateDate><ItemCode>8436036186227</ItemCode><ItemType>1</ItemType><ItemName>סוכריות טרולי סוור מ</ItemName><ManufacturerName>טרולי</ManufacturerName><ManufactureCountry>ישראל</ManufactureCountry><ManufacturerItemDescription>סוכריות טרולי סוור מ</ManufacturerItemDescription><SoldByWeight/><Quantity>100.00</Quantity><UnitOfMeasure>גרם     </UnitOfMeasure><QtyInPackage>לא ידוע</QtyInPackage><UnitOfMeasurePrice>0.0800</UnitOfMeasurePrice><AllowDiscount>1</AllowDiscount><ItemStatus>1</ItemStatus><ItemPrice>8.00</ItemPrice></item><item><PriceUpdateDate>2016-05-02 08:05:38</PriceUpdateDate><ItemCode>856591000062</ItemCode><ItemType>1</ItemType><ItemName>עוגיות מזרחיות עבאדי</ItemName><ManufacturerName>עבדי</ManufacturerName><ManufactureCountry>ישראל</ManufactureCountry><ManufacturerItemDescription>ע.מזרחיות  מלח 400 גרם</ManufacturerItemDescription><SoldByWeight/><Quantity>400.00</Quantity><UnitOfMeasure>גרם     </UnitOfMeasure><QtyInPackage>לא ידוע</QtyInPackage><UnitOfMeasurePrice>0.0447</UnitOfMeasurePrice><AllowDiscount>1</AllowDiscount><ItemStatus>1</ItemStatus><ItemPrice>17.90</ItemPrice></item><item><PriceUpdateDate>2016-02-16 15:55:13</PriceUpdateDate><ItemCode>856591000437</ItemCode><ItemType>1</ItemType><ItemName>מיני מזרחיות בטעם פל</ItemName><ManufacturerName>עבאדי</ManufacturerName><ManufactureCountry>ישראל</ManufactureCountry><ManufacturerItemDescription>מיני נשנוש פלאפל אסלי</ManufacturerItemDescription><SoldByWeight/><Quantity>200.00</Quantity><UnitOfMeasure>גרם     </UnitOfMeasure><QtyInPackage>לא ידוע</QtyInPackage><UnitOfMeasurePrice>0.0595</UnitOfMeasurePrice><AllowDiscount>1</AllowDiscount><ItemStatus>1</ItemStatus><ItemPrice>11.90</ItemPrice></item><item><PriceUpdateDate>2016-05-30 22:02:41</PriceUpdateDate><ItemCode>856591000529</ItemCode><ItemType>1</ItemType><ItemName>מב עוגיות מזרחיות קמ</ItemName><ManufacturerName>עבאדי</ManufacturerName><ManufactureCountry>ישראל</ManufactureCountry><ManufacturerItemDescription>מב עוגיות מזרחיות קמ</ManufacturerItemDescription><SoldByWeight/><Quantity>400.00</Quantity><UnitOfMeasure>גרם     </UnitOfMeasure><QtyInPackage>לא ידוע</QtyInPackage><UnitOfMeasurePrice>0.0348</UnitOfMeasurePrice><AllowDiscount>1</AllowDiscount><ItemStatus>1</ItemStatus><ItemPrice>13.90</ItemPrice></item><item><PriceUpdateDate>2016-05-30 22:02:41</PriceUpdateDate><ItemCode>856591000550</ItemCode><ItemType>1</ItemType><ItemName>מב מיני מזרחיות בטעם</ItemName><ManufacturerName>עבאדי</ManufacturerName><ManufactureCountry>ישראל</ManufactureCountry><ManufacturerItemDescription>מיני נשנוש חריף בקטנה</ManufacturerItemDescription><SoldByWeight/><Quantity>200.00</Quantity><UnitOfMeasure>גרם     </UnitOfMeasure><QtyInPackage>לא ידוע</QtyInPackage><UnitOfMeasurePrice>0.0495</UnitOfMeasurePrice><AllowDiscount>1</AllowDiscount><ItemStatus>1</ItemStatus><ItemPrice>9.90</ItemPrice></item><item><PriceUpdateDate>2016-02-08 08:17:02</PriceUpdateDate><ItemCode>856591000598</ItemCode><ItemType>1</ItemType><ItemName>מיני נשנוש חריף  40</ItemName><ManufacturerName>עבאדי</ManufacturerName><ManufactureCountry>לא ידוע</ManufactureCountry><ManufacturerItemDescription>מיני נשנוש חריף  40</ManufacturerItemDescription><SoldByWeight/><Quantity>40.00</Quantity><UnitOfMeasure>גרם     </UnitOfMeasure><QtyInPackage>לא ידוע</QtyInPackage><UnitOfMeasurePrice>0.0625</UnitOfMeasurePrice><AllowDiscount>1</AllowDiscount><ItemStatus>1</ItemStatus><ItemPrice>2.50</ItemPrice></item><item><PriceUpdateDate>2016-05-30 22:02:38</PriceUpdateDate><ItemCode>85696608037</ItemCode><ItemType>1</ItemType><ItemName>מב טופו רך ללא גלוטן</ItemName><ManufacturerName>לא ממותג</ManufacturerName><ManufactureCountry>ישראל</ManufactureCountry><ManufacturerItemDescription>מב טופו רך ללא גלוטן</ManufacturerItemDescription><SoldByWeight/><Quantity>340.00</Quantity><UnitOfMeasure>גרם     </UnitOfMeasure><QtyInPackage>לא ידוע</QtyInPackage><UnitOfMeasurePrice>0.0291</UnitOfMeasurePrice><AllowDiscount>1</AllowDiscount><ItemStatus>1</ItemStatus><ItemPrice>9.90</ItemPrice></item><item><PriceUpdateDate>2016-05-30 22:05:36</PriceUpdateDate><ItemCode>8590160891652</ItemCode><ItemType>1</ItemType><ItemName>קפה ג'יקובס גולד 200</ItemName><ManufacturerName>ג'יקובס</ManufacturerName><ManufactureCountry>גרמניה</ManufactureCountry><ManufacturerItemDescription>משחת קולגייט    ף+הלבנ75</ManufacturerItemDescription><SoldByWeight/><Quantity>200.00</Quantity><UnitOfMeasure>גרם     </UnitOfMeasure><QtyInPackage>לא ידוע</QtyInPackage><UnitOfMeasurePrice>0.1495</UnitOfMeasurePrice><AllowDiscount>1</AllowDiscount><ItemStatus>1</ItemStatus><ItemPrice>29.90</ItemPrice></item><item><PriceUpdateDate>2016-03-16 08:48:56</PriceUpdateDate><ItemCode>8680763402017</ItemCode><ItemType>1</ItemType><ItemName>כוסות שתיה קרה ח.פ 1</ItemName><ManufacturerName>לא ממותג</ManufacturerName><ManufactureCountry>לא ידוע</ManufactureCountry><ManufacturerItemDescription>כוסות שתיה קרה ח.פ 1</ManufacturerItemDescription><SoldByWeight/><Quantity>100.00</Quantity><UnitOfMeasure>יח'</UnitOfMeasure><QtyInPackage>לא ידוע</QtyInPackage><UnitOfMeasurePrice>0.0390</UnitOfMeasurePrice><AllowDiscount>1</AllowDiscount><ItemStatus>1</ItemStatus><ItemPrice>3.90</ItemPrice></item><item><PriceUpdateDate>2015-11-06 11:08:29</PriceUpdateDate><ItemCode>8690327511727</ItemCode><ItemType>1</ItemType><ItemName>בירה קייזר 500 מ''ל</ItemName><ManufacturerName>לא ממותג</ManufacturerName><ManufactureCountry>לא ידוע</ManufactureCountry><ManufacturerItemDescription>בירה קייזר 500 מ''ל</ManufacturerItemDescription><SoldByWeight/><Quantity>500.00</Quantity><UnitOfMeasure>מ"ל</UnitOfMeasure><QtyInPackage>לא ידוע</QtyInPackage><UnitOfMeasurePrice>0.0116</UnitOfMeasurePrice><AllowDiscount>1</AllowDiscount><ItemStatus>1</ItemStatus><ItemPrice>5.80</ItemPrice></item><item><PriceUpdateDate>2016-05-30 22:05:37</PriceUpdateDate><ItemCode>8690521016943</ItemCode><ItemType>1</ItemType><ItemName>שמפו דאב לשיער צבוע</ItemName><ManufacturerName>דאב</ManufacturerName><ManufactureCountry>ישראל</ManufactureCountry><ManufacturerItemDescription>שמפו דאב לשיער צבוע</ManufacturerItemDescription><SoldByWeight/><Quantity>400.00</Quantity><UnitOfMeasure>מ"ל</UnitOfMeasure><QtyInPackage>לא ידוע</QtyInPackage><UnitOfMeasurePrice>0.0488</UnitOfMeasurePrice><AllowDiscount>1</AllowDiscount><ItemStatus>1</ItemStatus><ItemPrice>19.50</ItemPrice></item><item><PriceUpdateDate>2016-05-30 22:05:37</PriceUpdateDate><ItemCode>8690521017124</ItemCode><ItemType>1</ItemType><ItemName>מרכך דאב 400 מ''ל לש</ItemName><ManufacturerName>דאב</ManufacturerName><ManufactureCountry>ישראל</ManufactureCountry><ManufacturerItemDescription>מרכך דאב 400 מ''ל לש</ManufacturerItemDescription><SoldByWeight/><Quantity>400.00</Quantity><UnitOfMeasure>מ"ל</UnitOfMeasure><QtyInPackage>לא ידוע</QtyInPackage><UnitOfMeasurePrice>0.0488</UnitOfMeasurePrice><AllowDiscount>1</AllowDiscount><ItemStatus>1</ItemStatus><ItemPrice>19.50</ItemPrice></item><item><PriceUpdateDate>2016-05-30 22:05:37</PriceUpdateDate><ItemCode>8690521041228</ItemCode><ItemType>1</ItemType><ItemName>שמפו/מרכך דאב לשיער</ItemName><ManufacturerName>דאב</ManufacturerName><ManufactureCountry>ישראל</ManufactureCountry><ManufacturerItemDescription>שמפו/מרכך דאב לשיער</ManufacturerItemDescription><SoldByWeight/><Quantity>400.00</Quantity><UnitOfMeasure>מ"ל</UnitOfMeasure><QtyInPackage>לא ידוע</QtyInPackage><UnitOfMeasurePrice>0.0488</UnitOfMeasurePrice><AllowDiscount>1</AllowDiscount><ItemStatus>1</ItemStatus><ItemPrice>19.50</ItemPrice></item><item><PriceUpdateDate>2016-03-01 06:44:20</PriceUpdateDate><ItemCode>8690572760277</ItemCode><ItemType>1</ItemType><ItemName>מב סאיוס שמפו משקם 7</ItemName><ManufacturerName>סאיוס</ManufacturerName><ManufactureCountry>ישראל</ManufactureCountry><ManufacturerItemDescription>מב סאיוס שמפו משקם 7</ManufacturerItemDescription><SoldByWeight/><Quantity>750.00</Quantity><UnitOfMeasure>מ"ל</UnitOfMeasure><QtyInPackage>לא ידוע</QtyInPackage><UnitOfMeasurePrice>0.0199</UnitOfMeasurePrice><AllowDiscount>1</AllowDiscount><ItemStatus>1</ItemStatus><ItemPrice>14.90</ItemPrice></item><item><PriceUpdateDate>2016-03-01 06:44:20</PriceUpdateDate><ItemCode>8690572760284</ItemCode><ItemType>1</ItemType><ItemName>מב סאיוס שמפו הגנת צ</ItemName><ManufacturerName>סאיוס</ManufacturerName><ManufactureCountry>ישראל</ManufactureCountry><ManufacturerItemDescription>מב סאיוס שמפו הגנת צ</ManufacturerItemDescription><SoldByWeight/><Quantity>750.00</Quantity><UnitOfMeasure>מ"ל</UnitOfMeasure><QtyInPackage>לא ידוע</QtyInPackage><UnitOfMeasurePrice>0.0199</UnitOfMeasurePrice><AllowDiscount>1</AllowDiscount><ItemStatus>1</ItemStatus><ItemPrice>14.90</ItemPrice></item><item><PriceUpdateDate>2016-03-01 06:44:20</PriceUpdateDate><ItemCode>8690572765913</ItemCode><ItemType>1</ItemType><ItemName>מב סאיוס מרכך סירוק</ItemName><ManufacturerName>סאיוס</ManufacturerName><ManufactureCountry>ישראל</ManufactureCountry><ManufacturerItemDescription>מב סאיוס מרכך סירוק</ManufacturerItemDescription><SoldByWeight/><Quantity>750.00</Quantity><UnitOfMeasure>מ"ל</UnitOfMeasure><QtyInPackage>לא ידוע</QtyInPackage><UnitOfMeasurePrice>0.0199</UnitOfMeasurePrice><AllowDiscount>1</AllowDiscount><ItemStatus>1</ItemStatus><ItemPrice>14.90</ItemPrice></item><item><PriceUpdateDate>2016-05-30 22:05:37</PriceUpdateDate><ItemCode>8690637041143</ItemCode><ItemType>1</ItemType><ItemName>מרכך דאבלשיער פגום 4</ItemName><ManufacturerName>דאב</ManufacturerName><ManufactureCountry>ישראל</ManufactureCountry><ManufacturerItemDescription>מרכך דאב        גום 400מ</ManufacturerItemDescription><SoldByWeight/><Quantity>400.00</Quantity><UnitOfMeasure>מ"ל</UnitOfMeasure><QtyInPackage>לא ידוע</QtyInPackage><UnitOfMeasurePrice>0.0488</UnitOfMeasurePrice><AllowDiscount>1</AllowDiscount><ItemStatus>1</ItemStatus><ItemPrice>19.50</ItemPrice></item><item><PriceUpdateDate>2015-11-12 14:23:23</PriceUpdateDate><ItemCode>8690637073434</ItemCode><ItemType>1</ItemType><ItemName>תה ליפטון ארל גריי 1</ItemName><ManufacturerName>ליפטון</ManufacturerName><ManufactureCountry>ישראל</ManufactureCountry><ManufacturerItemDescription>תה ליפטון ארל גריי 1</ManufacturerItemDescription><SoldByWeight/><Quantity>200.00</Quantity><UnitOfMeasure>גרם     </UnitOfMeasure><QtyInPackage>לא ידוע</QtyInPackage><UnitOfMeasurePrice>0.1525</UnitOfMeasurePrice><AllowDiscount>1</AllowDiscount><ItemStatus>1</ItemStatus><ItemPrice>30.50</ItemPrice></item><item><PriceUpdateDate>2016-05-30 22:05:37</PriceUpdateDate><ItemCode>8690637538858</ItemCode><ItemType>1</ItemType><ItemName>דאו' ספריי אקס שוק 1</ItemName><ManufacturerName>אקס</ManufacturerName><ManufactureCountry>גרמניה</ManufactureCountry><ManufacturerItemDescription>דאודורנט אקס    15 מ"ל</ManufacturerItemDescription><SoldByWeight/><Quantity>150.00</Quantity><UnitOfMeasure>מ"ל</UnitOfMeasure><QtyInPackage>לא ידוע</QtyInPackage><UnitOfMeasurePrice>0.1060</UnitOfMeasurePrice><AllowDiscount>1</AllowDiscount><ItemStatus>1</ItemStatus><ItemPrice>15.90</ItemPrice></item><item><PriceUpdateDate>2016-05-30 22:05:38</PriceUpdateDate><ItemCode>8690637555084</ItemCode><ItemType>1</ItemType><ItemName>מרכך כביסה בדין אקסט</ItemName><ManufacturerName>בדין</ManufacturerName><ManufactureCountry>ישראל</ManufactureCountry><ManufacturerItemDescription>מרכך בדין אקסטראת התפוז</ManufacturerItemDescription><SoldByWeight/><Quantity>960.00</Quantity><UnitOfMeasure>מ"ל</UnitOfMeasure><QtyInPackage>לא ידוע</QtyInPackage><UnitOfMeasurePrice>0.0176</UnitOfMeasurePrice><AllowDiscount>0</AllowDiscount><ItemStatus>1</ItemStatus><ItemPrice>16.90</ItemPrice></item><item><PriceUpdateDate>2016-06-01 09:22:53</PriceUpdateDate><ItemCode>8690637561061</ItemCode><ItemType>1</ItemType><ItemName>דאו' סטיק דאב ללא סי</ItemName><ManufacturerName>דאב</ManufacturerName><ManufactureCountry>ישראל</ManufactureCountry><ManufacturerItemDescription>דאו' סטיק דאב ללא סי</ManufacturerItemDescription><SoldByWeight/><Quantity>50.00</Quantity><UnitOfMeasure>גרם     </UnitOfMeasure><QtyInPackage>לא ידוע</QtyInPackage><UnitOfMeasurePrice>0.6080</UnitOfMeasurePrice><AllowDiscount>1</AllowDiscount><ItemStatus>1</ItemStatus><ItemPrice>30.40</ItemPrice></item><item><PriceUpdateDate>2016-03-01 06:44:21</PriceUpdateDate><ItemCode>8690637617966</ItemCode><ItemType>1</ItemType><ItemName>דאו' רול און רקסונה</ItemName><ManufacturerName>רקסונה</ManufacturerName><ManufactureCountry>ישראל</ManufactureCountry><ManufacturerItemDescription>דאו.רקסונה      וור 50מ</ManufacturerItemDescription><SoldByWeight/><Quantity>50.00</Quantity><UnitOfMeasure>מ"ל</UnitOfMeasure><QtyInPackage>לא ידוע</QtyInPackage><UnitOfMeasurePrice>0.4880</UnitOfMeasurePrice><AllowDiscount>1</AllowDiscount><ItemStatus>1</ItemStatus><ItemPrice>24.40</ItemPrice></item><item><PriceUpdateDate>2016-05-01 21:47:24</PriceUpdateDate><ItemCode>8690637655968</ItemCode><ItemType>1</ItemType><ItemName>פנטסטיק סיף ג'ל אקונ</ItemName><ManufacturerName>סיף-פנטסטיק</ManufacturerName><ManufactureCountry>ישראל</ManufactureCountry><ManufacturerItemDescription>סיף ג'ל רוח ים  ה 750מל</ManufacturerItemDescription><SoldByWeight/><Quantity>750.00</Quantity><UnitOfMeasure>מ"ל</UnitOfMeasure><QtyInPackage>לא ידוע</QtyInPackage><UnitOfMeasurePrice>0.0205</UnitOfMeasurePrice><AllowDiscount>1</AllowDiscount><ItemStatus>1</ItemStatus><ItemPrice>15.40</ItemPrice></item><item><PriceUpdateDate>2016-05-30 22:05:38</PriceUpdateDate><ItemCode>8690637673887</ItemCode><ItemType>1</ItemType><ItemName>דאו' ספריי אקס גולד</ItemName><ManufacturerName>אקס</ManufacturerName><ManufactureCountry>גרמניה</ManufactureCountry><ManufacturerItemDescription>אקס ספריי לגוף  ולד 150מ</ManufacturerItemDescription><SoldByWeight/><Quantity>150.00</Quantity><UnitOfMeasure>מ"ל</UnitOfMeasure><QtyInPackage>לא ידוע</QtyInPackage><UnitOfMeasurePrice>0.1060</UnitOfMeasurePrice><AllowDiscount>1</AllowDiscount><ItemStatus>1</ItemStatus><ItemPrice>15.90</ItemPrice></item><item><PriceUpdateDate>2016-05-01 21:47:25</PriceUpdateDate><ItemCode>8690637682551</ItemCode><ItemType>1</ItemType><ItemName>מרכך כביסה בדין אקסט</ItemName><ManufacturerName>בדין</ManufacturerName><ManufactureCountry>ישראל</ManufactureCountry><ManufacturerItemDescription>מרכך כביסה בדין אקסט</ManufacturerItemDescription><SoldByWeight/><Quantity>960.00</Quantity><UnitOfMeasure>מ"ל</UnitOfMeasure><QtyInPackage>לא ידוע</QtyInPackage><UnitOfMeasurePrice>0.0285</UnitOfMeasurePrice><AllowDiscount>1</AllowDiscount><ItemStatus>1</ItemStatus><ItemPrice>27.40</ItemPrice></item><item><PriceUpdateDate>2016-05-01 21:47:25</PriceUpdateDate><ItemCode>8690637682575</ItemCode><ItemType>1</ItemType><ItemName>מרכך כביסה בדין אקסט</ItemName><ManufacturerName>בדין</ManufacturerName><ManufactureCountry>ישראל</ManufactureCountry><ManufacturerItemDescription>מרכך כביסה בדין אקסט</ManufacturerItemDescription><SoldByWeight/><Quantity>960.00</Quantity><UnitOfMeasure>מ"ל</UnitOfMeasure><QtyInPackage>לא ידוע</QtyInPackage><UnitOfMeasurePrice>0.0285</UnitOfMeasurePrice><AllowDiscount>1</AllowDiscount><ItemStatus>1</ItemStatus><ItemPrice>27.40</ItemPrice></item><item><PriceUpdateDate>2015-11-12 17:23:22</PriceUpdateDate><ItemCode>8690770322079</ItemCode><ItemType>1</ItemType><ItemName>שמרים יבשים 450 גרם</ItemName><ManufacturerName>הנמל</ManufacturerName><ManufactureCountry>ישראל</ManufactureCountry><ManufacturerItemDescription>שמרים יבשים 450 גרם</ManufacturerItemDescription><SoldByWeight/><Quantity>450.00</Quantity><UnitOfMeasure>גרם     </UnitOfMeasure><QtyInPackage>לא ידוע</QtyInPackage><UnitOfMeasurePrice>0.0324</UnitOfMeasurePrice><AllowDiscount>1</AllowDiscount><ItemStatus>1</ItemStatus><ItemPrice>14.60</ItemPrice></item><item><PriceUpdateDate>2015-11-12 17:23:22</PriceUpdateDate><ItemCode>8690770322598</ItemCode><ItemType>1</ItemType><ItemName>שמרים יבשים 125 גרם</ItemName><ManufacturerName>הנמל</ManufacturerName><ManufactureCountry>ישראל</ManufactureCountry><ManufacturerItemDescription>שמרים יבשים 125 גרם</ManufacturerItemDescription><SoldByWeight/><Quantity>125.00</Quantity><UnitOfMeasure>גרם     </UnitOfMeasure><QtyInPackage>לא ידוע</QtyInPackage><UnitOfMeasurePrice>0.0456</UnitOfMeasurePrice><AllowDiscount>1</AllowDiscount><ItemStatus>1</ItemStatus><ItemPrice>5.70</ItemPrice></item><item><PriceUpdateDate>2016-05-30 22:05:38</PriceUpdateDate><ItemCode>8690777204071</ItemCode><ItemType>1</ItemType><ItemName>פלפל חריף 640גרם מות</ItemName><ManufacturerName>Sera</ManufacturerName><ManufactureCountry>ישראל</ManufactureCountry><ManufacturerItemDescription>פלפל חריף 640 גרם</ManufacturerItemDescription><SoldByWeight/><Quantity>280.00</Quantity><UnitOfMeasure>גרם     </UnitOfMeasure><QtyInPackage>לא ידוע</QtyInPackage><UnitOfMeasurePrice>0.0582</UnitOfMeasurePrice><AllowDiscount>1</AllowDiscount><ItemStatus>1</ItemStatus><ItemPrice>16.30</ItemPrice></item><item><PriceUpdateDate>2016-05-30 22:05:39</PriceUpdateDate><ItemCode>8690777206051</ItemCode><ItemType>1</ItemType><ItemName>חצילים קלויים על האש</ItemName><ManufacturerName>Sera</ManufacturerName><ManufactureCountry>ישראל</ManufactureCountry><ManufacturerItemDescription>חציל קלוי על האש 650 גרם</ManufacturerItemDescription><SoldByWeight/><Quantity>650.00</Quantity><UnitOfMeasure>גרם     </UnitOfMeasure><QtyInPackage>לא ידוע</QtyInPackage><UnitOfMeasurePrice>0.0251</UnitOfMeasurePrice><AllowDiscount>1</AllowDiscount><ItemStatus>1</ItemStatus><ItemPrice>16.30</ItemPrice></item><item><PriceUpdateDate>2016-05-30 22:05:39</PriceUpdateDate><ItemCode>8690777221405</ItemCode><ItemType>1</ItemType><ItemName>פלפל אדום קלוי על הא</ItemName><ManufacturerName>.N.Y.C</ManufacturerName><ManufactureCountry>ישראל</ManufactureCountry><ManufacturerItemDescription>פלפל אדום קלוי על האש 650</ManufacturerItemDescription><SoldByWeight/><Quantity>400.00</Quantity><UnitOfMeasure>גרם     </UnitOfMeasure><QtyInPackage>לא ידוע</QtyInPackage><UnitOfMeasurePrice>0.0408</UnitOfMeasurePrice><AllowDiscount>1</AllowDiscount><ItemStatus>1</ItemStatus><ItemPrice>16.30</ItemPrice></item><item><PriceUpdateDate>2016-05-30 22:05:39</PriceUpdateDate><ItemCode>8690784211703</ItemCode><ItemType>1</ItemType><ItemName>מטהר אוייר גלייד טאל</ItemName><ManufacturerName>גלייד</ManufacturerName><ManufactureCountry>ישראל</ManufactureCountry><ManufacturerItemDescription>מטהר אוייר גלייד טאל</ManufacturerItemDescription><SoldByWeight/><Quantity>300.00</Quantity><UnitOfMeasure>מ"ל</UnitOfMeasure><QtyInPackage>לא ידוע</QtyInPackage><UnitOfMeasurePrice>0.0430</UnitOfMeasurePrice><AllowDiscount>1</AllowDiscount><ItemStatus>1</ItemStatus><ItemPrice>12.90</ItemPrice></item><item><PriceUpdateDate>2016-05-30 22:05:39</PriceUpdateDate><ItemCode>8690784211901</ItemCode><ItemType>1</ItemType><ItemName>מטהר אוייר גלייד הרמ</ItemName><ManufacturerName>גלייד</ManufacturerName><ManufactureCountry>ישראל</ManufactureCountry><ManufacturerItemDescription>מטהר אוייר גלייד הרמ</ManufacturerItemDescription><SoldByWeight/><Quantity>300.00</Quantity><UnitOfMeasure>מ"ל</UnitOfMeasure><QtyInPackage>לא ידוע</QtyInPackage><UnitOfMeasurePrice>0.0430</UnitOfMeasurePrice><AllowDiscount>1</AllowDiscount><ItemStatus>1</ItemStatus><ItemPrice>12.90</ItemPrice></item><item><PriceUpdateDate>2016-05-30 22:05:39</PriceUpdateDate><ItemCode>8690784212007</ItemCode><ItemType>1</ItemType><ItemName>גלייד ארוסול רעננות</ItemName><ManufacturerName>גלייד</ManufacturerName><ManufactureCountry>ישראל</ManufactureCountry><ManufacturerItemDescription>גלייד ארוסול רעננות</ManufacturerItemDescription><SoldByWeight/><Quantity>300.00</Quantity><UnitOfMeasure>מ"ל</UnitOfMeasure><QtyInPackage>לא ידוע</QtyInPackage><UnitOfMeasurePrice>0.0430</UnitOfMeasurePrice><AllowDiscount>1</AllowDiscount><ItemStatus>1</ItemStatus><ItemPrice>12.90</ItemPrice></item><item><PriceUpdateDate>2016-02-18 10:32:16</PriceUpdateDate><ItemCode>8690784816885</ItemCode><ItemType>1</ItemType><ItemName>מב גלייד ספריי אוטומ</ItemName><ManufacturerName>גלייד</ManufacturerName><ManufactureCountry>ישראל</ManufactureCountry><ManufacturerItemDescription>מב גלייד ספריי אוטומ</ManufacturerItemDescription><SoldByWeight/><Quantity>175.00</Quantity><UnitOfMeasure>גרם     </UnitOfMeasure><QtyInPackage>לא ידוע</QtyInPackage><UnitOfMeasurePrice>0.0851</UnitOfMeasurePrice><AllowDiscount>1</AllowDiscount><ItemStatus>1</ItemStatus><ItemPrice>14.90</ItemPrice></item><item><PriceUpdateDate>2016-02-02 06:52:07</PriceUpdateDate><ItemCode>8690784817110</ItemCode><ItemType>1</ItemType><ItemName>מב גלייד ספריי אוטומ</ItemName><ManufacturerName>גלייד</ManufacturerName><ManufactureCountry>ישראל</ManufactureCountry><ManufacturerItemDescription>גלייד מילוי     י 269מל</ManufacturerItemDescription><SoldByWeight/><Quantity>175.00</Quantity><UnitOfMeasure>גרם     </UnitOfMeasure><QtyInPackage>לא ידוע</QtyInPackage><UnitOfMeasurePrice>0.0851</UnitOfMeasurePrice><AllowDiscount>1</AllowDiscount><ItemStatus>1</ItemStatus><ItemPrice>14.90</ItemPrice></item><item><PriceUpdateDate>2015-10-06 15:03:05</PriceUpdateDate><ItemCode>8691530010793</ItemCode><ItemType>1</ItemType><ItemName>רכז רימון טהור 345 ג</ItemName><ManufacturerName>לא ידוע</ManufacturerName><ManufactureCountry>ישראל</ManufactureCountry><ManufacturerItemDescription>רוטב רימונים 345 גרם</ManufacturerItemDescription><SoldByWeight/><Quantity>346.00</Quantity><UnitOfMeasure>מ"ל</UnitOfMeasure><QtyInPackage>לא ידוע</QtyInPackage><UnitOfMeasurePrice>0.0546</UnitOfMeasurePrice><AllowDiscount>1</AllowDiscount><ItemStatus>1</ItemStatus><ItemPrice>18.90</ItemPrice></item><item><PriceUpdateDate>2016-05-30 22:05:39</PriceUpdateDate><ItemCode>8693323001902</ItemCode><ItemType>1</ItemType><ItemName>מב סוכריות גומי בצור</ItemName><ManufacturerName>יוגטה</ManufacturerName><ManufactureCountry>ישראל</ManufactureCountry><ManufacturerItemDescription>סוכריות ג'לי    מניות250</ManufacturerItemDescription><SoldByWeight/><Quantity>250.00</Quantity><UnitOfMeasure>גרם     </UnitOfMeasure><QtyInPackage>לא ידוע</QtyInPackage><UnitOfMeasurePrice>0.0316</UnitOfMeasurePrice><AllowDiscount>1</AllowDiscount><ItemStatus>1</ItemStatus><ItemPrice>7.90</ItemPrice></item><item><PriceUpdateDate>2016-05-30 22:05:39</PriceUpdateDate><ItemCode>8693323002909</ItemCode><ItemType>1</ItemType><ItemName>מב סוכריות גומי בצור</ItemName><ManufacturerName>יוגטה</ManufacturerName><ManufactureCountry>ישראל</ManufactureCountry><ManufacturerItemDescription>סוכריות גומי    חמוץ250ג</ManufacturerItemDescription><SoldByWeight/><Quantity>250.00</Quantity><UnitOfMeasure>גרם     </UnitOfMeasure><QtyInPackage>לא ידוע</QtyInPackage><UnitOfMeasurePrice>0.0316</UnitOfMeasurePrice><AllowDiscount>1</AllowDiscount><ItemStatus>1</ItemStatus><ItemPrice>7.90</ItemPrice></item><item><PriceUpdateDate>2016-05-30 22:05:39</PriceUpdateDate><ItemCode>8693323003906</ItemCode><ItemType>1</ItemType><ItemName>מב סוכריות גומי בצור</ItemName><ManufacturerName>יוגטה</ManufacturerName><ManufactureCountry>ישראל</ManufactureCountry><ManufacturerItemDescription>ג'לי דובונים    ם 250</ManufacturerItemDescription><SoldByWeight/><Quantity>250.00</Quantity><UnitOfMeasure>גרם     </UnitOfMeasure><QtyInPackage>לא ידוע</QtyInPackage><UnitOfMeasurePrice>0.0316</UnitOfMeasurePrice><AllowDiscount>1</AllowDiscount><ItemStatus>1</ItemStatus><ItemPrice>7.90</ItemPrice></item><item><PriceUpdateDate>2016-05-30 22:05:39</PriceUpdateDate><ItemCode>8693323005900</ItemCode><ItemType>1</ItemType><ItemName>מב סוכריות גומי בצור</ItemName><ManufacturerName>יוגטה</ManufacturerName><ManufactureCountry>ישראל</ManufactureCountry><ManufacturerItemDescription>ג'לי בצורת תולעים 250 גר</ManufacturerItemDescription><SoldByWeight/><Quantity>250.00</Quantity><UnitOfMeasure>גרם     </UnitOfMeasure><QtyInPackage>לא ידוע</QtyInPackage><UnitOfMeasurePrice>0.0316</UnitOfMeasurePrice><AllowDiscount>1</AllowDiscount><ItemStatus>1</ItemStatus><ItemPrice>7.90</ItemPrice></item><item><PriceUpdateDate>2016-05-30 22:05:39</PriceUpdateDate><ItemCode>8693323006907</ItemCode><ItemType>1</ItemType><ItemName>מב סוכריות גומי בצור</ItemName><ManufacturerName>יוגטה</ManufacturerName><ManufactureCountry>ישראל</ManufactureCountry><ManufacturerItemDescription>ג'לי לבבות       250 גרם</ManufacturerItemDescription><SoldByWeight/><Quantity>250.00</Quantity><UnitOfMeasure>גרם     </UnitOfMeasure><QtyInPackage>לא ידוע</QtyInPackage><UnitOfMeasurePrice>0.0316</UnitOfMeasurePrice><AllowDiscount>1</AllowDiscount><ItemStatus>1</ItemStatus><ItemPrice>7.90</ItemPrice></item><item><PriceUpdateDate>2016-05-30 22:05:39</PriceUpdateDate><ItemCode>8693323007904</ItemCode><ItemType>1</ItemType><ItemName>מב סוכריות גומי בצור</ItemName><ManufacturerName>יוגטה</ManufacturerName><ManufactureCountry>ישראל</ManufactureCountry><ManufacturerItemDescription>ג'לי קולה       25 גרם</ManufacturerItemDescription><SoldByWeight/><Quantity>250.00</Quantity><UnitOfMeasure>גרם     </UnitOfMeasure><QtyInPackage>לא ידוע</QtyInPackage><UnitOfMeasurePrice>0.0316</UnitOfMeasurePrice><AllowDiscount>1</AllowDiscount><ItemStatus>1</ItemStatus><ItemPrice>7.90</ItemPrice></item><item><PriceUpdateDate>2015-11-12 17:56:05</PriceUpdateDate><ItemCode>8693323031909</ItemCode><ItemType>1</ItemType><ItemName>מרשמלו ממולא ג'לי יו</ItemName><ManufacturerName>יוגטה</ManufacturerName><ManufactureCountry>ישראל</ManufactureCountry><ManufacturerItemDescription>מרשמלו ממולא ג'לי יו</ManufacturerItemDescription><SoldByWeight/><Quantity>90.00</Quantity><UnitOfMeasure>גרם     </UnitOfMeasure><QtyInPackage>לא ידוע</QtyInPackage><UnitOfMeasurePrice>0.0556</UnitOfMeasurePrice><AllowDiscount>1</AllowDiscount><ItemStatus>1</ItemStatus><ItemPrice>5.00</ItemPrice></item><item><PriceUpdateDate>2016-05-30 22:05:40</PriceUpdateDate><ItemCode>8693323042028</ItemCode><ItemType>1</ItemType><ItemName>מרשמלו מגולגל ארוך ב</ItemName><ManufacturerName>יוגטה</ManufacturerName><ManufactureCountry>ישראל</ManufactureCountry><ManufacturerItemDescription>יוגטה מרשמלו    לגל 432ג</ManufacturerItemDescription><SoldByWeight/><Quantity>432.00</Quantity><UnitOfMeasure>גרם     </UnitOfMeasure><QtyInPackage>לא ידוע</QtyInPackage><UnitOfMeasurePrice>0.0470</UnitOfMeasurePrice><AllowDiscount>1</AllowDiscount><ItemStatus>1</ItemStatus><ItemPrice>20.30</ItemPrice></item><item><PriceUpdateDate>2016-05-30 22:05:40</PriceUpdateDate><ItemCode>8693323044015</ItemCode><ItemType>1</ItemType><ItemName>מב ממתק גומי בטעם תו</ItemName><ManufacturerName>יוגטה</ManufacturerName><ManufactureCountry>ישראל</ManufactureCountry><ManufacturerItemDescription>מב ממתק גומי בטעם תו</ManufacturerItemDescription><SoldByWeight/><Quantity>250.00</Quantity><UnitOfMeasure>גרם     </UnitOfMeasure><QtyInPackage>לא ידוע</QtyInPackage><UnitOfMeasurePrice>0.0316</UnitOfMeasurePrice><AllowDiscount>1</AllowDiscount><ItemStatus>1</ItemStatus><ItemPrice>7.90</ItemPrice></item><item><PriceUpdateDate>2016-05-30 22:05:40</PriceUpdateDate><ItemCode>8693323045012</ItemCode><ItemType>1</ItemType><ItemName>מב ממתק גומי בטעם אב</ItemName><ManufacturerName>יוגטה</ManufacturerName><ManufactureCountry>ישראל</ManufactureCountry><ManufacturerItemDescription>מב ממתק גומי בטעם אב</ManufacturerItemDescription><SoldByWeight/><Quantity>250.00</Quantity><UnitOfMeasure>גרם     </UnitOfMeasure><QtyInPackage>לא ידוע</QtyInPackage><UnitOfMeasurePrice>0.0316</UnitOfMeasurePrice><AllowDiscount>1</AllowDiscount><ItemStatus>1</ItemStatus><ItemPrice>7.90</ItemPrice></item><item><PriceUpdateDate>2016-05-30 22:05:40</PriceUpdateDate><ItemCode>8697420502072</ItemCode><ItemType>1</ItemType><ItemName>מב מיץ רימונים אורגנ</ItemName><ManufacturerName>גרין פילד</ManufacturerName><ManufactureCountry>ישראל</ManufactureCountry><ManufacturerItemDescription>מיץ רימונים1 ל</ManufacturerItemDescription><SoldByWeight/><Quantity>1000.00</Quantity><UnitOfMeasure>מ"ל</UnitOfMeasure><QtyInPackage>לא ידוע</QtyInPackage><UnitOfMeasurePrice>0.0159</UnitOfMeasurePrice><AllowDiscount>1</AllowDiscount><ItemStatus>1</ItemStatus><ItemPrice>15.90</ItemPrice></item><item><PriceUpdateDate>2016-05-17 09:14:24</PriceUpdateDate><ItemCode>8697530910736</ItemCode><ItemType>1</ItemType><ItemName>ס.קנט טרי טק סילבר א</ItemName><ManufacturerName>קנט</ManufacturerName><ManufactureCountry>ישראל</ManufactureCountry><ManufacturerItemDescription>סיגריות קנט3 טק סילבר ארו</ManufacturerItemDescription><SoldByWeight/><Quantity>0.00</Quantity><UnitOfMeasure>יח'</UnitOfMeasure><QtyInPackage>לא ידוע</QtyInPackage><UnitOfMeasurePrice>0.0000</UnitOfMeasurePrice><AllowDiscount>1</AllowDiscount><ItemStatus>1</ItemStatus><ItemPrice>35.50</ItemPrice></item><item><PriceUpdateDate>2016-05-17 09:14:24</PriceUpdateDate><ItemCode>8697530910743</ItemCode><ItemType>1</ItemType><ItemName>ס.פאל מאל כחול קצר ב</ItemName><ManufacturerName>פאל מאל</ManufacturerName><ManufactureCountry>ישראל</ManufactureCountry><ManufacturerItemDescription>פאל מאל חפ.     סה</ManufacturerItemDescription><SoldByWeight/><Quantity>0.00</Quantity><UnitOfMeasure>יח'</UnitOfMeasure><QtyInPackage>לא ידוע</QtyInPackage><UnitOfMeasurePrice>0.0000</UnitOfMeasurePrice><AllowDiscount>1</AllowDiscount><ItemStatus>1</ItemStatus><ItemPrice>29.50</ItemPrice></item><item><PriceUpdateDate>2016-05-17 09:14:24</PriceUpdateDate><ItemCode>8697530910750</ItemCode><ItemType>1</ItemType><ItemName>ס.פאל מאל כחול ארוך</ItemName><ManufacturerName>פאל מאל</ManufacturerName><ManufactureCountry>ישראל</ManufactureCountry><ManufacturerItemDescription>פאל מאל חפ.     ך חפ.</ManufacturerItemDescription><SoldByWeight/><Quantity>0.00</Quantity><UnitOfMeasure>יח'</UnitOfMeasure><QtyInPackage>לא ידוע</QtyInPackage><UnitOfMeasurePrice>0.0000</UnitOfMeasurePrice><AllowDiscount>1</AllowDiscount><ItemStatus>1</ItemStatus><ItemPrice>29.50</ItemPrice></item><item><PriceUpdateDate>2016-05-17 09:14:24</PriceUpdateDate><ItemCode>8697530910781</ItemCode><ItemType>1</ItemType><ItemName>ס.פאל מאל אדום בודד</ItemName><ManufacturerName>פאל מאל</ManufacturerName><ManufactureCountry>ישראל</ManufactureCountry><ManufacturerItemDescription>סיגריות פאל מל אדום בודד</ManufacturerItemDescription><SoldByWeight/><Quantity>0.00</Quantity><UnitOfMeasure>יח'</UnitOfMeasure><QtyInPackage>לא ידוע</QtyInPackage><UnitOfMeasurePrice>0.0000</UnitOfMeasurePrice><AllowDiscount>1</AllowDiscount><ItemStatus>1</ItemStatus><ItemPrice>29.50</ItemPrice></item><item><PriceUpdateDate>2016-05-17 09:14:24</PriceUpdateDate><ItemCode>8697530911276</ItemCode><ItemType>1</ItemType><ItemName>ס.קנט קצר בודד</ItemName><ManufacturerName>קנט</ManufacturerName><ManufactureCountry>ישראל</ManufactureCountry><ManufacturerItemDescription>קנט קצר חפיסה</ManufacturerItemDescription><SoldByWeight/><Quantity>0.00</Quantity><UnitOfMeasure>יח'</UnitOfMeasure><QtyInPackage>לא ידוע</QtyInPackage><UnitOfMeasurePrice>0.0000</UnitOfMeasurePrice><AllowDiscount>1</AllowDiscount><ItemStatus>1</ItemStatus><ItemPrice>35.50</ItemPrice></item><item><PriceUpdateDate>2015-12-01 08:42:31</PriceUpdateDate><ItemCode>8710701019714</ItemCode><ItemType>1</ItemType><ItemName>מב וודקה אלכסנדרוב 1</ItemName><ManufacturerName>אלכסנדרוב</ManufacturerName><ManufactureCountry>הולנד</ManufactureCountry><ManufacturerItemDescription>וודקה אלכסנדרוב 1 ליטר</ManufacturerItemDescription><SoldByWeight/><Quantity>1000.00</Quantity><UnitOfMeasure>מ"ל</UnitOfMeasure><QtyInPackage>לא ידוע</QtyInPackage><UnitOfMeasurePrice>0.0799</UnitOfMeasurePrice><AllowDiscount>1</AllowDiscount><ItemStatus>1</ItemStatus><ItemPrice>79.90</ItemPrice></item><item><PriceUpdateDate>2016-03-29 06:17:44</PriceUpdateDate><ItemCode>8710800027573</ItemCode><ItemType>1</ItemType><ItemName>סוכריות מיני מנטוס מ</ItemName><ManufacturerName>מנטוס</ManufacturerName><ManufactureCountry>ישראל</ManufactureCountry><ManufacturerItemDescription>סוכריות מיני מנטוס מ</ManufacturerItemDescription><SoldByWeight/><Quantity>178.00</Quantity><UnitOfMeasure>גרם     </UnitOfMeasure><QtyInPackage>לא ידוע</QtyInPackage><UnitOfMeasurePrice>0.0938</UnitOfMeasurePrice><AllowDiscount>1</AllowDiscount><ItemStatus>1</ItemStatus><ItemPrice>16.70</ItemPrice></item><item><PriceUpdateDate>2016-05-30 22:05:40</PriceUpdateDate><ItemCode>8710908148293</ItemCode><ItemType>1</ItemType><ItemName>דאו' ספריי אקס בלק נ</ItemName><ManufacturerName>אקס</ManufacturerName><ManufactureCountry>גרמניה</ManufactureCountry><ManufacturerItemDescription>דאודורנט אקס    15 מ"ל</ManufacturerItemDescription><SoldByWeight/><Quantity>150.00</Quantity><UnitOfMeasure>מ"ל</UnitOfMeasure><QtyInPackage>לא ידוע</QtyInPackage><UnitOfMeasurePrice>0.1060</UnitOfMeasurePrice><AllowDiscount>1</AllowDiscount><ItemStatus>1</ItemStatus><ItemPrice>15.90</ItemPrice></item><item><PriceUpdateDate>2016-05-30 22:05:41</PriceUpdateDate><ItemCode>8711528211145</ItemCode><ItemType>3</ItemType><ItemName>מב גבינת גאודה במשקל</ItemName><ManufacturerName>נטו סחר</ManufacturerName><ManufactureCountry>לא ידוע</ManufactureCountry><ManufacturerItemDescription>מב גבינת גאודה במשקל</ManufacturerItemDescription><SoldByWeight/><Quantity>1.00</Quantity><UnitOfMeasure>ק"ג</UnitOfMeasure><QtyInPackage>לא ידוע</QtyInPackage><UnitOfMeasurePrice>89.0000</UnitOfMeasurePrice><AllowDiscount>1</AllowDiscount><ItemStatus>1</ItemStatus><ItemPrice>89.00</ItemPrice></item><item><PriceUpdateDate>2016-02-08 09:02:06</PriceUpdateDate><ItemCode>8711700826419</ItemCode><ItemType>1</ItemType><ItemName>תחליב רחצה דאב תאנה</ItemName><ManufacturerName>דאב</ManufacturerName><ManufactureCountry>גרמניה</ManufactureCountry><ManufacturerItemDescription>דאב תחליב רחצה תאנה 500 מ</ManufacturerItemDescription><SoldByWeight/><Quantity>500.00</Quantity><UnitOfMeasure>מ"ל</UnitOfMeasure><QtyInPackage>לא ידוע</QtyInPackage><UnitOfMeasurePrice>0.0358</UnitOfMeasurePrice><AllowDiscount>1</AllowDiscount><ItemStatus>1</ItemStatus><ItemPrice>17.90</ItemPrice></item><item><PriceUpdateDate>2016-03-29 13:00:39</PriceUpdateDate><ItemCode>8712400802499</ItemCode><ItemType>1</ItemType><ItemName>נוטרילון שלב 1 800 ג</ItemName><ManufacturerName>נוטרילון</ManufacturerName><ManufactureCountry>ישראל</ManufactureCountry><ManufacturerItemDescription>נוטרילון שלה1-  80 גרם</ManufacturerItemDescription><SoldByWeight/><Quantity>800.00</Quantity><UnitOfMeasure>גרם     </UnitOfMeasure><QtyInPackage>לא ידוע</QtyInPackage><UnitOfMeasurePrice>0.0811</UnitOfMeasurePrice><AllowDiscount>1</AllowDiscount><ItemStatus>1</ItemStatus><ItemPrice>64.90</ItemPrice></item><item><PriceUpdateDate>2016-03-29 13:00:39</PriceUpdateDate><ItemCode>8712400802536</ItemCode><ItemType>1</ItemType><ItemName>נוטרילון שלב 3 800 ג</ItemName><ManufacturerName>נוטרילון</ManufacturerName><ManufactureCountry>ישראל</ManufactureCountry><ManufacturerItemDescription>נוטרילון שלב3-  80 גרם</ManufacturerItemDescription><SoldByWeight/><Quantity>800.00</Quantity><UnitOfMeasure>גרם     </UnitOfMeasure><QtyInPackage>לא ידוע</QtyInPackage><UnitOfMeasurePrice>0.0811</UnitOfMeasurePrice><AllowDiscount>1</AllowDiscount><ItemStatus>1</ItemStatus><ItemPrice>64.90</ItemPrice></item><item><PriceUpdateDate>2016-02-08 09:02:06</PriceUpdateDate><ItemCode>8712561461436</ItemCode><ItemType>1</ItemType><ItemName>גיל רחצה אקס גולד 40</ItemName><ManufacturerName>אקס</ManufacturerName><ManufactureCountry>ישראל</ManufactureCountry><ManufacturerItemDescription>גיל רחצה אקס גולד 40</ManufacturerItemDescription><SoldByWeight/><Quantity>400.00</Quantity><UnitOfMeasure>מ"ל</UnitOfMeasure><QtyInPackage>לא ידוע</QtyInPackage><UnitOfMeasurePrice>0.0398</UnitOfMeasurePrice><AllowDiscount>1</AllowDiscount><ItemStatus>1</ItemStatus><ItemPrice>15.90</ItemPrice></item><item><PriceUpdateDate>2015-10-28 09:09:09</PriceUpdateDate><ItemCode>8712561676106</ItemCode><ItemType>1</ItemType><ItemName>ואזלין ספריי קרם גוף</ItemName><ManufacturerName>ואזלין אינטנסיב</ManufacturerName><ManufactureCountry>ישראל</ManufactureCountry><ManufacturerItemDescription>ואזלין ספריי קרם גוף</ManufacturerItemDescription><SoldByWeight/><Quantity>190.00</Quantity><UnitOfMeasure>מ"ל</UnitOfMeasure><QtyInPackage>לא ידוע</QtyInPackage><UnitOfMeasurePrice>0.1837</UnitOfMeasurePrice><AllowDiscount>1</AllowDiscount><ItemStatus>1</ItemStatus><ItemPrice>34.90</ItemPrice></item><item><PriceUpdateDate>2015-10-28 09:09:09</PriceUpdateDate><ItemCode>8712561692595</ItemCode><ItemType>1</ItemType><ItemName>ואזלין ספריי קרם גוף</ItemName><ManufacturerName>ואזלין אינטנסיב</ManufacturerName><ManufactureCountry>ישראל</ManufactureCountry><ManufacturerItemDescription>ואזלין ספריי קרם גוף</ManufacturerItemDescription><SoldByWeight/><Quantity>190.00</Quantity><UnitOfMeasure>מ"ל</UnitOfMeasure><QtyInPackage>לא ידוע</QtyInPackage><UnitOfMeasurePrice>0.1837</UnitOfMeasurePrice><AllowDiscount>1</AllowDiscount><ItemStatus>1</ItemStatus><ItemPrice>34.90</ItemPrice></item><item><PriceUpdateDate>2016-03-01 06:44:23</PriceUpdateDate><ItemCode>8712561794756</ItemCode><ItemType>1</ItemType><ItemName>תחליב רחצה דאב מן הי</ItemName><ManufacturerName>דאב מן</ManufacturerName><ManufactureCountry>ישראל</ManufactureCountry><ManufacturerItemDescription>תחליב רחצה דאב מן הי</ManufacturerItemDescription><SoldByWeight/><Quantity>400.00</Quantity><UnitOfMeasure>מ"ל</UnitOfMeasure><QtyInPackage>לא ידוע</QtyInPackage><UnitOfMeasurePrice>0.0447</UnitOfMeasurePrice><AllowDiscount>1</AllowDiscount><ItemStatus>1</ItemStatus><ItemPrice>17.90</ItemPrice></item><item><PriceUpdateDate>2016-05-30 22:05:41</PriceUpdateDate><ItemCode>8714599513781</ItemCode><ItemType>1</ItemType><ItemName>קפה ג'יקובס גולד 200</ItemName><ManufacturerName>ג'יקובס</ManufacturerName><ManufactureCountry>גרמניה</ManufactureCountry><ManufacturerItemDescription>משחת קולגייט    ף+הלבנ75</ManufacturerItemDescription><SoldByWeight/><Quantity>200.00</Quantity><UnitOfMeasure>גרם     </UnitOfMeasure><QtyInPackage>לא ידוע</QtyInPackage><UnitOfMeasurePrice>0.1495</UnitOfMeasurePrice><AllowDiscount>1</AllowDiscount><ItemStatus>1</ItemStatus><ItemPrice>29.90</ItemPrice></item><item><PriceUpdateDate>2016-05-30 22:05:41</PriceUpdateDate><ItemCode>8714599513866</ItemCode><ItemType>1</ItemType><ItemName>מב קפה ג'יקובס קרונו</ItemName><ManufacturerName>ג'יקובס</ManufacturerName><ManufactureCountry>גרמניה</ManufactureCountry><ManufacturerItemDescription>נסטי אפרסק      יטר</ManufacturerItemDescription><SoldByWeight/><Quantity>200.00</Quantity><UnitOfMeasure>גרם     </UnitOfMeasure><QtyInPackage>לא ידוע</QtyInPackage><UnitOfMeasurePrice>0.1495</UnitOfMeasurePrice><AllowDiscount>1</AllowDiscount><ItemStatus>1</ItemStatus><ItemPrice>29.90</ItemPrice></item><item><PriceUpdateDate>2016-05-06 10:43:08</PriceUpdateDate><ItemCode>8714789132549</ItemCode><ItemType>1</ItemType><ItemName>מב משחת שיניים קולגי</ItemName><ManufacturerName>קולגייט</ManufacturerName><ManufactureCountry>ישראל</ManufactureCountry><ManufacturerItemDescription>משחת שיניים     בנה100מל</ManufacturerItemDescription><SoldByWeight/><Quantity>1000.00</Quantity><UnitOfMeasure>מ"ל</UnitOfMeasure><QtyInPackage>לא ידוע</QtyInPackage><UnitOfMeasurePrice>0.0099</UnitOfMeasurePrice><AllowDiscount>1</AllowDiscount><ItemStatus>1</ItemStatus><ItemPrice>9.90</ItemPrice></item><item><PriceUpdateDate>2016-03-01 06:55:13</PriceUpdateDate><ItemCode>8714789177229</ItemCode><ItemType>1</ItemType><ItemName>מב מברשת שיניים קולג</ItemName><ManufacturerName>קולגייט</ManufacturerName><ManufactureCountry>ישראל</ManufactureCountry><ManufacturerItemDescription>4 מברשות שיניים טרה קלין</ManufacturerItemDescription><SoldByWeight/><Quantity>1.00</Quantity><UnitOfMeasure>יח'</UnitOfMeasure><QtyInPackage>לא ידוע</QtyInPackage><UnitOfMeasurePrice>11.9000</UnitOfMeasurePrice><AllowDiscount>1</AllowDiscount><ItemStatus>1</ItemStatus><ItemPrice>11.90</ItemPrice></item><item><PriceUpdateDate>2016-05-30 22:05:41</PriceUpdateDate><ItemCode>8714789213033</ItemCode><ItemType>1</ItemType><ItemName>מברשות שיניים זוג קו</ItemName><ManufacturerName>קולגייט</ManufacturerName><ManufactureCountry>סין</ManufactureCountry><ManufacturerItemDescription>פלמוליב לכלים   ריאלי900</ManufacturerItemDescription><SoldByWeight/><Quantity>1.00</Quantity><UnitOfMeasure>יח'</UnitOfMeasure><QtyInPackage>לא ידוע</QtyInPackage><UnitOfMeasurePrice>39.9000</UnitOfMeasurePrice><AllowDiscount>1</AllowDiscount><ItemStatus>1</ItemStatus><ItemPrice>39.90</ItemPrice></item><item><PriceUpdateDate>2016-05-30 22:05:41</PriceUpdateDate><ItemCode>8714789237039</ItemCode><ItemType>1</ItemType><ItemName>משחת שיניים קולגייט</ItemName><ManufacturerName>קולגייט</ManufacturerName><ManufactureCountry>פולין</ManufactureCountry><ManufacturerItemDescription>תה ג'איפור תפוז 20 שק'</ManufacturerItemDescription><SoldByWeight/><Quantity>75.00</Quantity><UnitOfMeasure>מ"ל</UnitOfMeasure><QtyInPackage>לא ידוע</QtyInPackage><UnitOfMeasurePrice>0.2653</UnitOfMeasurePrice><AllowDiscount>1</AllowDiscount><ItemStatus>1</ItemStatus><ItemPrice>19.90</ItemPrice></item><item><PriceUpdateDate>2016-03-29 06:37:15</PriceUpdateDate><ItemCode>8714789292915</ItemCode><ItemType>1</ItemType><ItemName>מב מברשת שיניים קולג</ItemName><ManufacturerName>קולגייט</ManufacturerName><ManufactureCountry>סין</ManufactureCountry><ManufacturerItemDescription>קפה טסטרס צ'וייסT 36 גרם</ManufacturerItemDescription><SoldByWeight/><Quantity>0.00</Quantity><UnitOfMeasure>יח'</UnitOfMeasure><QtyInPackage>לא ידוע</QtyInPackage><UnitOfMeasurePrice>0.0000</UnitOfMeasurePrice><AllowDiscount>1</AllowDiscount><ItemStatus>1</ItemStatus><ItemPrice>19.90</ItemPrice></item><item><PriceUpdateDate>2016-03-29 06:17:44</PriceUpdateDate><ItemCode>8714789402932</ItemCode><ItemType>1</ItemType><ItemName>אג'קס חגיגת הפרחים ו</ItemName><ManufacturerName>אג'קס</ManufacturerName><ManufactureCountry>ישראל</ManufactureCountry><ManufacturerItemDescription>אג'קס לניקוי    .ורוד1.5</ManufacturerItemDescription><SoldByWeight/><Quantity>1500.00</Quantity><UnitOfMeasure>מ"ל</UnitOfMeasure><QtyInPackage>לא ידוע</QtyInPackage><UnitOfMeasurePrice>0.0163</UnitOfMeasurePrice><AllowDiscount>1</AllowDiscount><ItemStatus>1</ItemStatus><ItemPrice>24.40</ItemPrice></item><item><PriceUpdateDate>2016-05-30 22:05:41</PriceUpdateDate><ItemCode>8714789529561</ItemCode><ItemType>1</ItemType><ItemName>משחת שיניים קולגייט</ItemName><ManufacturerName>קולגייט</ManufacturerName><ManufactureCountry>ישראל</ManufactureCountry><ManufacturerItemDescription>משחת קולגייט    ף+הלבנ75</ManufacturerItemDescription><SoldByWeight/><Quantity>75.00</Quantity><UnitOfMeasure>מ"ל</UnitOfMeasure><QtyInPackage>לא ידוע</QtyInPackage><UnitOfMeasurePrice>0.3653</UnitOfMeasurePrice><AllowDiscount>1</AllowDiscount><ItemStatus>1</ItemStatus><ItemPrice>27.40</ItemPrice></item><item><PriceUpdateDate>2016-03-01 06:44:23</PriceUpdateDate><ItemCode>8714789552897</ItemCode><ItemType>1</ItemType><ItemName>משחת שיניים קולגייט</ItemName><ManufacturerName>קולגייט</ManufacturerName><ManufactureCountry>פולין</ManufactureCountry><ManufacturerItemDescription>קפוצ'ינו וניל   ניל185ג</ManufacturerItemDescription><SoldByWeight/><Quantity>100.00</Quantity><UnitOfMeasure>מ"ל</UnitOfMeasure><QtyInPackage>לא ידוע</QtyInPackage><UnitOfMeasurePrice>0.2190</UnitOfMeasurePrice><AllowDiscount>1</AllowDiscount><ItemStatus>1</ItemStatus><ItemPrice>21.90</ItemPrice></item><item><PriceUpdateDate>2015-03-09 08:27:55</PriceUpdateDate><ItemCode>8714789831190</ItemCode><ItemType>1</ItemType><ItemName>משחת שיניים קולגייט</ItemName><ManufacturerName>קולגייט</ManufacturerName><ManufactureCountry>ישראל</ManufactureCountry><ManufacturerItemDescription>משחת שיניים קולגייט</ManufacturerItemDescription><SoldByWeight/><Quantity>75.00</Quantity><UnitOfMeasure>גרם     </UnitOfMeasure><QtyInPackage>לא ידוע</QtyInPackage><UnitOfMeasurePrice>0.2920</UnitOfMeasurePrice><AllowDiscount>1</AllowDiscount><ItemStatus>1</ItemStatus><ItemPrice>21.90</ItemPrice></item><item><PriceUpdateDate>2016-05-30 22:05:41</PriceUpdateDate><ItemCode>8714789831275</ItemCode><ItemType>1</ItemType><ItemName>מברשת שיניים קולגייט</ItemName><ManufacturerName>קולגייט</ManufacturerName><ManufactureCountry>ישראל</ManufactureCountry><ManufacturerItemDescription>מברשת שיניים קולגייט</ManufacturerItemDescription><SoldByWeight/><Quantity>0.00</Quantity><UnitOfMeasure>יח'</UnitOfMeasure><QtyInPackage>לא ידוע</QtyInPackage><UnitOfMeasurePrice>0.0000</UnitOfMeasurePrice><AllowDiscount>1</AllowDiscount><ItemStatus>1</ItemStatus><ItemPrice>40.10</ItemPrice></item><item><PriceUpdateDate>2016-05-30 22:05:42</PriceUpdateDate><ItemCode>8714789834467</ItemCode><ItemType>1</ItemType><ItemName>מב נוזל כלים פלמוליב</ItemName><ManufacturerName>פלמוליב</ManufacturerName><ManufactureCountry>ישראל</ManufactureCountry><ManufacturerItemDescription>פלמוליב לכלים   ים 1.5ל'</ManufacturerItemDescription><SoldByWeight/><Quantity>1500.00</Quantity><UnitOfMeasure>מ"ל</UnitOfMeasure><QtyInPackage>לא ידוע</QtyInPackage><UnitOfMeasurePrice>0.0106</UnitOfMeasurePrice><AllowDiscount>1</AllowDiscount><ItemStatus>1</ItemStatus><ItemPrice>15.90</ItemPrice></item><item><PriceUpdateDate>2016-05-30 22:05:42</PriceUpdateDate><ItemCode>8714789930848</ItemCode><ItemType>1</ItemType><ItemName>משחת שיניים קולגייט</ItemName><ManufacturerName>קולגייט</ManufacturerName><ManufactureCountry>פולין</ManufactureCountry><ManufacturerItemDescription>שמינית סוללות</ManufacturerItemDescription><SoldByWeight/><Quantity>75.00</Quantity><UnitOfMeasure>מ"ל</UnitOfMeasure><QtyInPackage>לא ידוע</QtyInPackage><UnitOfMeasurePrice>0.3933</UnitOfMeasurePrice><AllowDiscount>1</AllowDiscount><ItemStatus>1</ItemStatus><ItemPrice>29.50</ItemPrice></item><item><PriceUpdateDate>2016-05-01 21:47:26</PriceUpdateDate><ItemCode>8714789971230</ItemCode><ItemType>1</ItemType><ItemName>אג'קס נוזל ניקוי כלל</ItemName><ManufacturerName>אג'קס</ManufacturerName><ManufactureCountry>ישראל</ManufactureCountry><ManufacturerItemDescription>אג'קס ניקוי כללי סבון 2ל</ManufacturerItemDescription><SoldByWeight/><Quantity>2000.00</Quantity><UnitOfMeasure>מ"ל</UnitOfMeasure><QtyInPackage>לא ידוע</QtyInPackage><UnitOfMeasurePrice>0.0151</UnitOfMeasurePrice><AllowDiscount>1</AllowDiscount><ItemStatus>1</ItemStatus><ItemPrice>30.20</ItemPrice></item><item><PriceUpdateDate>2016-05-04 07:16:41</PriceUpdateDate><ItemCode>8715700419732</ItemCode><ItemType>1</ItemType><ItemName>מתבל עגבניות היינץ 7</ItemName><ManufacturerName>היינץ</ManufacturerName><ManufactureCountry>הולנד</ManufactureCountry><ManufacturerItemDescription>קטשופ היינץ 700 גרם</ManufacturerItemDescription><SoldByWeight/><Quantity>700.00</Quantity><UnitOfMeasure>גרם     </UnitOfMeasure><QtyInPackage>לא ידוע</QtyInPackage><UnitOfMeasurePrice>0.0199</UnitOfMeasurePrice><AllowDiscount>1</AllowDiscount><ItemStatus>1</ItemStatus><ItemPrice>13.90</ItemPrice></item><item><PriceUpdateDate>2016-05-30 22:05:42</PriceUpdateDate><ItemCode>8717163607305</ItemCode><ItemType>1</ItemType><ItemName>סבון מוצק דאב רביעיי</ItemName><ManufacturerName>דאב</ManufacturerName><ManufactureCountry>ישראל</ManufactureCountry><ManufacturerItemDescription>סבון מוצק דאב רביעיי</ManufacturerItemDescription><SoldByWeight/><Quantity>400.00</Quantity><UnitOfMeasure>גרם     </UnitOfMeasure><QtyInPackage>לא ידוע</QtyInPackage><UnitOfMeasurePrice>0.0398</UnitOfMeasurePrice><AllowDiscount>1</AllowDiscount><ItemStatus>1</ItemStatus><ItemPrice>15.90</ItemPrice></item><item><PriceUpdateDate>2016-05-30 22:05:42</PriceUpdateDate><ItemCode>8717200006962</ItemCode><ItemType>1</ItemType><ItemName>מב ממרח עוגיות פינוט</ItemName><ManufacturerName>לא ממותג</ManufacturerName><ManufactureCountry>לא ידוע</ManufactureCountry><ManufacturerItemDescription>מב ממרח עוגיות פינוט</ManufacturerItemDescription><SoldByWeight/><Quantity>350.00</Quantity><UnitOfMeasure>גרם     </UnitOfMeasure><QtyInPackage>לא ידוע</QtyInPackage><UnitOfMeasurePrice>0.0483</UnitOfMeasurePrice><AllowDiscount>1</AllowDiscount><ItemStatus>1</ItemStatus><ItemPrice>16.90</ItemPrice></item><item><PriceUpdateDate>2016-05-30 22:05:42</PriceUpdateDate><ItemCode>8717644390566</ItemCode><ItemType>1</ItemType><ItemName>סבון מוצק דאב רביעיי</ItemName><ManufacturerName>דאב</ManufacturerName><ManufactureCountry>ישראל</ManufactureCountry><ManufacturerItemDescription>סבון מוצק דאב רביעיי</ManufacturerItemDescription><SoldByWeight/><Quantity>400.00</Quantity><UnitOfMeasure>גרם     </UnitOfMeasure><QtyInPackage>לא ידוע</QtyInPackage><UnitOfMeasurePrice>0.0398</UnitOfMeasurePrice><AllowDiscount>1</AllowDiscount><ItemStatus>1</ItemStatus><ItemPrice>15.90</ItemPrice></item><item><PriceUpdateDate>2016-05-01 21:47:27</PriceUpdateDate><ItemCode>8718951001589</ItemCode><ItemType>1</ItemType><ItemName>אג'קס ספריי מסיר שומ</ItemName><ManufacturerName>אג'קס</ManufacturerName><ManufactureCountry>לא ידוע</ManufactureCountry><ManufacturerItemDescription>אג'קס ספריי מסיר שומ</ManufacturerItemDescription><SoldByWeight/><Quantity>600.00</Quantity><UnitOfMeasure>מ"ל</UnitOfMeasure><QtyInPackage>לא ידוע</QtyInPackage><UnitOfMeasurePrice>0.0282</UnitOfMeasurePrice><AllowDiscount>1</AllowDiscount><ItemStatus>1</ItemStatus><ItemPrice>16.90</ItemPrice></item><item><PriceUpdateDate>2016-05-01 21:47:27</PriceUpdateDate><ItemCode>8718951001596</ItemCode><ItemType>1</ItemType><ItemName>אג'קס ספריי אמבטיה 6</ItemName><ManufacturerName>אג'קס</ManufacturerName><ManufactureCountry>לא ידוע</ManufactureCountry><ManufacturerItemDescription>אג'קס ספריי אמבטיה 6</ManufacturerItemDescription><SoldByWeight/><Quantity>600.00</Quantity><UnitOfMeasure>מ"ל</UnitOfMeasure><QtyInPackage>לא ידוע</QtyInPackage><UnitOfMeasurePrice>0.0282</UnitOfMeasurePrice><AllowDiscount>1</AllowDiscount><ItemStatus>1</ItemStatus><ItemPrice>16.90</ItemPrice></item><item><PriceUpdateDate>2016-05-11 09:22:20</PriceUpdateDate><ItemCode>8718951007963</ItemCode><ItemType>1</ItemType><ItemName>מב נוזל כלים פלמוליב</ItemName><ManufacturerName>פלמוליב</ManufacturerName><ManufactureCountry>יוון</ManufactureCountry><ManufacturerItemDescription>מב נוזל כלים פלמוליב</ManufacturerItemDescription><SoldByWeight/><Quantity>500.00</Quantity><UnitOfMeasure>מ"ל</UnitOfMeasure><QtyInPackage>לא ידוע</QtyInPackage><UnitOfMeasurePrice>0.0118</UnitOfMeasurePrice><AllowDiscount>1</AllowDiscount><ItemStatus>1</ItemStatus><ItemPrice>5.90</ItemPrice></item><item><PriceUpdateDate>2016-06-07 12:25:55</PriceUpdateDate><ItemCode>8720100012445</ItemCode><ItemType>1</ItemType><ItemName>מב ג'נסן וופל טוסט 2</ItemName><ManufacturerName>ק.א.שוקולד</ManufacturerName><ManufactureCountry>הולנד</ManufactureCountry><ManufacturerItemDescription>וופל בלגי 12 יח250-גר</ManufacturerItemDescription><SoldByWeight/><Quantity>250.00</Quantity><UnitOfMeasure>גרם     </UnitOfMeasure><QtyInPackage>לא ידוע</QtyInPackage><UnitOfMeasurePrice>0.0396</UnitOfMeasurePrice><AllowDiscount>1</AllowDiscount><ItemStatus>1</ItemStatus><ItemPrice>9.90</ItemPrice></item><item><PriceUpdateDate>2016-06-07 12:25:55</PriceUpdateDate><ItemCode>8721200060107</ItemCode><ItemType>1</ItemType><ItemName>מב וופל הולנדי ממולא</ItemName><ManufacturerName>ק.א.שוקולד</ManufacturerName><ManufactureCountry>הולנד</ManufactureCountry><ManufacturerItemDescription>וופל בקרסלנד סטרופ 260 גר</ManufacturerItemDescription><SoldByWeight/><Quantity>250.00</Quantity><UnitOfMeasure>גרם     </UnitOfMeasure><QtyInPackage>לא ידוע</QtyInPackage><UnitOfMeasurePrice>0.0396</UnitOfMeasurePrice><AllowDiscount>1</AllowDiscount><ItemStatus>1</ItemStatus><ItemPrice>9.90</ItemPrice></item><item><PriceUpdateDate>2014-11-03 06:37:04</PriceUpdateDate><ItemCode>8801055706440</ItemCode><ItemType>1</ItemType><ItemName>נס קפה טייסטר צויס 3</ItemName><ManufacturerName>טסטרס צויס</ManufacturerName><ManufactureCountry>ישראל</ManufactureCountry><ManufacturerItemDescription>קפה טסטרס צ'וייסT 36 גרם</ManufacturerItemDescription><SoldByWeight/><Quantity>360.00</Quantity><UnitOfMeasure>גרם     </UnitOfMeasure><QtyInPackage>לא ידוע</QtyInPackage><UnitOfMeasurePrice>0.0350</UnitOfMeasurePrice><AllowDiscount>1</AllowDiscount><ItemStatus>1</ItemStatus><ItemPrice>12.60</ItemPrice></item><item><PriceUpdateDate>2016-02-02 06:52:11</PriceUpdateDate><ItemCode>8801055707010</ItemCode><ItemType>1</ItemType><ItemName>נס קפה קפוצ'ינו קלאס</ItemName><ManufacturerName>לא ממותג</ManufacturerName><ManufactureCountry>ישראל</ManufactureCountry><ManufacturerItemDescription>נס קפה קפוצ'ינו אסיק125ג</ManufacturerItemDescription><SoldByWeight/><Quantity>125.00</Quantity><UnitOfMeasure>גרם     </UnitOfMeasure><QtyInPackage>לא ידוע</QtyInPackage><UnitOfMeasurePrice>0.1672</UnitOfMeasurePrice><AllowDiscount>1</AllowDiscount><ItemStatus>1</ItemStatus><ItemPrice>20.90</ItemPrice></item><item><PriceUpdateDate>2016-02-02 06:52:11</PriceUpdateDate><ItemCode>8801055707188</ItemCode><ItemType>1</ItemType><ItemName>נסקפה קפוצ'ינו אגוזי</ItemName><ManufacturerName>לא ממותג</ManufacturerName><ManufactureCountry>ישראל</ManufactureCountry><ManufacturerItemDescription>נס קפה קפוצ'ינו גוזים180</ManufacturerItemDescription><SoldByWeight/><Quantity>180.00</Quantity><UnitOfMeasure>גרם     </UnitOfMeasure><QtyInPackage>לא ידוע</QtyInPackage><UnitOfMeasurePrice>0.1161</UnitOfMeasurePrice><AllowDiscount>1</AllowDiscount><ItemStatus>1</ItemStatus><ItemPrice>20.90</ItemPrice></item><item><PriceUpdateDate>2016-05-30 22:02:41</PriceUpdateDate><ItemCode>884912012791</ItemCode><ItemType>1</ItemType><ItemName>דגני בוקר האני באנצ'</ItemName><ManufacturerName>פוסט</ManufacturerName><ManufactureCountry>ישראל</ManufactureCountry><ManufacturerItemDescription>דגני בוקר האני באנצ'</ManufacturerItemDescription><SoldByWeight/><Quantity>411.00</Quantity><UnitOfMeasure>גרם     </UnitOfMeasure><QtyInPackage>לא ידוע</QtyInPackage><UnitOfMeasurePrice>0.0698</UnitOfMeasurePrice><AllowDiscount>1</AllowDiscount><ItemStatus>1</ItemStatus><ItemPrice>28.70</ItemPrice></item><item><PriceUpdateDate>2016-05-30 22:02:41</PriceUpdateDate><ItemCode>884912014245</ItemCode><ItemType>1</ItemType><ItemName>דגני בוקר האני באנצ'</ItemName><ManufacturerName>פוסט</ManufacturerName><ManufactureCountry>ארצות הברית</ManufactureCountry><ManufacturerItemDescription>סוכריות קלפני   ת בפח150</ManufacturerItemDescription><SoldByWeight/><Quantity>411.00</Quantity><UnitOfMeasure>גרם     </UnitOfMeasure><QtyInPackage>לא ידוע</QtyInPackage><UnitOfMeasurePrice>0.0698</UnitOfMeasurePrice><AllowDiscount>1</AllowDiscount><ItemStatus>1</ItemStatus><ItemPrice>28.70</ItemPrice></item><item><PriceUpdateDate>2016-05-30 22:02:41</PriceUpdateDate><ItemCode>884912014252</ItemCode><ItemType>1</ItemType><ItemName>דגני בוקר האני באנצ'</ItemName><ManufacturerName>פוסט</ManufacturerName><ManufactureCountry>ארצות הברית</ManufactureCountry><ManufacturerItemDescription>קפה פילטר מליטה 250 גרם</ManufacturerItemDescription><SoldByWeight/><Quantity>411.00</Quantity><UnitOfMeasure>גרם     </UnitOfMeasure><QtyInPackage>לא ידוע</QtyInPackage><UnitOfMeasurePrice>0.0698</UnitOfMeasurePrice><AllowDiscount>1</AllowDiscount><ItemStatus>1</ItemStatus><ItemPrice>28.70</ItemPrice></item><item><PriceUpdateDate>2016-03-29 13:00:21</PriceUpdateDate><ItemCode>884912114600</ItemCode><ItemType>1</ItemType><ItemName>דגנים רייזן ברן 566</ItemName><ManufacturerName>לא ידוע</ManufacturerName><ManufactureCountry>ארצות הברית</ManufactureCountry><ManufacturerItemDescription>קרם ידיים אטריקס 100 מ"ל</ManufacturerItemDescription><SoldByWeight/><Quantity>566.00</Quantity><UnitOfMeasure>גרם     </UnitOfMeasure><QtyInPackage>לא ידוע</QtyInPackage><UnitOfMeasurePrice>0.0466</UnitOfMeasurePrice><AllowDiscount>1</AllowDiscount><ItemStatus>1</ItemStatus><ItemPrice>26.40</ItemPrice></item><item><PriceUpdateDate>2016-03-01 06:42:39</PriceUpdateDate><ItemCode>884912116505</ItemCode><ItemType>1</ItemType><ItemName>דגני בוקר פוסט סלקט</ItemName><ManufacturerName>לא ממותג</ManufacturerName><ManufactureCountry>ישראל</ManufactureCountry><ManufacturerItemDescription>דגני בוקר פוסט סלקט</ManufacturerItemDescription><SoldByWeight/><Quantity>439.00</Quantity><UnitOfMeasure>גרם     </UnitOfMeasure><QtyInPackage>לא ידוע</QtyInPackage><UnitOfMeasurePrice>0.0688</UnitOfMeasurePrice><AllowDiscount>1</AllowDiscount><ItemStatus>1</ItemStatus><ItemPrice>30.20</ItemPrice></item><item><PriceUpdateDate>2016-05-30 22:02:41</PriceUpdateDate><ItemCode>884912129659</ItemCode><ItemType>1</ItemType><ItemName>דגני קוקו פבלס 425 ג</ItemName><ManufacturerName>פוסט</ManufacturerName><ManufactureCountry>ארצות הברית</ManufactureCountry><ManufacturerItemDescription>ג'ל גילוח ניוואה רגיל200</ManufacturerItemDescription><SoldByWeight/><Quantity>425.00</Quantity><UnitOfMeasure>גרם     </UnitOfMeasure><QtyInPackage>לא ידוע</QtyInPackage><UnitOfMeasurePrice>0.0633</UnitOfMeasurePrice><AllowDiscount>1</AllowDiscount><ItemStatus>1</ItemStatus><ItemPrice>26.90</ItemPrice></item><item><PriceUpdateDate>2016-05-30 22:05:42</PriceUpdateDate><ItemCode>8850180040028</ItemCode><ItemType>1</ItemType><ItemName>מב טמפורה 500 גרם</ItemName><ManufacturerName>לא ממותג</ManufacturerName><ManufactureCountry>ישראל</ManufactureCountry><ManufacturerItemDescription>מב טמפורה 500 גרם</ManufacturerItemDescription><SoldByWeight/><Quantity>340.00</Quantity><UnitOfMeasure>גרם     </UnitOfMeasure><QtyInPackage>לא ידוע</QtyInPackage><UnitOfMeasurePrice>0.0291</UnitOfMeasurePrice><AllowDiscount>1</AllowDiscount><ItemStatus>1</ItemStatus><ItemPrice>9.90</ItemPrice></item><item><PriceUpdateDate>2016-03-30 06:56:02</PriceUpdateDate><ItemCode>8850367990139</ItemCode><ItemType>1</ItemType><ItemName>מב רוטב חמוץ מתוק</ItemName><ManufacturerName>לא ממותג</ManufacturerName><ManufactureCountry>ישראל</ManufactureCountry><ManufacturerItemDescription>מב רוטב חמוץ מתוק</ManufacturerItemDescription><SoldByWeight/><Quantity>285.00</Quantity><UnitOfMeasure>מ"ל</UnitOfMeasure><QtyInPackage>לא ידוע</QtyInPackage><UnitOfMeasurePrice>0.0347</UnitOfMeasurePrice><AllowDiscount>1</AllowDiscount><ItemStatus>1</ItemStatus><ItemPrice>9.90</ItemPrice></item><item><PriceUpdateDate>2016-03-30 06:56:02</PriceUpdateDate><ItemCode>8850367990443</ItemCode><ItemType>1</ItemType><ItemName>מב רוטב לסלט בסגנון</ItemName><ManufacturerName>לא ממותג</ManufacturerName><ManufactureCountry>ישראל</ManufactureCountry><ManufacturerItemDescription>מב רוטב לסלט בסגנון</ManufacturerItemDescription><SoldByWeight/><Quantity>285.00</Quantity><UnitOfMeasure>מ"ל</UnitOfMeasure><QtyInPackage>לא ידוע</QtyInPackage><UnitOfMeasurePrice>0.0347</UnitOfMeasurePrice><AllowDiscount>1</AllowDiscount><ItemStatus>1</ItemStatus><ItemPrice>9.90</ItemPrice></item><item><PriceUpdateDate>2016-03-30 06:56:02</PriceUpdateDate><ItemCode>8850367992317</ItemCode><ItemType>1</ItemType><ItemName>מב רוטב צ'ילי חריף 2</ItemName><ManufacturerName>לא ממותג</ManufacturerName><ManufactureCountry>ישראל</ManufactureCountry><ManufacturerItemDescription>מב רוטב צ'ילי חריף 2</ManufacturerItemDescription><SoldByWeight/><Quantity>285.00</Quantity><UnitOfMeasure>מ"ל</UnitOfMeasure><QtyInPackage>לא ידוע</QtyInPackage><UnitOfMeasurePrice>0.0347</UnitOfMeasurePrice><AllowDiscount>1</AllowDiscount><ItemStatus>1</ItemStatus><ItemPrice>9.90</ItemPrice></item><item><PriceUpdateDate>2015-10-11 08:41:35</PriceUpdateDate><ItemCode>8850632604259</ItemCode><ItemType>1</ItemType><ItemName>חמצוצים יוגטה בצורת</ItemName><ManufacturerName>יוגטה</ManufacturerName><ManufactureCountry>ישראל</ManufactureCountry><ManufacturerItemDescription>יוגטה ממתק חמוץ  תות 50ג</ManufacturerItemDescription><SoldByWeight/><Quantity>50.00</Quantity><UnitOfMeasure>גרם     </UnitOfMeasure><QtyInPackage>לא ידוע</QtyInPackage><UnitOfMeasurePrice>0.1160</UnitOfMeasurePrice><AllowDiscount>1</AllowDiscount><ItemStatus>1</ItemStatus><ItemPrice>5.80</ItemPrice></item><item><PriceUpdateDate>2015-10-11 08:41:35</PriceUpdateDate><ItemCode>8850632604266</ItemCode><ItemType>1</ItemType><ItemName>חמצוצים יוגטה בצורת</ItemName><ManufacturerName>יוגטה</ManufacturerName><ManufactureCountry>ישראל</ManufactureCountry><ManufacturerItemDescription>יוגטה ממתק חמוץ  קולה50ג</ManufacturerItemDescription><SoldByWeight/><Quantity>50.00</Quantity><UnitOfMeasure>גרם     </UnitOfMeasure><QtyInPackage>לא ידוע</QtyInPackage><UnitOfMeasurePrice>0.1160</UnitOfMeasurePrice><AllowDiscount>1</AllowDiscount><ItemStatus>1</ItemStatus><ItemPrice>5.80</ItemPrice></item><item><PriceUpdateDate>2015-10-11 08:41:35</PriceUpdateDate><ItemCode>8850632604372</ItemCode><ItemType>1</ItemType><ItemName>חמצוצים יוגטה בצורת</ItemName><ManufacturerName>יוגטה</ManufacturerName><ManufactureCountry>ישראל</ManufactureCountry><ManufacturerItemDescription>יוגטה ממתק תות שדה בצורת</ManufacturerItemDescription><SoldByWeight/><Quantity>50.00</Quantity><UnitOfMeasure>גרם     </UnitOfMeasure><QtyInPackage>לא ידוע</QtyInPackage><UnitOfMeasurePrice>0.1160</UnitOfMeasurePrice><AllowDiscount>1</AllowDiscount><ItemStatus>1</ItemStatus><ItemPrice>5.80</ItemPrice></item><item><PriceUpdateDate>2015-10-11 08:41:35</PriceUpdateDate><ItemCode>8850632604402</ItemCode><ItemType>1</ItemType><ItemName>חמצוצים יוגטה בצורת</ItemName><ManufacturerName>לא ידוע</ManufacturerName><ManufactureCountry>ישראל</ManufactureCountry><ManufacturerItemDescription>יוגטה ממתק תות ענבים בצור</ManufacturerItemDescription><SoldByWeight/><Quantity>50.00</Quantity><UnitOfMeasure>גרם     </UnitOfMeasure><QtyInPackage>לא ידוע</QtyInPackage><UnitOfMeasurePrice>0.1160</UnitOfMeasurePrice><AllowDiscount>1</AllowDiscount><ItemStatus>1</ItemStatus><ItemPrice>5.80</ItemPrice></item><item><PriceUpdateDate>2015-10-11 08:41:36</PriceUpdateDate><ItemCode>8850632605201</ItemCode><ItemType>1</ItemType><ItemName>חמצוצים יוגטה בצורת</ItemName><ManufacturerName>יוגטה</ManufacturerName><ManufactureCountry>ישראל</ManufactureCountry><ManufacturerItemDescription>יוגטה חיספוסים בטעם מעורב</ManufacturerItemDescription><SoldByWeight/><Quantity>50.00</Quantity><UnitOfMeasure>גרם     </UnitOfMeasure><QtyInPackage>לא ידוע</QtyInPackage><UnitOfMeasurePrice>0.1160</UnitOfMeasurePrice><AllowDiscount>1</AllowDiscount><ItemStatus>1</ItemStatus><ItemPrice>5.80</ItemPrice></item><item><PriceUpdateDate>2015-10-11 08:41:36</PriceUpdateDate><ItemCode>8850632606390</ItemCode><ItemType>1</ItemType><ItemName>יוגטה חיספוסים בטעם</ItemName><ManufacturerName>יוגטה</ManufacturerName><ManufactureCountry>ישראל</ManufactureCountry><ManufacturerItemDescription>יוגטה חיספוסים בטעם</ManufacturerItemDescription><SoldByWeight/><Quantity>50.00</Quantity><UnitOfMeasure>גרם     </UnitOfMeasure><QtyInPackage>לא ידוע</QtyInPackage><UnitOfMeasurePrice>0.1160</UnitOfMeasurePrice><AllowDiscount>1</AllowDiscount><ItemStatus>1</ItemStatus><ItemPrice>5.80</ItemPrice></item><item><PriceUpdateDate>2016-04-06 07:12:04</PriceUpdateDate><ItemCode>8850854000112</ItemCode><ItemType>1</ItemType><ItemName>רוטב צ'ילי חריף 700</ItemName><ManufacturerName>לא ממותג</ManufacturerName><ManufactureCountry>ישראל</ManufactureCountry><ManufacturerItemDescription>רוטב צ'ילי חריף 700</ManufacturerItemDescription><SoldByWeight/><Quantity>700.00</Quantity><UnitOfMeasure>מ"ל</UnitOfMeasure><QtyInPackage>לא ידוע</QtyInPackage><UnitOfMeasurePrice>0.0141</UnitOfMeasurePrice><AllowDiscount>1</AllowDiscount><ItemStatus>1</ItemStatus><ItemPrice>9.90</ItemPrice></item><item><PriceUpdateDate>2016-04-06 07:12:04</PriceUpdateDate><ItemCode>8850854000426</ItemCode><ItemType>1</ItemType><ItemName>רוטב צ'ילי מתוק 700</ItemName><ManufacturerName>לא ממותג</ManufacturerName><ManufactureCountry>ישראל</ManufactureCountry><ManufacturerItemDescription>רוטב צ'ילי מתוק 700</ManufacturerItemDescription><SoldByWeight/><Quantity>700.00</Quantity><UnitOfMeasure>מ"ל</UnitOfMeasure><QtyInPackage>לא ידוע</QtyInPackage><UnitOfMeasurePrice>0.0141</UnitOfMeasurePrice><AllowDiscount>1</AllowDiscount><ItemStatus>1</ItemStatus><ItemPrice>9.90</ItemPrice></item><item><PriceUpdateDate>2016-05-30 22:05:43</PriceUpdateDate><ItemCode>8851613101378</ItemCode><ItemType>1</ItemType><ItemName>מב חלב קוקוס 250 מ"ל</ItemName><ManufacturerName>לא ממותג</ManufacturerName><ManufactureCountry>ישראל</ManufactureCountry><ManufacturerItemDescription>מב חלב קוקוס 250 מ"ל</ManufacturerItemDescription><SoldByWeight/><Quantity>250.00</Quantity><UnitOfMeasure>מ"ל</UnitOfMeasure><QtyInPackage>לא ידוע</QtyInPackage><UnitOfMeasurePrice>0.0276</UnitOfMeasurePrice><AllowDiscount>1</AllowDiscount><ItemStatus>1</ItemStatus><ItemPrice>6.90</ItemPrice></item><item><PriceUpdateDate>2015-11-12 17:22:29</PriceUpdateDate><ItemCode>8852111005786</ItemCode><ItemType>1</ItemType><ItemName>דג סיירה במיץ טבעי 2</ItemName><ManufacturerName>לא ממותג</ManufacturerName><ManufactureCountry>ישראל</ManufactureCountry><ManufacturerItemDescription>דג סיירה במיץ טבעי 2</ManufacturerItemDescription><SoldByWeight/><Quantity>240.00</Quantity><UnitOfMeasure>גרם     </UnitOfMeasure><QtyInPackage>לא ידוע</QtyInPackage><UnitOfMeasurePrice>0.0321</UnitOfMeasurePrice><AllowDiscount>1</AllowDiscount><ItemStatus>1</ItemStatus><ItemPrice>7.70</ItemPrice></item><item><PriceUpdateDate>2015-03-19 08:30:18</PriceUpdateDate><ItemCode>8852633020403</ItemCode><ItemType>1</ItemType><ItemName>פניני טפיוקה 500 גרם</ItemName><ManufacturerName>לא ממותג</ManufacturerName><ManufactureCountry>ישראל</ManufactureCountry><ManufacturerItemDescription>פניני טפיוקה 500 גרם</ManufacturerItemDescription><SoldByWeight/><Quantity>500.00</Quantity><UnitOfMeasure>גרם     </UnitOfMeasure><QtyInPackage>לא ידוע</QtyInPackage><UnitOfMeasurePrice>0.0238</UnitOfMeasurePrice><AllowDiscount>1</AllowDiscount><ItemStatus>1</ItemStatus><ItemPrice>11.90</ItemPrice></item><item><PriceUpdateDate>2016-05-30 22:05:43</PriceUpdateDate><ItemCode>8857101301008</ItemCode><ItemType>1</ItemType><ItemName>רוטב צ'ילי מתוק 700</ItemName><ManufacturerName>לא ממותג</ManufacturerName><ManufactureCountry>ישראל</ManufactureCountry><ManufacturerItemDescription>רוטב צ'ילי מתוק 700</ManufacturerItemDescription><SoldByWeight/><Quantity>700.00</Quantity><UnitOfMeasure>מ"ל</UnitOfMeasure><QtyInPackage>לא ידוע</QtyInPackage><UnitOfMeasurePrice>0.0170</UnitOfMeasurePrice><AllowDiscount>1</AllowDiscount><ItemStatus>1</ItemStatus><ItemPrice>11.90</ItemPrice></item><item><PriceUpdateDate>2016-03-30 06:56:02</PriceUpdateDate><ItemCode>8858271002870</ItemCode><ItemType>1</ItemType><ItemName>מב רוטב פאד תאי 250</ItemName><ManufacturerName>לא ממותג</ManufacturerName><ManufactureCountry>ישראל</ManufactureCountry><ManufacturerItemDescription>מב רוטב פאד תאי 250</ManufacturerItemDescription><SoldByWeight/><Quantity>250.00</Quantity><UnitOfMeasure>מ"ל</UnitOfMeasure><QtyInPackage>לא ידוע</QtyInPackage><UnitOfMeasurePrice>0.0396</UnitOfMeasurePrice><AllowDiscount>1</AllowDiscount><ItemStatus>1</ItemStatus><ItemPrice>9.90</ItemPrice></item><item><PriceUpdateDate>2016-03-30 06:56:02</PriceUpdateDate><ItemCode>8858271003068</ItemCode><ItemType>1</ItemType><ItemName>מב רוטב סויה מתוקה 2</ItemName><ManufacturerName>לא ממותג</ManufacturerName><ManufactureCountry>ישראל</ManufactureCountry><ManufacturerItemDescription>מב רוטב סויה מתוקה 2</ManufacturerItemDescription><SoldByWeight/><Quantity>250.00</Quantity><UnitOfMeasure>מ"ל</UnitOfMeasure><QtyInPackage>לא ידוע</QtyInPackage><UnitOfMeasurePrice>0.0396</UnitOfMeasurePrice><AllowDiscount>1</AllowDiscount><ItemStatus>1</ItemStatus><ItemPrice>9.90</ItemPrice></item><item><PriceUpdateDate>2015-03-19 08:30:18</PriceUpdateDate><ItemCode>8858271003075</ItemCode><ItemType>1</ItemType><ItemName>רוטב סויה מתוקה 700</ItemName><ManufacturerName>לא ממותג</ManufacturerName><ManufactureCountry>ישראל</ManufactureCountry><ManufacturerItemDescription>רוטב סויה מתוקה 700</ManufacturerItemDescription><SoldByWeight/><Quantity>700.00</Quantity><UnitOfMeasure>מ"ל</UnitOfMeasure><QtyInPackage>לא ידוע</QtyInPackage><UnitOfMeasurePrice>0.0284</UnitOfMeasurePrice><AllowDiscount>1</AllowDiscount><ItemStatus>1</ItemStatus><ItemPrice>19.90</ItemPrice></item><item><PriceUpdateDate>2016-03-30 06:56:02</PriceUpdateDate><ItemCode>8858271004423</ItemCode><ItemType>1</ItemType><ItemName>מב רוטב טום יאם250 מ</ItemName><ManufacturerName>לא ממותג</ManufacturerName><ManufactureCountry>ישראל</ManufactureCountry><ManufacturerItemDescription>מב רוטב טום יאם250 מ</ManufacturerItemDescription><SoldByWeight/><Quantity>250.00</Quantity><UnitOfMeasure>מ"ל</UnitOfMeasure><QtyInPackage>לא ידוע</QtyInPackage><UnitOfMeasurePrice>0.0396</UnitOfMeasurePrice><AllowDiscount>1</AllowDiscount><ItemStatus>1</ItemStatus><ItemPrice>9.90</ItemPrice></item><item><PriceUpdateDate>2016-05-30 22:05:43</PriceUpdateDate><ItemCode>8858271004799</ItemCode><ItemType>1</ItemType><ItemName>רוטב צ'ילי מתוק 700</ItemName><ManufacturerName>לא ממותג</ManufacturerName><ManufactureCountry>ישראל</ManufactureCountry><ManufacturerItemDescription>רוטב צ'ילי מתוק 700</ManufacturerItemDescription><SoldByWeight/><Quantity>700.00</Quantity><UnitOfMeasure>מ"ל</UnitOfMeasure><QtyInPackage>לא ידוע</QtyInPackage><UnitOfMeasurePrice>0.0199</UnitOfMeasurePrice><AllowDiscount>1</AllowDiscount><ItemStatus>1</ItemStatus><ItemPrice>13.90</ItemPrice></item><item><PriceUpdateDate>2015-06-30 06:46:55</PriceUpdateDate><ItemCode>8858671520011</ItemCode><ItemType>1</ItemType><ItemName>פנקו פרורי לחם 200 ג</ItemName><ManufacturerName>לא ממותג</ManufacturerName><ManufactureCountry>ישראל</ManufactureCountry><ManufacturerItemDescription>פנקו פרורי לחם 200 ג</ManufacturerItemDescription><SoldByWeight/><Quantity>200.00</Quantity><UnitOfMeasure>גרם     </UnitOfMeasure><QtyInPackage>לא ידוע</QtyInPackage><UnitOfMeasurePrice>0.0445</UnitOfMeasurePrice><AllowDiscount>1</AllowDiscount><ItemStatus>1</ItemStatus><ItemPrice>8.90</ItemPrice></item><item><PriceUpdateDate>2016-05-01 21:47:27</PriceUpdateDate><ItemCode>8888021200256</ItemCode><ItemType>1</ItemType><ItemName>סוללות AA שמיניה אנר</ItemName><ManufacturerName>אנרג'ייזר</ManufacturerName><ManufactureCountry>ארצות הברית</ManufactureCountry><ManufacturerItemDescription>8 סוללות AAA    A</ManufacturerItemDescription><SoldByWeight/><Quantity>8.00</Quantity><UnitOfMeasure>בודד</UnitOfMeasure><QtyInPackage>לא ידוע</QtyInPackage><UnitOfMeasurePrice>4.1750</UnitOfMeasurePrice><AllowDiscount>1</AllowDiscount><ItemStatus>1</ItemStatus><ItemPrice>33.40</ItemPrice></item><item><PriceUpdateDate>2015-01-01 00:00:00</PriceUpdateDate><ItemCode>88888034</ItemCode><ItemType>0</ItemType><ItemName>מזון מהיר</ItemName><ManufacturerName>לא ידוע</ManufacturerName><ManufactureCountry>לא ידוע</ManufactureCountry><ManufacturerItemDescription>מזון מהיר</ManufacturerItemDescription><SoldByWeight/><Quantity>0.00</Quantity><UnitOfMeasure>לא ידוע</UnitOfMeasure><QtyInPackage>לא ידוע</QtyInPackage><UnitOfMeasurePrice>0.0000</UnitOfMeasurePrice><AllowDiscount>1</AllowDiscount><ItemStatus>1</ItemStatus><ItemPrice>0.00</ItemPrice></item><item><PriceUpdateDate>2015-01-01 00:00:00</PriceUpdateDate><ItemCode>88888050</ItemCode><ItemType>0</ItemType><ItemName>בית קפה מעלה אדומים</ItemName><ManufacturerName>לא ידוע</ManufacturerName><ManufactureCountry>לא ידוע</ManufactureCountry><ManufacturerItemDescription>בית קפה מעלה אדומים</ManufacturerItemDescription><SoldByWeight/><Quantity>0.00</Quantity><UnitOfMeasure>לא ידוע</UnitOfMeasure><QtyInPackage>לא ידוע</QtyInPackage><UnitOfMeasurePrice>0.0000</UnitOfMeasurePrice><AllowDiscount>1</AllowDiscount><ItemStatus>1</ItemStatus><ItemPrice>0.00</ItemPrice></item><item><PriceUpdateDate>2015-01-01 00:00:00</PriceUpdateDate><ItemCode>88888068</ItemCode><ItemType>0</ItemType><ItemName>זכיינות חגורות</ItemName><ManufacturerName>לא ידוע</ManufacturerName><ManufactureCountry>לא ידוע</ManufactureCountry><ManufacturerItemDescription>זכיינות חגורות</ManufacturerItemDescription><SoldByWeight/><Quantity>0.00</Quantity><UnitOfMeasure>לא ידוע</UnitOfMeasure><QtyInPackage>לא ידוע</QtyInPackage><UnitOfMeasurePrice>0.0000</UnitOfMeasurePrice><AllowDiscount>1</AllowDiscount><ItemStatus>1</ItemStatus><ItemPrice>0.00</ItemPrice></item><item><PriceUpdateDate>2015-01-01 00:00:00</PriceUpdateDate><ItemCode>88888086</ItemCode><ItemType>0</ItemType><ItemName>אביזרי עזר מכלת</ItemName><ManufacturerName>לא ידוע</ManufacturerName><ManufactureCountry>לא ידוע</ManufactureCountry><ManufacturerItemDescription>אביזרי עזר מכלת</ManufacturerItemDescription><SoldByWeight/><Quantity>0.00</Quantity><UnitOfMeasure>לא ידוע</UnitOfMeasure><QtyInPackage>לא ידוע</QtyInPackage><UnitOfMeasurePrice>0.0000</UnitOfMeasurePrice><AllowDiscount>1</AllowDiscount><ItemStatus>1</ItemStatus><ItemPrice>0.00</ItemPrice></item><item><PriceUpdateDate>2014-12-28 11:21:46</PriceUpdateDate><ItemCode>8901030004421</ItemCode><ItemType>1</ItemType><ItemName>תחליב גוף ואזלין אלו</ItemName><ManufacturerName>וזלין</ManufacturerName><ManufactureCountry>ישראל</ManufactureCountry><ManufacturerItemDescription>תחליב גוף ואזלין אלו</ManufacturerItemDescription><SoldByWeight/><Quantity>725.00</Quantity><UnitOfMeasure>מ"ל</UnitOfMeasure><QtyInPackage>לא ידוע</QtyInPackage><UnitOfMeasurePrice>0.0531</UnitOfMeasurePrice><AllowDiscount>1</AllowDiscount><ItemStatus>1</ItemStatus><ItemPrice>38.50</ItemPrice></item><item><PriceUpdateDate>2016-05-30 22:05:44</PriceUpdateDate><ItemCode>8901537024014</ItemCode><ItemType>1</ItemType><ItemName>אורז בסמטי מובחר 1 ק</ItemName><ManufacturerName>לא ממותג</ManufacturerName><ManufactureCountry>ישראל</ManufactureCountry><ManufacturerItemDescription>אורז בסמטי 1 קג</ManufacturerItemDescription><SoldByWeight/><Quantity>1000.00</Quantity><UnitOfMeasure>גרם     </UnitOfMeasure><QtyInPackage>לא ידוע</QtyInPackage><UnitOfMeasurePrice>0.0159</UnitOfMeasurePrice><AllowDiscount>1</AllowDiscount><ItemStatus>1</ItemStatus><ItemPrice>15.90</ItemPrice></item><item><PriceUpdateDate>2015-06-30 06:46:55</PriceUpdateDate><ItemCode>8934878082238</ItemCode><ItemType>1</ItemType><ItemName>דפי אורז 22 ס''מ 100</ItemName><ManufacturerName>לא ממותג</ManufacturerName><ManufactureCountry>ישראל</ManufactureCountry><ManufacturerItemDescription>דפי אורז 22 ס''מ 100</ManufacturerItemDescription><SoldByWeight/><Quantity>100.00</Quantity><UnitOfMeasure>גרם     </UnitOfMeasure><QtyInPackage>לא ידוע</QtyInPackage><UnitOfMeasurePrice>0.0690</UnitOfMeasurePrice><AllowDiscount>1</AllowDiscount><ItemStatus>1</ItemStatus><ItemPrice>6.90</ItemPrice></item><item><PriceUpdateDate>2015-03-19 08:30:18</PriceUpdateDate><ItemCode>8936028610315</ItemCode><ItemType>1</ItemType><ItemName>אורז לסושי אקיטה קומ</ItemName><ManufacturerName>לא ממותג</ManufacturerName><ManufactureCountry>ישראל</ManufactureCountry><ManufacturerItemDescription>אורז לסושי אקיטה קומ</ManufacturerItemDescription><SoldByWeight/><Quantity>1000.00</Quantity><UnitOfMeasure>גרם     </UnitOfMeasure><QtyInPackage>לא ידוע</QtyInPackage><UnitOfMeasurePrice>0.0159</UnitOfMeasurePrice><AllowDiscount>1</AllowDiscount><ItemStatus>1</ItemStatus><ItemPrice>15.90</ItemPrice></item><item><PriceUpdateDate>2015-11-12 16:53:51</PriceUpdateDate><ItemCode>89397344362</ItemCode><ItemType>1</ItemType><ItemName>דיניקולה רוטב פסטה מ</ItemName><ManufacturerName>לא ממותג</ManufacturerName><ManufactureCountry>ארצות הברית</ManufactureCountry><ManufacturerItemDescription>רוטב פסטה מרינה קלאסי 737</ManufacturerItemDescription><SoldByWeight/><Quantity>737.00</Quantity><UnitOfMeasure>גרם     </UnitOfMeasure><QtyInPackage>לא ידוע</QtyInPackage><UnitOfMeasurePrice>0.0240</UnitOfMeasurePrice><AllowDiscount>1</AllowDiscount><ItemStatus>1</ItemStatus><ItemPrice>17.70</ItemPrice></item><item><PriceUpdateDate>2016-03-29 06:17:44</PriceUpdateDate><ItemCode>8992760221028</ItemCode><ItemType>1</ItemType><ItemName>אוראו קרם וניל 137 ג</ItemName><ManufacturerName>אוראו</ManufacturerName><ManufactureCountry>ספרד</ManufactureCountry><ManufacturerItemDescription>דפי לזניה       ם</ManufacturerItemDescription><SoldByWeight/><Quantity>137.00</Quantity><UnitOfMeasure>גרם     </UnitOfMeasure><QtyInPackage>לא ידוע</QtyInPackage><UnitOfMeasurePrice>0.0620</UnitOfMeasurePrice><AllowDiscount>1</AllowDiscount><ItemStatus>1</ItemStatus><ItemPrice>8.50</ItemPrice></item><item><PriceUpdateDate>2016-05-30 22:05:44</PriceUpdateDate><ItemCode>9000100930567</ItemCode><ItemType>1</ItemType><ItemName>מב סומט 22 טבליות גו</ItemName><ManufacturerName>סומט</ManufacturerName><ManufactureCountry>גרמניה</ManufactureCountry><ManufacturerItemDescription>מב סומט 22 טבליות גו</ManufacturerItemDescription><SoldByWeight/><Quantity>22.00</Quantity><UnitOfMeasure>בודד</UnitOfMeasure><QtyInPackage>לא ידוע</QtyInPackage><UnitOfMeasurePrice>0.9045</UnitOfMeasurePrice><AllowDiscount>1</AllowDiscount><ItemStatus>1</ItemStatus><ItemPrice>19.90</ItemPrice></item><item><PriceUpdateDate>2016-05-30 22:05:44</PriceUpdateDate><ItemCode>9000100930628</ItemCode><ItemType>1</ItemType><ItemName>מב סומט 44 טבליות גו</ItemName><ManufacturerName>סומט</ManufacturerName><ManufactureCountry>גרמניה</ManufactureCountry><ManufacturerItemDescription>מב סומט 44 טבליות גו</ManufacturerItemDescription><SoldByWeight/><Quantity>44.00</Quantity><UnitOfMeasure>בודד</UnitOfMeasure><QtyInPackage>לא ידוע</QtyInPackage><UnitOfMeasurePrice>0.8159</UnitOfMeasurePrice><AllowDiscount>1</AllowDiscount><ItemStatus>1</ItemStatus><ItemPrice>35.90</ItemPrice></item><item><PriceUpdateDate>2015-12-14 11:29:39</PriceUpdateDate><ItemCode>9002859036620</ItemCode><ItemType>1</ItemType><ItemName>גונץ שוקולד אצבעות ע</ItemName><ManufacturerName>גונץ</ManufacturerName><ManufactureCountry>ישראל</ManufactureCountry><ManufacturerItemDescription>גונץ שוקולד אצבעות ע</ManufacturerItemDescription><SoldByWeight/><Quantity>100.00</Quantity><UnitOfMeasure>גרם     </UnitOfMeasure><QtyInPackage>לא ידוע</QtyInPackage><UnitOfMeasurePrice>0.0690</UnitOfMeasurePrice><AllowDiscount>1</AllowDiscount><ItemStatus>1</ItemStatus><ItemPrice>6.90</ItemPrice></item><item><PriceUpdateDate>2016-03-29 06:17:45</PriceUpdateDate><ItemCode>9002859040986</ItemCode><ItemType>1</ItemType><ItemName>גונץ לשונות חתול חלב</ItemName><ManufacturerName>גונץ</ManufacturerName><ManufactureCountry>ישראל</ManufactureCountry><ManufacturerItemDescription>גונץ לשונות חתול חלב</ManufacturerItemDescription><SoldByWeight/><Quantity>100.00</Quantity><UnitOfMeasure>גרם     </UnitOfMeasure><QtyInPackage>לא ידוע</QtyInPackage><UnitOfMeasurePrice>0.1090</UnitOfMeasurePrice><AllowDiscount>1</AllowDiscount><ItemStatus>1</ItemStatus><ItemPrice>10.90</ItemPrice></item><item><PriceUpdateDate>2016-05-15 12:46:09</PriceUpdateDate><ItemCode>9002859054099</ItemCode><ItemType>1</ItemType><ItemName>בונבוניירה מוצרט משו</ItemName><ManufacturerName>ק.א.שוקולד</ManufacturerName><ManufactureCountry>אוסטריה</ManufactureCountry><ManufacturerItemDescription>בונבוניירת מוצרט 300 גרם</ManufacturerItemDescription><SoldByWeight/><Quantity>300.00</Quantity><UnitOfMeasure>גרם     </UnitOfMeasure><QtyInPackage>לא ידוע</QtyInPackage><UnitOfMeasurePrice>0.1330</UnitOfMeasurePrice><AllowDiscount>1</AllowDiscount><ItemStatus>1</ItemStatus><ItemPrice>39.90</ItemPrice></item><item><PriceUpdateDate>2016-05-30 22:05:45</PriceUpdateDate><ItemCode>9002859080364</ItemCode><ItemType>1</ItemType><ItemName>מב גונץ ברוסקטה שום</ItemName><ManufacturerName>לא ממותג</ManufacturerName><ManufactureCountry>אוסטריה</ManufactureCountry><ManufacturerItemDescription>גונץ ברוסקטה שום</ManufacturerItemDescription><SoldByWeight/><Quantity>240.00</Quantity><UnitOfMeasure>גרם     </UnitOfMeasure><QtyInPackage>לא ידוע</QtyInPackage><UnitOfMeasurePrice>0.0621</UnitOfMeasurePrice><AllowDiscount>1</AllowDiscount><ItemStatus>1</ItemStatus><ItemPrice>14.90</ItemPrice></item><item><PriceUpdateDate>2015-12-01 08:41:10</PriceUpdateDate><ItemCode>90087271</ItemCode><ItemType>1</ItemType><ItemName>נקטר אוכמניות שחור 1</ItemName><ManufacturerName>תומר</ManufacturerName><ManufactureCountry>ישראל</ManufactureCountry><ManufacturerItemDescription>נקטר אוכמניות שחור 1</ManufacturerItemDescription><SoldByWeight/><Quantity>1000.00</Quantity><UnitOfMeasure>מ"ל</UnitOfMeasure><QtyInPackage>לא ידוע</QtyInPackage><UnitOfMeasurePrice>0.0117</UnitOfMeasurePrice><AllowDiscount>1</AllowDiscount><ItemStatus>1</ItemStatus><ItemPrice>11.70</ItemPrice></item><item><PriceUpdateDate>2015-11-12 14:50:03</PriceUpdateDate><ItemCode>90087974</ItemCode><ItemType>1</ItemType><ItemName>חומץ טבעי מתפוחים 75</ItemName><ManufacturerName>תומר</ManufacturerName><ManufactureCountry>ישראל</ManufactureCountry><ManufacturerItemDescription>חומץ טבעי מתפוחים 75</ManufacturerItemDescription><SoldByWeight/><Quantity>750.00</Quantity><UnitOfMeasure>מ"ל</UnitOfMeasure><QtyInPackage>לא ידוע</QtyInPackage><UnitOfMeasurePrice>0.0181</UnitOfMeasurePrice><AllowDiscount>1</AllowDiscount><ItemStatus>1</ItemStatus><ItemPrice>13.60</ItemPrice></item><item><PriceUpdateDate>2015-11-12 14:59:07</PriceUpdateDate><ItemCode>90162602</ItemCode><ItemType>1</ItemType><ItemName>רד בול משקה אנרגיה 2</ItemName><ManufacturerName>רדבול</ManufacturerName><ManufactureCountry>ישראל</ManufactureCountry><ManufacturerItemDescription>רד בול          יה פח250</ManufacturerItemDescription><SoldByWeight/><Quantity>250.00</Quantity><UnitOfMeasure>מ"ל</UnitOfMeasure><QtyInPackage>לא ידוע</QtyInPackage><UnitOfMeasurePrice>0.0348</UnitOfMeasurePrice><AllowDiscount>1</AllowDiscount><ItemStatus>1</ItemStatus><ItemPrice>8.70</ItemPrice></item><item><PriceUpdateDate>2015-05-31 10:06:31</PriceUpdateDate><ItemCode>9044400231009</ItemCode><ItemType>1</ItemType><ItemName>סוכריות פז מילוי שמי</ItemName><ManufacturerName>פז - סוכריות</ManufacturerName><ManufactureCountry>אוסטריה</ManufactureCountry><ManufacturerItemDescription>סוכריות פז למילוי 8 יח</ManufacturerItemDescription><SoldByWeight/><Quantity>80.00</Quantity><UnitOfMeasure>גרם     </UnitOfMeasure><QtyInPackage>לא ידוע</QtyInPackage><UnitOfMeasurePrice>0.1113</UnitOfMeasurePrice><AllowDiscount>1</AllowDiscount><ItemStatus>1</ItemStatus><ItemPrice>8.90</ItemPrice></item><item><PriceUpdateDate>2016-05-30 22:05:45</PriceUpdateDate><ItemCode>9300632078431</ItemCode><ItemType>1</ItemType><ItemName>משחת שיניים קולגייט</ItemName><ManufacturerName>קולגייט</ManufacturerName><ManufactureCountry>ישראל</ManufactureCountry><ManufacturerItemDescription>משחת קולגייט     מולטי75</ManufacturerItemDescription><SoldByWeight/><Quantity>75.00</Quantity><UnitOfMeasure>מ"ל</UnitOfMeasure><QtyInPackage>לא ידוע</QtyInPackage><UnitOfMeasurePrice>0.3653</UnitOfMeasurePrice><AllowDiscount>1</AllowDiscount><ItemStatus>1</ItemStatus><ItemPrice>27.40</ItemPrice></item><item><PriceUpdateDate>2015-11-13 10:30:03</PriceUpdateDate><ItemCode>9310088007671</ItemCode><ItemType>1</ItemType><ItemName>תחבושות פויז סופר 16</ItemName><ManufacturerName>פויז</ManufacturerName><ManufactureCountry>ישראל</ManufactureCountry><ManufacturerItemDescription>תחבושות פויז    סופר</ManufacturerItemDescription><SoldByWeight/><Quantity>16.00</Quantity><UnitOfMeasure>בודד</UnitOfMeasure><QtyInPackage>לא ידוע</QtyInPackage><UnitOfMeasurePrice>2.0625</UnitOfMeasurePrice><AllowDiscount>1</AllowDiscount><ItemStatus>1</ItemStatus><ItemPrice>33.00</ItemPrice></item><item><PriceUpdateDate>2015-10-06 15:03:09</PriceUpdateDate><ItemCode>9310088016697</ItemCode><ItemType>1</ItemType><ItemName>מגן תחתון פויז 26 יח</ItemName><ManufacturerName>פויז</ManufacturerName><ManufactureCountry>ישראל</ManufactureCountry><ManufacturerItemDescription>מגן תחתון פויז 26 יח</ManufacturerItemDescription><SoldByWeight/><Quantity>26.00</Quantity><UnitOfMeasure>בודד</UnitOfMeasure><QtyInPackage>לא ידוע</QtyInPackage><UnitOfMeasurePrice>1.0154</UnitOfMeasurePrice><AllowDiscount>1</AllowDiscount><ItemStatus>1</ItemStatus><ItemPrice>26.40</ItemPrice></item><item><PriceUpdateDate>2016-05-30 22:05:45</PriceUpdateDate><ItemCode>9322969000015</ItemCode><ItemType>1</ItemType><ItemName>פריכיות תירס אוריגינ</ItemName><ManufacturerName>Realfoods</ManufacturerName><ManufactureCountry>ישראל</ManufactureCountry><ManufacturerItemDescription>פריכיות תירס טעם טבעי -15</ManufacturerItemDescription><SoldByWeight/><Quantity>150.00</Quantity><UnitOfMeasure>גרם     </UnitOfMeasure><QtyInPackage>לא ידוע</QtyInPackage><UnitOfMeasurePrice>0.0860</UnitOfMeasurePrice><AllowDiscount>1</AllowDiscount><ItemStatus>1</ItemStatus><ItemPrice>12.90</ItemPrice></item><item><PriceUpdateDate>2016-05-30 22:05:45</PriceUpdateDate><ItemCode>9322969000022</ItemCode><ItemType>1</ItemType><ItemName>פריכיות תירס סויה וז</ItemName><ManufacturerName>Realfoods</ManufacturerName><ManufactureCountry>ישראל</ManufactureCountry><ManufacturerItemDescription>פריכיות תירס עם סויה וזרע</ManufacturerItemDescription><SoldByWeight/><Quantity>150.00</Quantity><UnitOfMeasure>גרם     </UnitOfMeasure><QtyInPackage>לא ידוע</QtyInPackage><UnitOfMeasurePrice>0.0860</UnitOfMeasurePrice><AllowDiscount>1</AllowDiscount><ItemStatus>1</ItemStatus><ItemPrice>12.90</ItemPrice></item><item><PriceUpdateDate>2016-05-30 22:05:45</PriceUpdateDate><ItemCode>9322969000046</ItemCode><ItemType>1</ItemType><ItemName>פריכיות תירס שומשום</ItemName><ManufacturerName>Realfoods</ManufacturerName><ManufactureCountry>ישראל</ManufactureCountry><ManufacturerItemDescription>פריכיות תירס אורגניות עם</ManufacturerItemDescription><SoldByWeight/><Quantity>150.00</Quantity><UnitOfMeasure>גרם     </UnitOfMeasure><QtyInPackage>לא ידוע</QtyInPackage><UnitOfMeasurePrice>0.0860</UnitOfMeasurePrice><AllowDiscount>1</AllowDiscount><ItemStatus>1</ItemStatus><ItemPrice>12.90</ItemPrice></item><item><PriceUpdateDate>2016-05-30 22:05:45</PriceUpdateDate><ItemCode>9720006678751</ItemCode><ItemType>1</ItemType><ItemName>כבד דגים 115 גרם</ItemName><ManufacturerName>קפה מאסטר 240 מ"ל</ManufacturerName><ManufactureCountry>ישראל</ManufactureCountry><ManufacturerItemDescription>כבד דגים 115 גרם</ManufacturerItemDescription><SoldByWeight/><Quantity>115.00</Quantity><UnitOfMeasure>גרם     </UnitOfMeasure><QtyInPackage>לא ידוע</QtyInPackage><UnitOfMeasurePrice>0.0757</UnitOfMeasurePrice><AllowDiscount>1</AllowDiscount><ItemStatus>1</ItemStatus><ItemPrice>8.70</ItemPrice></item><item><PriceUpdateDate>2015-10-21 14:06:44</PriceUpdateDate><ItemCode>9720188050109</ItemCode><ItemType>1</ItemType><ItemName>גבינת טופו בטעמים 22</ItemName><ManufacturerName>טופוטי</ManufacturerName><ManufactureCountry>ישראל</ManufactureCountry><ManufacturerItemDescription>גבינת טופו בטעמים 22</ManufacturerItemDescription><SoldByWeight/><Quantity>225.00</Quantity><UnitOfMeasure>גרם     </UnitOfMeasure><QtyInPackage>לא ידוע</QtyInPackage><UnitOfMeasurePrice>0.1000</UnitOfMeasurePrice><AllowDiscount>1</AllowDiscount><ItemStatus>1</ItemStatus><ItemPrice>22.50</ItemPrice></item><item><PriceUpdateDate>2015-10-21 14:06:44</PriceUpdateDate><ItemCode>9720188060108</ItemCode><ItemType>1</ItemType><ItemName>שמנת טופו בטעמים 340</ItemName><ManufacturerName>טופוטי</ManufacturerName><ManufactureCountry>ארצות הברית</ManufactureCountry><ManufacturerItemDescription>משחת קולגייט     מולטי75</ManufacturerItemDescription><SoldByWeight/><Quantity>340.00</Quantity><UnitOfMeasure>גרם     </UnitOfMeasure><QtyInPackage>לא ידוע</QtyInPackage><UnitOfMeasurePrice>0.0662</UnitOfMeasurePrice><AllowDiscount>1</AllowDiscount><ItemStatus>1</ItemStatus><ItemPrice>22.50</ItemPrice></item><item><PriceUpdateDate>2015-09-02 11:40:10</PriceUpdateDate><ItemCode>9771565038319</ItemCode><ItemType>1</ItemType><ItemName>עיתון רגיל יום א'</ItemName><ManufacturerName>ידיעות אחרונות</ManufacturerName><ManufactureCountry>ישראל</ManufactureCountry><ManufacturerItemDescription>עיתון רגיל יום א'</ManufacturerItemDescription><SoldByWeight/><Quantity>0.00</Quantity><UnitOfMeasure>יח'</UnitOfMeasure><QtyInPackage>לא ידוע</QtyInPackage><UnitOfMeasurePrice>0.0000</UnitOfMeasurePrice><AllowDiscount>1</AllowDiscount><ItemStatus>1</ItemStatus><ItemPrice>2.00</ItemPrice></item><item><PriceUpdateDate>2015-09-02 11:40:10</PriceUpdateDate><ItemCode>9771565038326</ItemCode><ItemType>1</ItemType><ItemName>עיתון רגיל יום ב'</ItemName><ManufacturerName>ידיעות אחרונות</ManufacturerName><ManufactureCountry>ישראל</ManufactureCountry><ManufacturerItemDescription>עיתון רגיל יום ב'</ManufacturerItemDescription><SoldByWeight/><Quantity>0.00</Quantity><UnitOfMeasure>יח'</UnitOfMeasure><QtyInPackage>לא ידוע</QtyInPackage><UnitOfMeasurePrice>0.0000</UnitOfMeasurePrice><AllowDiscount>1</AllowDiscount><ItemStatus>1</ItemStatus><ItemPrice>2.00</ItemPrice></item><item><PriceUpdateDate>2015-09-02 11:40:10</PriceUpdateDate><ItemCode>9771565038333</ItemCode><ItemType>1</ItemType><ItemName>עיתון רגיל יום ג'</ItemName><ManufacturerName>לא ידוע</ManufacturerName><ManufactureCountry>ישראל</ManufactureCountry><ManufacturerItemDescription>עיתון רגיל יום ג'</ManufacturerItemDescription><SoldByWeight/><Quantity>0.00</Quantity><UnitOfMeasure>יח'</UnitOfMeasure><QtyInPackage>לא ידוע</QtyInPackage><UnitOfMeasurePrice>0.0000</UnitOfMeasurePrice><AllowDiscount>1</AllowDiscount><ItemStatus>1</ItemStatus><ItemPrice>2.00</ItemPrice></item><item><PriceUpdateDate>2015-09-02 11:40:10</PriceUpdateDate><ItemCode>9771565038357</ItemCode><ItemType>1</ItemType><ItemName>עיתון רגיל יום ה'</ItemName><ManufacturerName>ידיעות אחרונות</ManufacturerName><ManufactureCountry>ישראל</ManufactureCountry><ManufacturerItemDescription>עיתון רגיל יום ה'</ManufacturerItemDescription><SoldByWeight/><Quantity>0.00</Quantity><UnitOfMeasure>יח'</UnitOfMeasure><QtyInPackage>לא ידוע</QtyInPackage><UnitOfMeasurePrice>0.0000</UnitOfMeasurePrice><AllowDiscount>1</AllowDiscount><ItemStatus>1</ItemStatus><ItemPrice>2.00</ItemPrice></item><item><PriceUpdateDate>2015-09-03 08:09:00</PriceUpdateDate><ItemCode>9771565039125</ItemCode><ItemType>1</ItemType><ItemName>עיתון לאשה יום ב'</ItemName><ManufacturerName>לא ידוע</ManufacturerName><ManufactureCountry>ישראל</ManufactureCountry><ManufacturerItemDescription>עיתון לאשה יום ב'</ManufacturerItemDescription><SoldByWeight/><Quantity>0.00</Quantity><UnitOfMeasure>יח'</UnitOfMeasure><QtyInPackage>לא ידוע</QtyInPackage><UnitOfMeasurePrice>0.0000</UnitOfMeasurePrice><AllowDiscount>1</AllowDiscount><ItemStatus>1</ItemStatus><ItemPrice>18.00</ItemPrice></item><item><PriceUpdateDate>2014-11-03 06:37:29</PriceUpdateDate><ItemCode>9771565051066</ItemCode><ItemType>1</ItemType><ItemName>עיתון ידיעות  יום ו'</ItemName><ManufacturerName>לא ידוע</ManufacturerName><ManufactureCountry>ישראל</ManufactureCountry><ManufacturerItemDescription>עיתון ידיעות  יום ו'</ManufacturerItemDescription><SoldByWeight/><Quantity>0.00</Quantity><UnitOfMeasure>יח'</UnitOfMeasure><QtyInPackage>לא ידוע</QtyInPackage><UnitOfMeasurePrice>0.0000</UnitOfMeasurePrice><AllowDiscount>1</AllowDiscount><ItemStatus>1</ItemStatus><ItemPrice>15.00</ItemPrice></item><item><PriceUpdateDate>2015-09-02 11:40:10</PriceUpdateDate><ItemCode>9771565058317</ItemCode><ItemType>1</ItemType><ItemName>עיתון רגיל יום א'</ItemName><ManufacturerName>ידיעות אחרונות</ManufacturerName><ManufactureCountry>ישראל</ManufactureCountry><ManufacturerItemDescription>עיתון רגיל יום א'</ManufacturerItemDescription><SoldByWeight/><Quantity>0.00</Quantity><UnitOfMeasure>יח'</UnitOfMeasure><QtyInPackage>לא ידוע</QtyInPackage><UnitOfMeasurePrice>0.0000</UnitOfMeasurePrice><AllowDiscount>1</AllowDiscount><ItemStatus>1</ItemStatus><ItemPrice>2.00</ItemPrice></item><item><PriceUpdateDate>2016-02-19 08:38:39</PriceUpdateDate><ItemCode>9771565062642</ItemCode><ItemType>1</ItemType><ItemName>פנאי פלוס יום ד'</ItemName><ManufacturerName>פנאי פלוס</ManufacturerName><ManufactureCountry>ישראל</ManufactureCountry><ManufacturerItemDescription>פנאי פלוס יום ד'</ManufacturerItemDescription><SoldByWeight/><Quantity>0.00</Quantity><UnitOfMeasure>יח'</UnitOfMeasure><QtyInPackage>לא ידוע</QtyInPackage><UnitOfMeasurePrice>0.0000</UnitOfMeasurePrice><AllowDiscount>1</AllowDiscount><ItemStatus>1</ItemStatus><ItemPrice>10.00</ItemPrice></item><item><PriceUpdateDate>2016-02-02 06:52:13</PriceUpdateDate><ItemCode>9771565291059</ItemCode><ItemType>1</ItemType><ItemName>"ניו יורק טיימס" יום</ItemName><ManufacturerName>בר פוינט אוף סייל</ManufacturerName><ManufactureCountry>ישראל</ManufactureCountry><ManufacturerItemDescription>"ניו יורק טיימס" יום</ManufacturerItemDescription><SoldByWeight/><Quantity>0.00</Quantity><UnitOfMeasure>יח'</UnitOfMeasure><QtyInPackage>לא ידוע</QtyInPackage><UnitOfMeasurePrice>0.0000</UnitOfMeasurePrice><AllowDiscount>1</AllowDiscount><ItemStatus>1</ItemStatus><ItemPrice>13.50</ItemPrice></item><item><PriceUpdateDate>2015-11-12 14:44:04</PriceUpdateDate><ItemCode>9771565342003</ItemCode><ItemType>1</ItemType><ItemName>וסטי סופ"ש + שארם</ItemName><ManufacturerName>בר פוינט אוף סייל</ManufacturerName><ManufactureCountry>ישראל</ManufactureCountry><ManufacturerItemDescription>וסטי סופ"ש + שארם</ManufacturerItemDescription><SoldByWeight/><Quantity>0.00</Quantity><UnitOfMeasure>יח'</UnitOfMeasure><QtyInPackage>לא ידוע</QtyInPackage><UnitOfMeasurePrice>0.0000</UnitOfMeasurePrice><AllowDiscount>1</AllowDiscount><ItemStatus>1</ItemStatus><ItemPrice>12.80</ItemPrice></item></Items></root>
