<?xml version="1.0" encoding="UTF-8"?>
<root><XmlDocVersion/><ChainId/><SubChainId>1</SubChainId><StoreId>8</StoreId><BikoretNo>3</BikoretNo><Items><item><PriceUpdateDate>2016-08-03 07:20:02</PriceUpdateDate><ItemCode>1014</ItemCode><ItemType>3</ItemType><ItemName>אבוקדו</ItemName><ManufacturerName>לא ידוע</ManufacturerName><ManufactureCountry>ישראל</ManufactureCountry><ManufacturerItemDescription>אבוקדו</ManufacturerItemDescription><SoldByWeight/><Quantity>1.00</Quantity><UnitOfMeasure>ק"ג</UnitOfMeasure><QtyInPackage>לא ידוע</QtyInPackage><UnitOfMeasurePrice>22.9000</UnitOfMeasurePrice><AllowDiscount>1</AllowDiscount><ItemStatus>1</ItemStatus><ItemPrice>22.90</ItemPrice></item><item><PriceUpdateDate>2016-05-26 17:29:08</PriceUpdateDate><ItemCode>1038</ItemCode><ItemType>3</ItemType><ItemName>אגס לבן</ItemName><ManufacturerName>.N.Y.C</ManufacturerName><ManufactureCountry>ישראל</ManufactureCountry><ManufacturerItemDescription>אגס לבן</ManufacturerItemDescription><SoldByWeight/><Quantity>1.00</Quantity><UnitOfMeasure>ק"ג</UnitOfMeasure><QtyInPackage>לא ידוע</QtyInPackage><UnitOfMeasurePrice>12.9000</UnitOfMeasurePrice><AllowDiscount>1</AllowDiscount><ItemStatus>1</ItemStatus><ItemPrice>12.90</ItemPrice></item><item><PriceUpdateDate>2016-07-19 08:32:40</PriceUpdateDate><ItemCode>1083</ItemCode><ItemType>3</ItemType><ItemName>אפרסקים</ItemName><ManufacturerName>B.B.B</ManufacturerName><ManufactureCountry>ישראל</ManufactureCountry><ManufacturerItemDescription>אפרסקים</ManufacturerItemDescription><SoldByWeight/><Quantity>1.00</Quantity><UnitOfMeasure>ק"ג</UnitOfMeasure><QtyInPackage>לא ידוע</QtyInPackage><UnitOfMeasurePrice>12.9000</UnitOfMeasurePrice><AllowDiscount>1</AllowDiscount><ItemStatus>1</ItemStatus><ItemPrice>12.90</ItemPrice></item><item><PriceUpdateDate>2016-08-10 11:21:57</PriceUpdateDate><ItemCode>1090</ItemCode><ItemType>3</ItemType><ItemName>נקטרינה</ItemName><ManufacturerName>B.B.B</ManufacturerName><ManufactureCountry>ישראל</ManufactureCountry><ManufacturerItemDescription>נקטרינה</ManufacturerItemDescription><SoldByWeight/><Quantity>1.00</Quantity><UnitOfMeasure>ק"ג</UnitOfMeasure><QtyInPackage>לא ידוע</QtyInPackage><UnitOfMeasurePrice>12.9000</UnitOfMeasurePrice><AllowDiscount>1</AllowDiscount><ItemStatus>1</ItemStatus><ItemPrice>12.90</ItemPrice></item><item><PriceUpdateDate>2016-05-05 12:30:08</PriceUpdateDate><ItemCode>1113</ItemCode><ItemType>3</ItemType><ItemName>אשכולית לבנה</ItemName><ManufacturerName>לא ידוע</ManufacturerName><ManufactureCountry>ישראל</ManufactureCountry><ManufacturerItemDescription>אשכולית לבנה</ManufacturerItemDescription><SoldByWeight/><Quantity>1.00</Quantity><UnitOfMeasure>ק"ג</UnitOfMeasure><QtyInPackage>לא ידוע</QtyInPackage><UnitOfMeasurePrice>5.9000</UnitOfMeasurePrice><AllowDiscount>1</AllowDiscount><ItemStatus>1</ItemStatus><ItemPrice>5.90</ItemPrice></item><item><PriceUpdateDate>2016-07-27 10:20:37</PriceUpdateDate><ItemCode>1120</ItemCode><ItemType>3</ItemType><ItemName>בננות</ItemName><ManufacturerName>B.B.B</ManufacturerName><ManufactureCountry>ישראל</ManufactureCountry><ManufacturerItemDescription>בננות</ManufacturerItemDescription><SoldByWeight/><Quantity>1.00</Quantity><UnitOfMeasure>ק"ג</UnitOfMeasure><QtyInPackage>לא ידוע</QtyInPackage><UnitOfMeasurePrice>11.9000</UnitOfMeasurePrice><AllowDiscount>1</AllowDiscount><ItemStatus>1</ItemStatus><ItemPrice>11.90</ItemPrice></item><item><PriceUpdateDate>2016-08-02 06:30:59</PriceUpdateDate><ItemCode>11210000094</ItemCode><ItemType>1</ItemType><ItemName>רוטב טבסקו אדום 60 מ</ItemName><ManufacturerName>נתן צבי</ManufacturerName><ManufactureCountry>ארצות הברית</ManufactureCountry><ManufacturerItemDescription>מנטוס ענבים      37.5 גר</ManufacturerItemDescription><SoldByWeight/><Quantity>60.00</Quantity><UnitOfMeasure>מ"ל</UnitOfMeasure><QtyInPackage>לא ידוע</QtyInPackage><UnitOfMeasurePrice>0.2417</UnitOfMeasurePrice><AllowDiscount>1</AllowDiscount><ItemStatus>1</ItemStatus><ItemPrice>14.50</ItemPrice></item><item><PriceUpdateDate>2016-08-11 07:19:41</PriceUpdateDate><ItemCode>1168</ItemCode><ItemType>3</ItemType><ItemName>לימון מובחר</ItemName><ManufacturerName>.N.Y.C</ManufacturerName><ManufactureCountry>ישראל</ManufactureCountry><ManufacturerItemDescription>לימון מובחר</ManufacturerItemDescription><SoldByWeight/><Quantity>1.00</Quantity><UnitOfMeasure>ק"ג</UnitOfMeasure><QtyInPackage>לא ידוע</QtyInPackage><UnitOfMeasurePrice>12.9000</UnitOfMeasurePrice><AllowDiscount>1</AllowDiscount><ItemStatus>1</ItemStatus><ItemPrice>12.90</ItemPrice></item><item><PriceUpdateDate>2016-08-18 10:28:53</PriceUpdateDate><ItemCode>1182</ItemCode><ItemType>3</ItemType><ItemName>מלון</ItemName><ManufacturerName>לא ידוע</ManufacturerName><ManufactureCountry>ישראל</ManufactureCountry><ManufacturerItemDescription>מלון</ManufacturerItemDescription><SoldByWeight/><Quantity>1.00</Quantity><UnitOfMeasure>ק"ג</UnitOfMeasure><QtyInPackage>לא ידוע</QtyInPackage><UnitOfMeasurePrice>9.9000</UnitOfMeasurePrice><AllowDiscount>1</AllowDiscount><ItemStatus>1</ItemStatus><ItemPrice>9.90</ItemPrice></item><item><PriceUpdateDate>2016-08-16 08:54:46</PriceUpdateDate><ItemCode>1199</ItemCode><ItemType>3</ItemType><ItemName>מנגו</ItemName><ManufacturerName>B.B.B</ManufacturerName><ManufactureCountry>ישראל</ManufactureCountry><ManufacturerItemDescription>מנגו</ManufacturerItemDescription><SoldByWeight/><Quantity>1.00</Quantity><UnitOfMeasure>ק"ג</UnitOfMeasure><QtyInPackage>לא ידוע</QtyInPackage><UnitOfMeasurePrice>12.9000</UnitOfMeasurePrice><AllowDiscount>1</AllowDiscount><ItemStatus>1</ItemStatus><ItemPrice>12.90</ItemPrice></item><item><PriceUpdateDate>2016-08-03 07:24:08</PriceUpdateDate><ItemCode>12341337</ItemCode><ItemType>1</ItemType><ItemName>ס.כאמל כתום בודד</ItemName><ManufacturerName>לא ממותג</ManufacturerName><ManufactureCountry>ישראל</ManufactureCountry><ManufacturerItemDescription>ס.כאמל כתום בודד</ManufacturerItemDescription><SoldByWeight/><Quantity>0.00</Quantity><UnitOfMeasure>יח'</UnitOfMeasure><QtyInPackage>לא ידוע</QtyInPackage><UnitOfMeasurePrice>0.0000</UnitOfMeasurePrice><AllowDiscount>1</AllowDiscount><ItemStatus>1</ItemStatus><ItemPrice>30.50</ItemPrice></item><item><PriceUpdateDate>2016-08-10 11:21:58</PriceUpdateDate><ItemCode>1243</ItemCode><ItemType>3</ItemType><ItemName>ענבים שחורים</ItemName><ManufacturerName>.N.Y.C</ManufacturerName><ManufactureCountry>ישראל</ManufactureCountry><ManufacturerItemDescription>ענבים שחורים</ManufacturerItemDescription><SoldByWeight/><Quantity>1.00</Quantity><UnitOfMeasure>ק"ג</UnitOfMeasure><QtyInPackage>לא ידוע</QtyInPackage><UnitOfMeasurePrice>15.9000</UnitOfMeasurePrice><AllowDiscount>1</AllowDiscount><ItemStatus>1</ItemStatus><ItemPrice>15.90</ItemPrice></item><item><PriceUpdateDate>2016-08-18 10:28:53</PriceUpdateDate><ItemCode>1250</ItemCode><ItemType>3</ItemType><ItemName>אבטיח</ItemName><ManufacturerName>B.B.B</ManufacturerName><ManufactureCountry>ישראל</ManufactureCountry><ManufacturerItemDescription>אבטיח</ManufacturerItemDescription><SoldByWeight/><Quantity>1.00</Quantity><UnitOfMeasure>ק"ג</UnitOfMeasure><QtyInPackage>לא ידוע</QtyInPackage><UnitOfMeasurePrice>5.9000</UnitOfMeasurePrice><AllowDiscount>1</AllowDiscount><ItemStatus>1</ItemStatus><ItemPrice>5.90</ItemPrice></item><item><PriceUpdateDate>2015-10-13 07:07:04</PriceUpdateDate><ItemCode>1274</ItemCode><ItemType>3</ItemType><ItemName>פומלה</ItemName><ManufacturerName>B.B.B</ManufacturerName><ManufactureCountry>ישראל</ManufactureCountry><ManufacturerItemDescription>פומלה</ManufacturerItemDescription><SoldByWeight/><Quantity>1.00</Quantity><UnitOfMeasure>ק"ג</UnitOfMeasure><QtyInPackage>לא ידוע</QtyInPackage><UnitOfMeasurePrice>7.9000</UnitOfMeasurePrice><AllowDiscount>1</AllowDiscount><ItemStatus>1</ItemStatus><ItemPrice>7.90</ItemPrice></item><item><PriceUpdateDate>2016-08-02 06:30:43</PriceUpdateDate><ItemCode>1304</ItemCode><ItemType>3</ItemType><ItemName>רימונים</ItemName><ManufacturerName>B.B.B</ManufacturerName><ManufactureCountry>ישראל</ManufactureCountry><ManufacturerItemDescription>רימונים</ManufacturerItemDescription><SoldByWeight/><Quantity>1.00</Quantity><UnitOfMeasure>ק"ג</UnitOfMeasure><QtyInPackage>לא ידוע</QtyInPackage><UnitOfMeasurePrice>12.9000</UnitOfMeasurePrice><AllowDiscount>1</AllowDiscount><ItemStatus>1</ItemStatus><ItemPrice>12.90</ItemPrice></item><item><PriceUpdateDate>2016-05-31 09:33:07</PriceUpdateDate><ItemCode>13495113506</ItemCode><ItemType>1</ItemType><ItemName>חטיף קליק ביסקויט 75</ItemName><ManufacturerName>קליק ורד הגליל</ManufacturerName><ManufactureCountry>ישראל</ManufactureCountry><ManufacturerItemDescription>קליק ביסקוויט 75 גר</ManufacturerItemDescription><SoldByWeight/><Quantity>75.00</Quantity><UnitOfMeasure>גרם     </UnitOfMeasure><QtyInPackage>לא ידוע</QtyInPackage><UnitOfMeasurePrice>0.0720</UnitOfMeasurePrice><AllowDiscount>1</AllowDiscount><ItemStatus>1</ItemStatus><ItemPrice>5.40</ItemPrice></item><item><PriceUpdateDate>2016-05-31 09:33:07</PriceUpdateDate><ItemCode>13495113513</ItemCode><ItemType>1</ItemType><ItemName>חטיף קליק כדורים 75</ItemName><ManufacturerName>קליק ורד הגליל</ManufacturerName><ManufactureCountry>ישראל</ManufactureCountry><ManufacturerItemDescription>קליק חלב 75 גר</ManufacturerItemDescription><SoldByWeight/><Quantity>75.00</Quantity><UnitOfMeasure>גרם     </UnitOfMeasure><QtyInPackage>לא ידוע</QtyInPackage><UnitOfMeasurePrice>0.0720</UnitOfMeasurePrice><AllowDiscount>1</AllowDiscount><ItemStatus>1</ItemStatus><ItemPrice>5.40</ItemPrice></item><item><PriceUpdateDate>2016-05-31 09:33:07</PriceUpdateDate><ItemCode>13495113520</ItemCode><ItemType>1</ItemType><ItemName>חטיף קליק קורנפלקס 7</ItemName><ManufacturerName>קליק ורד הגליל</ManufacturerName><ManufactureCountry>ישראל</ManufactureCountry><ManufacturerItemDescription>קליק קורנפלקס 75 גר</ManufacturerItemDescription><SoldByWeight/><Quantity>75.00</Quantity><UnitOfMeasure>גרם     </UnitOfMeasure><QtyInPackage>לא ידוע</QtyInPackage><UnitOfMeasurePrice>0.0720</UnitOfMeasurePrice><AllowDiscount>1</AllowDiscount><ItemStatus>1</ItemStatus><ItemPrice>5.40</ItemPrice></item><item><PriceUpdateDate>2016-05-31 09:33:07</PriceUpdateDate><ItemCode>13495113582</ItemCode><ItemType>1</ItemType><ItemName>חטיף קליק כריות 75 ג</ItemName><ManufacturerName>קליק ורד הגליל</ManufacturerName><ManufactureCountry>ישראל</ManufactureCountry><ManufacturerItemDescription>קליק כריות 75 גר</ManufacturerItemDescription><SoldByWeight/><Quantity>75.00</Quantity><UnitOfMeasure>גרם     </UnitOfMeasure><QtyInPackage>לא ידוע</QtyInPackage><UnitOfMeasurePrice>0.0720</UnitOfMeasurePrice><AllowDiscount>1</AllowDiscount><ItemStatus>1</ItemStatus><ItemPrice>5.40</ItemPrice></item><item><PriceUpdateDate>2015-01-27 06:48:30</PriceUpdateDate><ItemCode>1410</ItemCode><ItemType>3</ItemType><ItemName>תפוח גרנד סמיט</ItemName><ManufacturerName>לא ממותג</ManufacturerName><ManufactureCountry>ישראל</ManufactureCountry><ManufacturerItemDescription>תפוח גרנד סמיט</ManufacturerItemDescription><SoldByWeight/><Quantity>1.00</Quantity><UnitOfMeasure>ק"ג</UnitOfMeasure><QtyInPackage>לא ידוע</QtyInPackage><UnitOfMeasurePrice>9.9000</UnitOfMeasurePrice><AllowDiscount>1</AllowDiscount><ItemStatus>1</ItemStatus><ItemPrice>9.90</ItemPrice></item><item><PriceUpdateDate>2015-01-27 06:48:30</PriceUpdateDate><ItemCode>1427</ItemCode><ItemType>3</ItemType><ItemName>תפוח זהוב גדול</ItemName><ManufacturerName>לא ידוע</ManufacturerName><ManufactureCountry>ישראל</ManufactureCountry><ManufacturerItemDescription>תפוח זהוב גדול</ManufacturerItemDescription><SoldByWeight/><Quantity>1.00</Quantity><UnitOfMeasure>ק"ג</UnitOfMeasure><QtyInPackage>לא ידוע</QtyInPackage><UnitOfMeasurePrice>9.9000</UnitOfMeasurePrice><AllowDiscount>1</AllowDiscount><ItemStatus>1</ItemStatus><ItemPrice>9.90</ItemPrice></item><item><PriceUpdateDate>2016-04-11 07:51:52</PriceUpdateDate><ItemCode>1533</ItemCode><ItemType>3</ItemType><ItemName>בצל יבש מובחר</ItemName><ManufacturerName>B.B.B</ManufacturerName><ManufactureCountry>ישראל</ManufactureCountry><ManufacturerItemDescription>בצל יבש מובחר</ManufacturerItemDescription><SoldByWeight/><Quantity>1.00</Quantity><UnitOfMeasure>ק"ג</UnitOfMeasure><QtyInPackage>לא ידוע</QtyInPackage><UnitOfMeasurePrice>4.9000</UnitOfMeasurePrice><AllowDiscount>1</AllowDiscount><ItemStatus>1</ItemStatus><ItemPrice>4.90</ItemPrice></item><item><PriceUpdateDate>2016-08-03 07:20:02</PriceUpdateDate><ItemCode>1557</ItemCode><ItemType>3</ItemType><ItemName>בטטה מובחרת</ItemName><ManufacturerName>B.B.B</ManufacturerName><ManufactureCountry>ישראל</ManufactureCountry><ManufacturerItemDescription>בטטה מובחרת</ManufacturerItemDescription><SoldByWeight/><Quantity>1.00</Quantity><UnitOfMeasure>ק"ג</UnitOfMeasure><QtyInPackage>לא ידוע</QtyInPackage><UnitOfMeasurePrice>12.9000</UnitOfMeasurePrice><AllowDiscount>1</AllowDiscount><ItemStatus>1</ItemStatus><ItemPrice>12.90</ItemPrice></item><item><PriceUpdateDate>2016-03-29 07:13:02</PriceUpdateDate><ItemCode>1571</ItemCode><ItemType>3</ItemType><ItemName>גזר ארוז</ItemName><ManufacturerName>B.B.B</ManufacturerName><ManufactureCountry>ישראל</ManufactureCountry><ManufacturerItemDescription>גזר ארוז</ManufacturerItemDescription><SoldByWeight/><Quantity>1.00</Quantity><UnitOfMeasure>ק"ג</UnitOfMeasure><QtyInPackage>לא ידוע</QtyInPackage><UnitOfMeasurePrice>4.9000</UnitOfMeasurePrice><AllowDiscount>1</AllowDiscount><ItemStatus>1</ItemStatus><ItemPrice>4.90</ItemPrice></item><item><PriceUpdateDate>2016-05-20 07:08:12</PriceUpdateDate><ItemCode>1595</ItemCode><ItemType>3</ItemType><ItemName>דלעת</ItemName><ManufacturerName>B.B.B</ManufacturerName><ManufactureCountry>ישראל</ManufactureCountry><ManufacturerItemDescription>דלעת</ManufacturerItemDescription><SoldByWeight/><Quantity>1.00</Quantity><UnitOfMeasure>ק"ג</UnitOfMeasure><QtyInPackage>לא ידוע</QtyInPackage><UnitOfMeasurePrice>9.9000</UnitOfMeasurePrice><AllowDiscount>1</AllowDiscount><ItemStatus>1</ItemStatus><ItemPrice>9.90</ItemPrice></item><item><PriceUpdateDate>2016-05-31 09:30:30</PriceUpdateDate><ItemCode>16000281684</ItemCode><ItemType>1</ItemType><ItemName>נייטשר וואלי קראנצ'י</ItemName><ManufacturerName>Nature Valley</ManufacturerName><ManufactureCountry>ארצות הברית</ManufactureCountry><ManufacturerItemDescription>חמצוצים קולה    ה 100גרם</ManufacturerItemDescription><SoldByWeight/><Quantity>210.00</Quantity><UnitOfMeasure>גרם     </UnitOfMeasure><QtyInPackage>לא ידוע</QtyInPackage><UnitOfMeasurePrice>0.0757</UnitOfMeasurePrice><AllowDiscount>1</AllowDiscount><ItemStatus>1</ItemStatus><ItemPrice>15.90</ItemPrice></item><item><PriceUpdateDate>2016-05-31 09:30:30</PriceUpdateDate><ItemCode>16000423534</ItemCode><ItemType>1</ItemType><ItemName>נייטשר וואלי קראנצ'י</ItemName><ManufacturerName>Nature Valley</ManufacturerName><ManufactureCountry>ארצות הברית</ManufactureCountry><ManufacturerItemDescription>רוטב ברביקיו    'ס 510 ג</ManufacturerItemDescription><SoldByWeight/><Quantity>175.00</Quantity><UnitOfMeasure>גרם     </UnitOfMeasure><QtyInPackage>לא ידוע</QtyInPackage><UnitOfMeasurePrice>0.0909</UnitOfMeasurePrice><AllowDiscount>1</AllowDiscount><ItemStatus>1</ItemStatus><ItemPrice>15.90</ItemPrice></item><item><PriceUpdateDate>2016-05-31 09:30:31</PriceUpdateDate><ItemCode>16000548909</ItemCode><ItemType>1</ItemType><ItemName>נייטשר וואלי קראנצ'י</ItemName><ManufacturerName>Nature Valley</ManufacturerName><ManufactureCountry>ספרד</ManufactureCountry><ManufacturerItemDescription>חטיף פרינגלס    ינו169</ManufacturerItemDescription><SoldByWeight/><Quantity>210.00</Quantity><UnitOfMeasure>גרם     </UnitOfMeasure><QtyInPackage>לא ידוע</QtyInPackage><UnitOfMeasurePrice>0.0757</UnitOfMeasurePrice><AllowDiscount>1</AllowDiscount><ItemStatus>1</ItemStatus><ItemPrice>15.90</ItemPrice></item><item><PriceUpdateDate>2015-09-07 09:02:44</PriceUpdateDate><ItemCode>1601</ItemCode><ItemType>3</ItemType><ItemName>חזרת</ItemName><ManufacturerName>לא ידוע</ManufacturerName><ManufactureCountry>ישראל</ManufactureCountry><ManufacturerItemDescription>חזרת</ManufacturerItemDescription><SoldByWeight/><Quantity>1.00</Quantity><UnitOfMeasure>ק"ג</UnitOfMeasure><QtyInPackage>לא ידוע</QtyInPackage><UnitOfMeasurePrice>39.9000</UnitOfMeasurePrice><AllowDiscount>1</AllowDiscount><ItemStatus>1</ItemStatus><ItemPrice>39.90</ItemPrice></item><item><PriceUpdateDate>2016-08-10 11:21:58</PriceUpdateDate><ItemCode>1618</ItemCode><ItemType>3</ItemType><ItemName>חציל חממה מובחר</ItemName><ManufacturerName>B.B.B</ManufacturerName><ManufactureCountry>ישראל</ManufactureCountry><ManufacturerItemDescription>חציל חממה מובחר</ManufacturerItemDescription><SoldByWeight/><Quantity>1.00</Quantity><UnitOfMeasure>ק"ג</UnitOfMeasure><QtyInPackage>לא ידוע</QtyInPackage><UnitOfMeasurePrice>7.9000</UnitOfMeasurePrice><AllowDiscount>1</AllowDiscount><ItemStatus>1</ItemStatus><ItemPrice>7.90</ItemPrice></item><item><PriceUpdateDate>2016-08-11 07:18:23</PriceUpdateDate><ItemCode>1625</ItemCode><ItemType>3</ItemType><ItemName>כרובית</ItemName><ManufacturerName>B.B.B</ManufacturerName><ManufactureCountry>ישראל</ManufactureCountry><ManufacturerItemDescription>כרובית</ManufacturerItemDescription><SoldByWeight/><Quantity>1.00</Quantity><UnitOfMeasure>ק"ג</UnitOfMeasure><QtyInPackage>לא ידוע</QtyInPackage><UnitOfMeasurePrice>11.9000</UnitOfMeasurePrice><AllowDiscount>1</AllowDiscount><ItemStatus>1</ItemStatus><ItemPrice>11.90</ItemPrice></item><item><PriceUpdateDate>2016-08-15 06:46:56</PriceUpdateDate><ItemCode>1632</ItemCode><ItemType>3</ItemType><ItemName>כרוב לבן</ItemName><ManufacturerName>.N.Y.C</ManufacturerName><ManufactureCountry>ישראל</ManufactureCountry><ManufacturerItemDescription>כרוב לבן</ManufacturerItemDescription><SoldByWeight/><Quantity>1.00</Quantity><UnitOfMeasure>ק"ג</UnitOfMeasure><QtyInPackage>לא ידוע</QtyInPackage><UnitOfMeasurePrice>6.9000</UnitOfMeasurePrice><AllowDiscount>1</AllowDiscount><ItemStatus>1</ItemStatus><ItemPrice>6.90</ItemPrice></item><item><PriceUpdateDate>2016-08-15 06:46:56</PriceUpdateDate><ItemCode>1649</ItemCode><ItemType>3</ItemType><ItemName>כרוב אדום</ItemName><ManufacturerName>.N.Y.C</ManufacturerName><ManufactureCountry>ישראל</ManufactureCountry><ManufacturerItemDescription>כרוב אדום</ManufacturerItemDescription><SoldByWeight/><Quantity>1.00</Quantity><UnitOfMeasure>ק"ג</UnitOfMeasure><QtyInPackage>לא ידוע</QtyInPackage><UnitOfMeasurePrice>7.9000</UnitOfMeasurePrice><AllowDiscount>1</AllowDiscount><ItemStatus>1</ItemStatus><ItemPrice>7.90</ItemPrice></item><item><PriceUpdateDate>2016-07-12 13:02:49</PriceUpdateDate><ItemCode>1670</ItemCode><ItemType>3</ItemType><ItemName>לוף כרישה</ItemName><ManufacturerName>B.B.B</ManufacturerName><ManufactureCountry>ישראל</ManufactureCountry><ManufacturerItemDescription>לוף כרישה</ManufacturerItemDescription><SoldByWeight/><Quantity>1.00</Quantity><UnitOfMeasure>ק"ג</UnitOfMeasure><QtyInPackage>לא ידוע</QtyInPackage><UnitOfMeasurePrice>11.9000</UnitOfMeasurePrice><AllowDiscount>1</AllowDiscount><ItemStatus>1</ItemStatus><ItemPrice>11.90</ItemPrice></item><item><PriceUpdateDate>2016-07-06 13:52:15</PriceUpdateDate><ItemCode>1694</ItemCode><ItemType>3</ItemType><ItemName>מלפפון מובחר</ItemName><ManufacturerName>B.B.B</ManufacturerName><ManufactureCountry>ישראל</ManufactureCountry><ManufacturerItemDescription>מלפפון מובחר</ManufacturerItemDescription><SoldByWeight/><Quantity>1.00</Quantity><UnitOfMeasure>ק"ג</UnitOfMeasure><QtyInPackage>לא ידוע</QtyInPackage><UnitOfMeasurePrice>6.9000</UnitOfMeasurePrice><AllowDiscount>1</AllowDiscount><ItemStatus>1</ItemStatus><ItemPrice>6.90</ItemPrice></item><item><PriceUpdateDate>2016-07-18 06:59:40</PriceUpdateDate><ItemCode>1724</ItemCode><ItemType>3</ItemType><ItemName>סלק אדום מובחר</ItemName><ManufacturerName>B.B.B</ManufacturerName><ManufactureCountry>ישראל</ManufactureCountry><ManufacturerItemDescription>סלק אדום מובחר</ManufacturerItemDescription><SoldByWeight/><Quantity>1.00</Quantity><UnitOfMeasure>ק"ג</UnitOfMeasure><QtyInPackage>לא ידוע</QtyInPackage><UnitOfMeasurePrice>7.9000</UnitOfMeasurePrice><AllowDiscount>1</AllowDiscount><ItemStatus>1</ItemStatus><ItemPrice>7.90</ItemPrice></item><item><PriceUpdateDate>2016-08-19 07:13:48</PriceUpdateDate><ItemCode>1755</ItemCode><ItemType>3</ItemType><ItemName>עגבנייה מובחרת</ItemName><ManufacturerName>B.B.B</ManufacturerName><ManufactureCountry>ישראל</ManufactureCountry><ManufacturerItemDescription>עגבנייה מובחרת</ManufacturerItemDescription><SoldByWeight/><Quantity>1.00</Quantity><UnitOfMeasure>ק"ג</UnitOfMeasure><QtyInPackage>לא ידוע</QtyInPackage><UnitOfMeasurePrice>7.5000</UnitOfMeasurePrice><AllowDiscount>1</AllowDiscount><ItemStatus>1</ItemStatus><ItemPrice>7.50</ItemPrice></item><item><PriceUpdateDate>2016-06-27 19:15:24</PriceUpdateDate><ItemCode>1786</ItemCode><ItemType>3</ItemType><ItemName>פלפל ירוק כהה</ItemName><ManufacturerName>B.B.B</ManufacturerName><ManufactureCountry>ישראל</ManufactureCountry><ManufacturerItemDescription>פלפל ירוק כהה</ManufacturerItemDescription><SoldByWeight/><Quantity>1.00</Quantity><UnitOfMeasure>ק"ג</UnitOfMeasure><QtyInPackage>לא ידוע</QtyInPackage><UnitOfMeasurePrice>8.9000</UnitOfMeasurePrice><AllowDiscount>1</AllowDiscount><ItemStatus>1</ItemStatus><ItemPrice>8.90</ItemPrice></item><item><PriceUpdateDate>2016-06-27 19:15:24</PriceUpdateDate><ItemCode>1793</ItemCode><ItemType>3</ItemType><ItemName>פלפל חריף</ItemName><ManufacturerName>B.B.B</ManufacturerName><ManufactureCountry>ישראל</ManufactureCountry><ManufacturerItemDescription>פלפל חריף</ManufacturerItemDescription><SoldByWeight/><Quantity>1.00</Quantity><UnitOfMeasure>ק"ג</UnitOfMeasure><QtyInPackage>לא ידוע</QtyInPackage><UnitOfMeasurePrice>8.9000</UnitOfMeasurePrice><AllowDiscount>1</AllowDiscount><ItemStatus>1</ItemStatus><ItemPrice>8.90</ItemPrice></item><item><PriceUpdateDate>2016-07-22 07:02:32</PriceUpdateDate><ItemCode>1809</ItemCode><ItemType>3</ItemType><ItemName>פלפל אדום מובחר</ItemName><ManufacturerName>B.B.B</ManufacturerName><ManufactureCountry>ישראל</ManufactureCountry><ManufacturerItemDescription>פלפל אדום מובחר</ManufacturerItemDescription><SoldByWeight/><Quantity>1.00</Quantity><UnitOfMeasure>ק"ג</UnitOfMeasure><QtyInPackage>לא ידוע</QtyInPackage><UnitOfMeasurePrice>9.9000</UnitOfMeasurePrice><AllowDiscount>1</AllowDiscount><ItemStatus>1</ItemStatus><ItemPrice>9.90</ItemPrice></item><item><PriceUpdateDate>2016-08-03 07:20:02</PriceUpdateDate><ItemCode>1830</ItemCode><ItemType>3</ItemType><ItemName>קולורבי</ItemName><ManufacturerName>B.B.B</ManufacturerName><ManufactureCountry>ישראל</ManufactureCountry><ManufacturerItemDescription>קולורבי</ManufacturerItemDescription><SoldByWeight/><Quantity>1.00</Quantity><UnitOfMeasure>ק"ג</UnitOfMeasure><QtyInPackage>לא ידוע</QtyInPackage><UnitOfMeasurePrice>8.9000</UnitOfMeasurePrice><AllowDiscount>1</AllowDiscount><ItemStatus>1</ItemStatus><ItemPrice>8.90</ItemPrice></item><item><PriceUpdateDate>2016-08-11 07:18:23</PriceUpdateDate><ItemCode>1847</ItemCode><ItemType>3</ItemType><ItemName>קישואים לבנים</ItemName><ManufacturerName>B.B.B</ManufacturerName><ManufactureCountry>ישראל</ManufactureCountry><ManufacturerItemDescription>קישואים לבנים</ManufacturerItemDescription><SoldByWeight/><Quantity>1.00</Quantity><UnitOfMeasure>ק"ג</UnitOfMeasure><QtyInPackage>לא ידוע</QtyInPackage><UnitOfMeasurePrice>12.9000</UnitOfMeasurePrice><AllowDiscount>1</AllowDiscount><ItemStatus>1</ItemStatus><ItemPrice>12.90</ItemPrice></item><item><PriceUpdateDate>2016-06-22 07:09:58</PriceUpdateDate><ItemCode>1939</ItemCode><ItemType>3</ItemType><ItemName>תירס אמריקאי</ItemName><ManufacturerName>B.B.B</ManufacturerName><ManufactureCountry>ישראל</ManufactureCountry><ManufacturerItemDescription>תירס אמריקאי</ManufacturerItemDescription><SoldByWeight/><Quantity>1.00</Quantity><UnitOfMeasure>ק"ג</UnitOfMeasure><QtyInPackage>לא ידוע</QtyInPackage><UnitOfMeasurePrice>9.9000</UnitOfMeasurePrice><AllowDiscount>1</AllowDiscount><ItemStatus>1</ItemStatus><ItemPrice>9.90</ItemPrice></item><item><PriceUpdateDate>2016-07-11 12:40:23</PriceUpdateDate><ItemCode>1946</ItemCode><ItemType>3</ItemType><ItemName>תפוח אדמה לבן</ItemName><ManufacturerName>B.B.B</ManufacturerName><ManufactureCountry>ישראל</ManufactureCountry><ManufacturerItemDescription>תפוח אדמה לבן</ManufacturerItemDescription><SoldByWeight/><Quantity>1.00</Quantity><UnitOfMeasure>ק"ג</UnitOfMeasure><QtyInPackage>לא ידוע</QtyInPackage><UnitOfMeasurePrice>5.9000</UnitOfMeasurePrice><AllowDiscount>1</AllowDiscount><ItemStatus>1</ItemStatus><ItemPrice>5.90</ItemPrice></item><item><PriceUpdateDate>2015-01-27 06:48:30</PriceUpdateDate><ItemCode>1991</ItemCode><ItemType>3</ItemType><ItemName>ג'ינג'ר בתפזורת</ItemName><ManufacturerName>B.B.B</ManufacturerName><ManufactureCountry>ישראל</ManufactureCountry><ManufacturerItemDescription>ג'ינג'ר בתפזורת</ManufacturerItemDescription><SoldByWeight/><Quantity>1.00</Quantity><UnitOfMeasure>ק"ג</UnitOfMeasure><QtyInPackage>לא ידוע</QtyInPackage><UnitOfMeasurePrice>40.0000</UnitOfMeasurePrice><AllowDiscount>1</AllowDiscount><ItemStatus>1</ItemStatus><ItemPrice>40.00</ItemPrice></item><item><PriceUpdateDate>2016-07-11 12:40:23</PriceUpdateDate><ItemCode>2028</ItemCode><ItemType>3</ItemType><ItemName>ברוקולי</ItemName><ManufacturerName>B.B.B</ManufacturerName><ManufactureCountry>ישראל</ManufactureCountry><ManufacturerItemDescription>ברוקולי</ManufacturerItemDescription><SoldByWeight/><Quantity>1.00</Quantity><UnitOfMeasure>ק"ג</UnitOfMeasure><QtyInPackage>לא ידוע</QtyInPackage><UnitOfMeasurePrice>24.9000</UnitOfMeasurePrice><AllowDiscount>1</AllowDiscount><ItemStatus>1</ItemStatus><ItemPrice>24.90</ItemPrice></item><item><PriceUpdateDate>2016-05-24 08:40:15</PriceUpdateDate><ItemCode>2059</ItemCode><ItemType>3</ItemType><ItemName>שומר</ItemName><ManufacturerName>B.B.B</ManufacturerName><ManufactureCountry>ישראל</ManufactureCountry><ManufacturerItemDescription>שומר</ManufacturerItemDescription><SoldByWeight/><Quantity>1.00</Quantity><UnitOfMeasure>ק"ג</UnitOfMeasure><QtyInPackage>לא ידוע</QtyInPackage><UnitOfMeasurePrice>8.9000</UnitOfMeasurePrice><AllowDiscount>1</AllowDiscount><ItemStatus>1</ItemStatus><ItemPrice>8.90</ItemPrice></item><item><PriceUpdateDate>2016-06-27 19:15:24</PriceUpdateDate><ItemCode>2073</ItemCode><ItemType>3</ItemType><ItemName>קיווי</ItemName><ManufacturerName>B.B.B</ManufacturerName><ManufactureCountry>ישראל</ManufactureCountry><ManufacturerItemDescription>קיווי</ManufacturerItemDescription><SoldByWeight/><Quantity>1.00</Quantity><UnitOfMeasure>ק"ג</UnitOfMeasure><QtyInPackage>לא ידוע</QtyInPackage><UnitOfMeasurePrice>32.9000</UnitOfMeasurePrice><AllowDiscount>1</AllowDiscount><ItemStatus>1</ItemStatus><ItemPrice>32.90</ItemPrice></item><item><PriceUpdateDate>2016-04-15 11:47:20</PriceUpdateDate><ItemCode>2127</ItemCode><ItemType>3</ItemType><ItemName>תפוח עץ  קירפס פינק</ItemName><ManufacturerName>דוד פרנקו</ManufacturerName><ManufactureCountry>ישראל</ManufactureCountry><ManufacturerItemDescription>תפוח עץ  קירפס פינק</ManufacturerItemDescription><SoldByWeight/><Quantity>1.00</Quantity><UnitOfMeasure>ק"ג</UnitOfMeasure><QtyInPackage>לא ידוע</QtyInPackage><UnitOfMeasurePrice>16.9000</UnitOfMeasurePrice><AllowDiscount>1</AllowDiscount><ItemStatus>1</ItemStatus><ItemPrice>16.90</ItemPrice></item><item><PriceUpdateDate>2015-08-04 08:22:03</PriceUpdateDate><ItemCode>2133986</ItemCode><ItemType>3</ItemType><ItemName>חמאת עיזים במשקל</ItemName><ManufacturerName>מחלבת השומרון</ManufacturerName><ManufactureCountry>לא ידוע</ManufactureCountry><ManufacturerItemDescription>חמאת עיזים במשקל</ManufacturerItemDescription><SoldByWeight/><Quantity>1.00</Quantity><UnitOfMeasure>ק"ג</UnitOfMeasure><QtyInPackage>לא ידוע</QtyInPackage><UnitOfMeasurePrice>69.0000</UnitOfMeasurePrice><AllowDiscount>1</AllowDiscount><ItemStatus>1</ItemStatus><ItemPrice>69.00</ItemPrice></item><item><PriceUpdateDate>2016-02-09 08:38:19</PriceUpdateDate><ItemCode>215</ItemCode><ItemType>3</ItemType><ItemName>בצל אדום</ItemName><ManufacturerName>B.B.B</ManufacturerName><ManufactureCountry>ישראל</ManufactureCountry><ManufacturerItemDescription>בצל אדום</ManufacturerItemDescription><SoldByWeight/><Quantity>1.00</Quantity><UnitOfMeasure>ק"ג</UnitOfMeasure><QtyInPackage>לא ידוע</QtyInPackage><UnitOfMeasurePrice>6.9000</UnitOfMeasurePrice><AllowDiscount>1</AllowDiscount><ItemStatus>1</ItemStatus><ItemPrice>6.90</ItemPrice></item><item><PriceUpdateDate>2016-08-18 10:28:34</PriceUpdateDate><ItemCode>2196</ItemCode><ItemType>3</ItemType><ItemName>תפוח יונתן</ItemName><ManufacturerName>לא ממותג</ManufacturerName><ManufactureCountry>ישראל</ManufactureCountry><ManufacturerItemDescription>תפוח יונתן</ManufacturerItemDescription><SoldByWeight/><Quantity>1.00</Quantity><UnitOfMeasure>ק"ג</UnitOfMeasure><QtyInPackage>לא ידוע</QtyInPackage><UnitOfMeasurePrice>11.9000</UnitOfMeasurePrice><AllowDiscount>1</AllowDiscount><ItemStatus>1</ItemStatus><ItemPrice>11.90</ItemPrice></item><item><PriceUpdateDate>2015-11-05 08:13:45</PriceUpdateDate><ItemCode>2233</ItemCode><ItemType>3</ItemType><ItemName>תפוזים</ItemName><ManufacturerName>לא ידוע</ManufacturerName><ManufactureCountry>ישראל</ManufactureCountry><ManufacturerItemDescription>תפוזים</ManufacturerItemDescription><SoldByWeight/><Quantity>1.00</Quantity><UnitOfMeasure>ק"ג</UnitOfMeasure><QtyInPackage>לא ידוע</QtyInPackage><UnitOfMeasurePrice>6.9000</UnitOfMeasurePrice><AllowDiscount>1</AllowDiscount><ItemStatus>1</ItemStatus><ItemPrice>6.90</ItemPrice></item><item><PriceUpdateDate>2016-08-10 11:21:58</PriceUpdateDate><ItemCode>2264</ItemCode><ItemType>3</ItemType><ItemName>ענבים לבנים</ItemName><ManufacturerName>B.B.B</ManufacturerName><ManufactureCountry>ישראל</ManufactureCountry><ManufacturerItemDescription>ענבים לבנים</ManufacturerItemDescription><SoldByWeight/><Quantity>1.00</Quantity><UnitOfMeasure>ק"ג</UnitOfMeasure><QtyInPackage>לא ידוע</QtyInPackage><UnitOfMeasurePrice>15.9000</UnitOfMeasurePrice><AllowDiscount>1</AllowDiscount><ItemStatus>1</ItemStatus><ItemPrice>15.90</ItemPrice></item><item><PriceUpdateDate>2015-12-01 06:47:18</PriceUpdateDate><ItemCode>2288</ItemCode><ItemType>3</ItemType><ItemName>קלמנטינה</ItemName><ManufacturerName>.N.Y.C</ManufacturerName><ManufactureCountry>ישראל</ManufactureCountry><ManufacturerItemDescription>קלמנטינה</ManufacturerItemDescription><SoldByWeight/><Quantity>1.00</Quantity><UnitOfMeasure>ק"ג</UnitOfMeasure><QtyInPackage>לא ידוע</QtyInPackage><UnitOfMeasurePrice>6.9000</UnitOfMeasurePrice><AllowDiscount>1</AllowDiscount><ItemStatus>1</ItemStatus><ItemPrice>6.90</ItemPrice></item><item><PriceUpdateDate>2016-08-16 18:01:41</PriceUpdateDate><ItemCode>24</ItemCode><ItemType>3</ItemType><ItemName>סברס</ItemName><ManufacturerName>7 אפ</ManufacturerName><ManufactureCountry>ישראל</ManufactureCountry><ManufacturerItemDescription>סברס</ManufacturerItemDescription><SoldByWeight/><Quantity>1.00</Quantity><UnitOfMeasure>ק"ג</UnitOfMeasure><QtyInPackage>לא ידוע</QtyInPackage><UnitOfMeasurePrice>18.9000</UnitOfMeasurePrice><AllowDiscount>1</AllowDiscount><ItemStatus>1</ItemStatus><ItemPrice>18.90</ItemPrice></item><item><PriceUpdateDate>2016-05-05 12:30:08</PriceUpdateDate><ItemCode>2462</ItemCode><ItemType>3</ItemType><ItemName>תפוזים קטנים למיץ בר</ItemName><ManufacturerName>B.B.B</ManufacturerName><ManufactureCountry>ישראל</ManufactureCountry><ManufacturerItemDescription>תפוזים קטנים למיץ בר</ManufacturerItemDescription><SoldByWeight/><Quantity>1.00</Quantity><UnitOfMeasure>ק"ג</UnitOfMeasure><QtyInPackage>לא ידוע</QtyInPackage><UnitOfMeasurePrice>5.9000</UnitOfMeasurePrice><AllowDiscount>1</AllowDiscount><ItemStatus>1</ItemStatus><ItemPrice>5.90</ItemPrice></item><item><PriceUpdateDate>2016-05-05 12:30:08</PriceUpdateDate><ItemCode>2479</ItemCode><ItemType>3</ItemType><ItemName>אשכולית אדומה</ItemName><ManufacturerName>לא ידוע</ManufacturerName><ManufactureCountry>ישראל</ManufactureCountry><ManufacturerItemDescription>אשכולית אדומה</ManufacturerItemDescription><SoldByWeight/><Quantity>1.00</Quantity><UnitOfMeasure>ק"ג</UnitOfMeasure><QtyInPackage>לא ידוע</QtyInPackage><UnitOfMeasurePrice>5.9000</UnitOfMeasurePrice><AllowDiscount>1</AllowDiscount><ItemStatus>1</ItemStatus><ItemPrice>5.90</ItemPrice></item><item><PriceUpdateDate>2016-06-21 18:43:42</PriceUpdateDate><ItemCode>260</ItemCode><ItemType>3</ItemType><ItemName>תפוח אדמה אדום</ItemName><ManufacturerName>B.B.B</ManufacturerName><ManufactureCountry>ישראל</ManufactureCountry><ManufacturerItemDescription>תפוח אדמה אדום</ManufacturerItemDescription><SoldByWeight/><Quantity>1.00</Quantity><UnitOfMeasure>ק"ג</UnitOfMeasure><QtyInPackage>לא ידוע</QtyInPackage><UnitOfMeasurePrice>5.9000</UnitOfMeasurePrice><AllowDiscount>1</AllowDiscount><ItemStatus>1</ItemStatus><ItemPrice>5.90</ItemPrice></item><item><PriceUpdateDate>2016-05-17 17:39:03</PriceUpdateDate><ItemCode>3045140105502</ItemCode><ItemType>1</ItemType><ItemName>שוקולד מילקה חלב 100</ItemName><ManufacturerName>מילקה</ManufacturerName><ManufactureCountry>גרמניה</ManufactureCountry><ManufacturerItemDescription>ג'ל גילוח ניוואה.רגיש200</ManufacturerItemDescription><SoldByWeight/><Quantity>100.00</Quantity><UnitOfMeasure>גרם     </UnitOfMeasure><QtyInPackage>לא ידוע</QtyInPackage><UnitOfMeasurePrice>0.0890</UnitOfMeasurePrice><AllowDiscount>1</AllowDiscount><ItemStatus>1</ItemStatus><ItemPrice>8.90</ItemPrice></item><item><PriceUpdateDate>2016-08-02 06:31:01</PriceUpdateDate><ItemCode>3059943015128</ItemCode><ItemType>1</ItemType><ItemName>מטהר אויר איירויק לל</ItemName><ManufacturerName>איירויק</ManufacturerName><ManufactureCountry>פולין</ManufactureCountry><ManufacturerItemDescription>מטהר אויר איירויק לל</ManufacturerItemDescription><SoldByWeight/><Quantity>345.00</Quantity><UnitOfMeasure>מ"ל</UnitOfMeasure><QtyInPackage>לא ידוע</QtyInPackage><UnitOfMeasurePrice>0.0577</UnitOfMeasurePrice><AllowDiscount>1</AllowDiscount><ItemStatus>1</ItemStatus><ItemPrice>19.90</ItemPrice></item><item><PriceUpdateDate>2015-11-17 07:37:54</PriceUpdateDate><ItemCode>32147230</ItemCode><ItemType>1</ItemType><ItemName>מיץ לימון 200 מ''ל</ItemName><ManufacturerName>סיצילייה</ManufacturerName><ManufactureCountry>ישראל</ManufactureCountry><ManufacturerItemDescription>מיץ לימון משומר 200 מ"ל</ManufacturerItemDescription><SoldByWeight/><Quantity>200.00</Quantity><UnitOfMeasure>מ"ל</UnitOfMeasure><QtyInPackage>לא ידוע</QtyInPackage><UnitOfMeasurePrice>0.0490</UnitOfMeasurePrice><AllowDiscount>1</AllowDiscount><ItemStatus>1</ItemStatus><ItemPrice>9.80</ItemPrice></item><item><PriceUpdateDate>2015-07-08 07:37:42</PriceUpdateDate><ItemCode>325450033217</ItemCode><ItemType>1</ItemType><ItemName>גבינת ברי מרובע 220</ItemName><ManufacturerName>נטו סחר</ManufacturerName><ManufactureCountry>לא ידוע</ManufactureCountry><ManufacturerItemDescription>גבינת ברי מרובע 220</ManufacturerItemDescription><SoldByWeight/><Quantity>220.00</Quantity><UnitOfMeasure>גרם     </UnitOfMeasure><QtyInPackage>לא ידוע</QtyInPackage><UnitOfMeasurePrice>0.1268</UnitOfMeasurePrice><AllowDiscount>1</AllowDiscount><ItemStatus>1</ItemStatus><ItemPrice>27.90</ItemPrice></item><item><PriceUpdateDate>2016-06-27 19:05:22</PriceUpdateDate><ItemCode>34000124138</ItemCode><ItemType>1</ItemType><ItemName>ממרח חמאת בוטנים וקק</ItemName><ManufacturerName>הרשיז</ManufacturerName><ManufactureCountry>ארצות הברית</ManufactureCountry><ManufacturerItemDescription>ממרח חמאת בוטנים וקק</ManufacturerItemDescription><SoldByWeight/><Quantity>368.00</Quantity><UnitOfMeasure>גרם     </UnitOfMeasure><QtyInPackage>לא ידוע</QtyInPackage><UnitOfMeasurePrice>0.0595</UnitOfMeasurePrice><AllowDiscount>1</AllowDiscount><ItemStatus>1</ItemStatus><ItemPrice>21.90</ItemPrice></item><item><PriceUpdateDate>2015-10-26 07:06:36</PriceUpdateDate><ItemCode>34000196173</ItemCode><ItemType>1</ItemType><ItemName>טבלת קוקיס אנד קרים</ItemName><ManufacturerName>הרשיז</ManufacturerName><ManufactureCountry>ישראל</ManufactureCountry><ManufacturerItemDescription>טבלת קוקיס אנד קרים</ManufacturerItemDescription><SoldByWeight/><Quantity>113.00</Quantity><UnitOfMeasure>גרם     </UnitOfMeasure><QtyInPackage>לא ידוע</QtyInPackage><UnitOfMeasurePrice>0.0876</UnitOfMeasurePrice><AllowDiscount>1</AllowDiscount><ItemStatus>1</ItemStatus><ItemPrice>9.90</ItemPrice></item><item><PriceUpdateDate>2015-10-26 07:06:36</PriceUpdateDate><ItemCode>34000442652</ItemCode><ItemType>1</ItemType><ItemName>טבלת ריזס XL  הרשיז</ItemName><ManufacturerName>הרשיז</ManufacturerName><ManufactureCountry>ישראל</ManufactureCountry><ManufacturerItemDescription>טבלת ריזס XL  הרשיז</ManufacturerItemDescription><SoldByWeight/><Quantity>120.00</Quantity><UnitOfMeasure>גרם     </UnitOfMeasure><QtyInPackage>לא ידוע</QtyInPackage><UnitOfMeasurePrice>0.0825</UnitOfMeasurePrice><AllowDiscount>1</AllowDiscount><ItemStatus>1</ItemStatus><ItemPrice>9.90</ItemPrice></item><item><PriceUpdateDate>2016-03-01 07:07:36</PriceUpdateDate><ItemCode>357388</ItemCode><ItemType>3</ItemType><ItemName>פילה דג מרלוזה בשקית</ItemName><ManufacturerName>דלידג</ManufacturerName><ManufactureCountry>ישראל</ManufactureCountry><ManufacturerItemDescription>פילה דג מרלוזה בשקית</ManufacturerItemDescription><SoldByWeight/><Quantity>1.00</Quantity><UnitOfMeasure>ק"ג</UnitOfMeasure><QtyInPackage>לא ידוע</QtyInPackage><UnitOfMeasurePrice>34.9000</UnitOfMeasurePrice><AllowDiscount>1</AllowDiscount><ItemStatus>1</ItemStatus><ItemPrice>34.90</ItemPrice></item><item><PriceUpdateDate>2016-08-02 06:36:06</PriceUpdateDate><ItemCode>3574660322576</ItemCode><ItemType>1</ItemType><ItemName>מב מגן תחתון קרפרי ר</ItemName><ManufacturerName>קרפרי</ManufacturerName><ManufactureCountry>איטליה</ManufactureCountry><ManufacturerItemDescription>דאודורנט ניוואה ש לגבר50</ManufacturerItemDescription><SoldByWeight/><Quantity>1.00</Quantity><UnitOfMeasure>יח'</UnitOfMeasure><QtyInPackage>לא ידוע</QtyInPackage><UnitOfMeasurePrice>17.9000</UnitOfMeasurePrice><AllowDiscount>1</AllowDiscount><ItemStatus>1</ItemStatus><ItemPrice>17.90</ItemPrice></item><item><PriceUpdateDate>2016-02-08 07:05:32</PriceUpdateDate><ItemCode>3800065723015</ItemCode><ItemType>1</ItemType><ItemName>גריסיני עם מלח 250 ג</ItemName><ManufacturerName>לא ממותג</ManufacturerName><ManufactureCountry>לא ידוע</ManufactureCountry><ManufacturerItemDescription>גריסיני עם מלח 250 ג</ManufacturerItemDescription><SoldByWeight/><Quantity>250.00</Quantity><UnitOfMeasure>גרם     </UnitOfMeasure><QtyInPackage>לא ידוע</QtyInPackage><UnitOfMeasurePrice>0.0356</UnitOfMeasurePrice><AllowDiscount>1</AllowDiscount><ItemStatus>1</ItemStatus><ItemPrice>8.90</ItemPrice></item><item><PriceUpdateDate>2016-06-27 19:05:27</PriceUpdateDate><ItemCode>3800065781114</ItemCode><ItemType>1</ItemType><ItemName>עוגת וופל עם בוטנים</ItemName><ManufacturerName>לא ממותג</ManufacturerName><ManufactureCountry>ישראל</ManufactureCountry><ManufacturerItemDescription>עוגת וופל עם בוטנים</ManufacturerItemDescription><SoldByWeight/><Quantity>290.00</Quantity><UnitOfMeasure>גרם     </UnitOfMeasure><QtyInPackage>לא ידוע</QtyInPackage><UnitOfMeasurePrice>0.0386</UnitOfMeasurePrice><AllowDiscount>1</AllowDiscount><ItemStatus>1</ItemStatus><ItemPrice>11.20</ItemPrice></item><item><PriceUpdateDate>2016-05-31 09:30:40</PriceUpdateDate><ItemCode>3800065781244</ItemCode><ItemType>1</ItemType><ItemName>חטיפי וופל צ'ודו שוק</ItemName><ManufacturerName>רוסמן לוגיסטיקה</ManufacturerName><ManufactureCountry>ישראל</ManufactureCountry><ManufacturerItemDescription>חטיפי וופל צ'ודו שוק</ManufacturerItemDescription><SoldByWeight/><Quantity>200.00</Quantity><UnitOfMeasure>גרם     </UnitOfMeasure><QtyInPackage>לא ידוע</QtyInPackage><UnitOfMeasurePrice>0.0405</UnitOfMeasurePrice><AllowDiscount>1</AllowDiscount><ItemStatus>1</ItemStatus><ItemPrice>8.10</ItemPrice></item><item><PriceUpdateDate>2016-05-31 09:30:40</PriceUpdateDate><ItemCode>3800065781251</ItemCode><ItemType>1</ItemType><ItemName>חטיפי וופל צ'ודו קוק</ItemName><ManufacturerName>רוסמן לוגיסטיקה</ManufacturerName><ManufactureCountry>ישראל</ManufactureCountry><ManufacturerItemDescription>חטיפי וופל צ'ודו קוק</ManufacturerItemDescription><SoldByWeight/><Quantity>170.00</Quantity><UnitOfMeasure>גרם     </UnitOfMeasure><QtyInPackage>לא ידוע</QtyInPackage><UnitOfMeasurePrice>0.0476</UnitOfMeasurePrice><AllowDiscount>1</AllowDiscount><ItemStatus>1</ItemStatus><ItemPrice>8.10</ItemPrice></item><item><PriceUpdateDate>2016-05-31 09:30:40</PriceUpdateDate><ItemCode>3800065781268</ItemCode><ItemType>1</ItemType><ItemName>חטיפי וופל צ'ודו בוט</ItemName><ManufacturerName>רוסמן לוגיסטיקה</ManufacturerName><ManufactureCountry>ישראל</ManufactureCountry><ManufacturerItemDescription>חטיפי וופל צ'ודו בוט</ManufacturerItemDescription><SoldByWeight/><Quantity>200.00</Quantity><UnitOfMeasure>גרם     </UnitOfMeasure><QtyInPackage>לא ידוע</QtyInPackage><UnitOfMeasurePrice>0.0405</UnitOfMeasurePrice><AllowDiscount>1</AllowDiscount><ItemStatus>1</ItemStatus><ItemPrice>8.10</ItemPrice></item><item><PriceUpdateDate>2016-05-05 12:30:15</PriceUpdateDate><ItemCode>38000844966</ItemCode><ItemType>1</ItemType><ItemName>חטיף פרינגלס אורגינל</ItemName><ManufacturerName>פרינגלס</ManufacturerName><ManufactureCountry>ארצות הברית</ManufactureCountry><ManufacturerItemDescription>פרינגלס אורגינל 161 גרם</ManufacturerItemDescription><SoldByWeight/><Quantity>161.00</Quantity><UnitOfMeasure>גרם     </UnitOfMeasure><QtyInPackage>לא ידוע</QtyInPackage><UnitOfMeasurePrice>0.0615</UnitOfMeasurePrice><AllowDiscount>1</AllowDiscount><ItemStatus>1</ItemStatus><ItemPrice>9.90</ItemPrice></item><item><PriceUpdateDate>2016-05-05 12:30:15</PriceUpdateDate><ItemCode>38000844973</ItemCode><ItemType>1</ItemType><ItemName>חטיף פרינגלס ברביקיו</ItemName><ManufacturerName>פרינגלס</ManufacturerName><ManufactureCountry>ארצות הברית</ManufactureCountry><ManufacturerItemDescription>פרינגלס ברביקיו 169 גרם</ManufacturerItemDescription><SoldByWeight/><Quantity>169.00</Quantity><UnitOfMeasure>גרם     </UnitOfMeasure><QtyInPackage>לא ידוע</QtyInPackage><UnitOfMeasurePrice>0.0586</UnitOfMeasurePrice><AllowDiscount>1</AllowDiscount><ItemStatus>1</ItemStatus><ItemPrice>9.90</ItemPrice></item><item><PriceUpdateDate>2016-05-05 12:30:15</PriceUpdateDate><ItemCode>38000845000</ItemCode><ItemType>1</ItemType><ItemName>חטיף פרינגלס שמנת וב</ItemName><ManufacturerName>פרינגלס</ManufacturerName><ManufactureCountry>ארצות הברית</ManufactureCountry><ManufacturerItemDescription>קרפרי מגן תחתון ן כותנה</ManufacturerItemDescription><SoldByWeight/><Quantity>169.00</Quantity><UnitOfMeasure>גרם     </UnitOfMeasure><QtyInPackage>לא ידוע</QtyInPackage><UnitOfMeasurePrice>0.0586</UnitOfMeasurePrice><AllowDiscount>1</AllowDiscount><ItemStatus>1</ItemStatus><ItemPrice>9.90</ItemPrice></item><item><PriceUpdateDate>2016-05-05 12:30:15</PriceUpdateDate><ItemCode>38000845024</ItemCode><ItemType>1</ItemType><ItemName>חטיף פרינגלס פיצה 16</ItemName><ManufacturerName>פרינגלס</ManufacturerName><ManufactureCountry>ישראל</ManufactureCountry><ManufacturerItemDescription>חטיף פרינגלס פיצה 16</ManufacturerItemDescription><SoldByWeight/><Quantity>169.00</Quantity><UnitOfMeasure>גרם     </UnitOfMeasure><QtyInPackage>לא ידוע</QtyInPackage><UnitOfMeasurePrice>0.0586</UnitOfMeasurePrice><AllowDiscount>1</AllowDiscount><ItemStatus>1</ItemStatus><ItemPrice>9.90</ItemPrice></item><item><PriceUpdateDate>2016-05-24 08:40:15</PriceUpdateDate><ItemCode>38000845277</ItemCode><ItemType>1</ItemType><ItemName>פרינגלס מידי ברביקיו</ItemName><ManufacturerName>פרינגלס</ManufacturerName><ManufactureCountry>ארצות הברית</ManufactureCountry><ManufacturerItemDescription>פרינגלס אורגינל 161 גרם</ManufacturerItemDescription><SoldByWeight/><Quantity>71.00</Quantity><UnitOfMeasure>גרם     </UnitOfMeasure><QtyInPackage>לא ידוע</QtyInPackage><UnitOfMeasurePrice>0.0831</UnitOfMeasurePrice><AllowDiscount>1</AllowDiscount><ItemStatus>1</ItemStatus><ItemPrice>5.90</ItemPrice></item><item><PriceUpdateDate>2015-11-17 07:38:08</PriceUpdateDate><ItemCode>3838700022889</ItemCode><ItemType>1</ItemType><ItemName>צנימים חיטה מלאה 330</ItemName><ManufacturerName>לא ממותג</ManufacturerName><ManufactureCountry>ישראל</ManufactureCountry><ManufacturerItemDescription>צנימים חיטה מלאה 330</ManufacturerItemDescription><SoldByWeight/><Quantity>330.00</Quantity><UnitOfMeasure>גרם     </UnitOfMeasure><QtyInPackage>לא ידוע</QtyInPackage><UnitOfMeasurePrice>0.0361</UnitOfMeasurePrice><AllowDiscount>1</AllowDiscount><ItemStatus>1</ItemStatus><ItemPrice>11.90</ItemPrice></item><item><PriceUpdateDate>2015-10-29 07:16:28</PriceUpdateDate><ItemCode>4000417019004</ItemCode><ItemType>1</ItemType><ItemName>שוקולד ריטר אגוזים 1</ItemName><ManufacturerName>ריטר</ManufacturerName><ManufactureCountry>גרמניה</ManufactureCountry><ManufacturerItemDescription>דאודורנט FA     200SP FA</ManufacturerItemDescription><SoldByWeight/><Quantity>100.00</Quantity><UnitOfMeasure>גרם     </UnitOfMeasure><QtyInPackage>לא ידוע</QtyInPackage><UnitOfMeasurePrice>0.0990</UnitOfMeasurePrice><AllowDiscount>1</AllowDiscount><ItemStatus>1</ItemStatus><ItemPrice>9.90</ItemPrice></item><item><PriceUpdateDate>2015-10-29 07:16:28</PriceUpdateDate><ItemCode>4000417298003</ItemCode><ItemType>1</ItemType><ItemName>שוקולד ריטר ספורט קו</ItemName><ManufacturerName>ריטר</ManufacturerName><ManufactureCountry>ישראל</ManufactureCountry><ManufacturerItemDescription>שוקולד ריטר ספורט קו</ManufacturerItemDescription><SoldByWeight/><Quantity>100.00</Quantity><UnitOfMeasure>גרם     </UnitOfMeasure><QtyInPackage>לא ידוע</QtyInPackage><UnitOfMeasurePrice>0.0990</UnitOfMeasurePrice><AllowDiscount>1</AllowDiscount><ItemStatus>1</ItemStatus><ItemPrice>9.90</ItemPrice></item><item><PriceUpdateDate>2015-11-17 07:38:09</PriceUpdateDate><ItemCode>4000869032569</ItemCode><ItemType>1</ItemType><ItemName>מטהר אוויר הפי פרש 1</ItemName><ManufacturerName>הפי</ManufacturerName><ManufactureCountry>ישראל</ManufactureCountry><ManufacturerItemDescription>מטהר אוויר הפי פרש 1</ManufacturerItemDescription><SoldByWeight/><Quantity>160.00</Quantity><UnitOfMeasure>גרם     </UnitOfMeasure><QtyInPackage>לא ידוע</QtyInPackage><UnitOfMeasurePrice>0.0706</UnitOfMeasurePrice><AllowDiscount>1</AllowDiscount><ItemStatus>1</ItemStatus><ItemPrice>11.30</ItemPrice></item><item><PriceUpdateDate>2016-05-31 09:30:40</PriceUpdateDate><ItemCode>4005808850716</ItemCode><ItemType>1</ItemType><ItemName>שפתון לבלו דובדבן בל</ItemName><ManufacturerName>ניוואה</ManufacturerName><ManufactureCountry>גרמניה</ManufactureCountry><ManufacturerItemDescription>לבלו פירות בטעם דובדבן</ManufacturerItemDescription><SoldByWeight/><Quantity>0.00</Quantity><UnitOfMeasure>יח'</UnitOfMeasure><QtyInPackage>לא ידוע</QtyInPackage><UnitOfMeasurePrice>0.0000</UnitOfMeasurePrice><AllowDiscount>1</AllowDiscount><ItemStatus>1</ItemStatus><ItemPrice>15.90</ItemPrice></item><item><PriceUpdateDate>2016-06-28 06:23:32</PriceUpdateDate><ItemCode>4006387000950</ItemCode><ItemType>1</ItemType><ItemName>מב שלישיית פילטרים מ</ItemName><ManufacturerName>לא ידוע</ManufacturerName><ManufactureCountry>גרמניה</ManufactureCountry><ManufacturerItemDescription>שלישיית פילטר בריטה מקסטר</ManufacturerItemDescription><SoldByWeight/><Quantity>0.00</Quantity><UnitOfMeasure>יח'</UnitOfMeasure><QtyInPackage>לא ידוע</QtyInPackage><UnitOfMeasurePrice>0.0000</UnitOfMeasurePrice><AllowDiscount>1</AllowDiscount><ItemStatus>1</ItemStatus><ItemPrice>84.90</ItemPrice></item><item><PriceUpdateDate>2015-10-13 09:48:00</PriceUpdateDate><ItemCode>4009900013581</ItemCode><ItemType>1</ItemType><ItemName>מארז אורביט בטעם ספי</ItemName><ManufacturerName>אורביט</ManufacturerName><ManufactureCountry>ישראל</ManufactureCountry><ManufacturerItemDescription>מארז אורביט בטעם ספי</ManufacturerItemDescription><SoldByWeight/><Quantity>65.00</Quantity><UnitOfMeasure>גרם     </UnitOfMeasure><QtyInPackage>לא ידוע</QtyInPackage><UnitOfMeasurePrice>0.1554</UnitOfMeasurePrice><AllowDiscount>1</AllowDiscount><ItemStatus>1</ItemStatus><ItemPrice>10.10</ItemPrice></item><item><PriceUpdateDate>2015-11-17 07:38:11</PriceUpdateDate><ItemCode>4009900379564</ItemCode><ItemType>1</ItemType><ItemName>מסטיק הובה בובה טייפ</ItemName><ManufacturerName>הובה בובה</ManufacturerName><ManufactureCountry>ישראל</ManufactureCountry><ManufacturerItemDescription>מסטיק הובה בובה טייפ</ManufacturerItemDescription><SoldByWeight/><Quantity>14.00</Quantity><UnitOfMeasure>גרם     </UnitOfMeasure><QtyInPackage>לא ידוע</QtyInPackage><UnitOfMeasurePrice>0.5286</UnitOfMeasurePrice><AllowDiscount>1</AllowDiscount><ItemStatus>1</ItemStatus><ItemPrice>7.40</ItemPrice></item><item><PriceUpdateDate>2015-10-13 09:48:00</PriceUpdateDate><ItemCode>4009900385824</ItemCode><ItemType>1</ItemType><ItemName>מארז אורביט בטעם פפר</ItemName><ManufacturerName>אורביט</ManufacturerName><ManufactureCountry>ישראל</ManufactureCountry><ManufacturerItemDescription>מארז אורביט בטעם פפר</ManufacturerItemDescription><SoldByWeight/><Quantity>65.00</Quantity><UnitOfMeasure>גרם     </UnitOfMeasure><QtyInPackage>לא ידוע</QtyInPackage><UnitOfMeasurePrice>0.1554</UnitOfMeasurePrice><AllowDiscount>1</AllowDiscount><ItemStatus>1</ItemStatus><ItemPrice>10.10</ItemPrice></item><item><PriceUpdateDate>2016-01-08 07:33:05</PriceUpdateDate><ItemCode>4009900403023</ItemCode><ItemType>1</ItemType><ItemName>מסטיק אורביט מנטה בק</ItemName><ManufacturerName>אורביט</ManufacturerName><ManufactureCountry>פולין</ManufactureCountry><ManufacturerItemDescription>סכיני גילוח נשיםום נשים</ManufacturerItemDescription><SoldByWeight/><Quantity>64.00</Quantity><UnitOfMeasure>גרם     </UnitOfMeasure><QtyInPackage>לא ידוע</QtyInPackage><UnitOfMeasurePrice>0.1547</UnitOfMeasurePrice><AllowDiscount>1</AllowDiscount><ItemStatus>1</ItemStatus><ItemPrice>9.90</ItemPrice></item><item><PriceUpdateDate>2015-11-17 07:38:11</PriceUpdateDate><ItemCode>4009900406918</ItemCode><ItemType>1</ItemType><ItemName>מסטיק הובה בובה טייפ</ItemName><ManufacturerName>הובה בובה</ManufacturerName><ManufactureCountry>ישראל</ManufactureCountry><ManufacturerItemDescription>מסטיק הובה בובה טייפ</ManufacturerItemDescription><SoldByWeight/><Quantity>56.00</Quantity><UnitOfMeasure>גרם     </UnitOfMeasure><QtyInPackage>לא ידוע</QtyInPackage><UnitOfMeasurePrice>0.1321</UnitOfMeasurePrice><AllowDiscount>1</AllowDiscount><ItemStatus>1</ItemStatus><ItemPrice>7.40</ItemPrice></item><item><PriceUpdateDate>2016-01-08 07:33:05</PriceUpdateDate><ItemCode>4009900479998</ItemCode><ItemType>1</ItemType><ItemName>מסטיק אורביט אוכמניו</ItemName><ManufacturerName>אורביט</ManufacturerName><ManufactureCountry>פולין</ManufactureCountry><ManufacturerItemDescription>מארז חטיפי מרס  45* גר</ManufacturerItemDescription><SoldByWeight/><Quantity>64.00</Quantity><UnitOfMeasure>גרם     </UnitOfMeasure><QtyInPackage>לא ידוע</QtyInPackage><UnitOfMeasurePrice>0.1547</UnitOfMeasurePrice><AllowDiscount>1</AllowDiscount><ItemStatus>1</ItemStatus><ItemPrice>9.90</ItemPrice></item><item><PriceUpdateDate>2016-01-08 07:33:05</PriceUpdateDate><ItemCode>4009900482417</ItemCode><ItemType>1</ItemType><ItemName>מסטיק אורביט פירות מ</ItemName><ManufacturerName>אורביט</ManufacturerName><ManufactureCountry>פולין</ManufactureCountry><ManufacturerItemDescription>חטיפי סניקרס    ז 50*4גר</ManufacturerItemDescription><SoldByWeight/><Quantity>64.00</Quantity><UnitOfMeasure>גרם     </UnitOfMeasure><QtyInPackage>לא ידוע</QtyInPackage><UnitOfMeasurePrice>0.1547</UnitOfMeasurePrice><AllowDiscount>1</AllowDiscount><ItemStatus>1</ItemStatus><ItemPrice>9.90</ItemPrice></item><item><PriceUpdateDate>2015-12-16 06:52:13</PriceUpdateDate><ItemCode>40111216</ItemCode><ItemType>1</ItemType><ItemName>חטיף באונטי 57 גרם</ItemName><ManufacturerName>לא ממותג</ManufacturerName><ManufactureCountry>הולנד</ManufactureCountry><ManufacturerItemDescription>חטיף באונטי     רם</ManufacturerItemDescription><SoldByWeight/><Quantity>57.00</Quantity><UnitOfMeasure>גרם     </UnitOfMeasure><QtyInPackage>לא ידוע</QtyInPackage><UnitOfMeasurePrice>0.1035</UnitOfMeasurePrice><AllowDiscount>0</AllowDiscount><ItemStatus>1</ItemStatus><ItemPrice>5.90</ItemPrice></item><item><PriceUpdateDate>2016-05-10 16:56:11</PriceUpdateDate><ItemCode>4011800628512</ItemCode><ItemType>1</ItemType><ItemName>מב קורני חטיף גרנולה</ItemName><ManufacturerName>קורני</ManufacturerName><ManufactureCountry>גרמניה</ManufactureCountry><ManufacturerItemDescription>פלדג' לרהיטים5ב2501מ</ManufacturerItemDescription><SoldByWeight/><Quantity>150.00</Quantity><UnitOfMeasure>גרם     </UnitOfMeasure><QtyInPackage>לא ידוע</QtyInPackage><UnitOfMeasurePrice>0.0793</UnitOfMeasurePrice><AllowDiscount>0</AllowDiscount><ItemStatus>1</ItemStatus><ItemPrice>11.90</ItemPrice></item><item><PriceUpdateDate>2016-05-10 16:56:11</PriceUpdateDate><ItemCode>4011800630515</ItemCode><ItemType>1</ItemType><ItemName>מב חטיף קורני עם שוק</ItemName><ManufacturerName>קורני</ManufacturerName><ManufactureCountry>גרמניה</ManufactureCountry><ManufacturerItemDescription>סוללות דורסל     12 יח'</ManufacturerItemDescription><SoldByWeight/><Quantity>150.00</Quantity><UnitOfMeasure>גרם     </UnitOfMeasure><QtyInPackage>לא ידוע</QtyInPackage><UnitOfMeasurePrice>0.0793</UnitOfMeasurePrice><AllowDiscount>0</AllowDiscount><ItemStatus>1</ItemStatus><ItemPrice>11.90</ItemPrice></item><item><PriceUpdateDate>2016-05-10 16:56:11</PriceUpdateDate><ItemCode>4011800633516</ItemCode><ItemType>1</ItemType><ItemName>מב חטיף קורני שוקולד</ItemName><ManufacturerName>קורני</ManufacturerName><ManufactureCountry>גרמניה</ManufactureCountry><ManufacturerItemDescription>דאק ג'ל נוזלי   רוק55מל</ManufacturerItemDescription><SoldByWeight/><Quantity>138.00</Quantity><UnitOfMeasure>גרם     </UnitOfMeasure><QtyInPackage>לא ידוע</QtyInPackage><UnitOfMeasurePrice>0.0862</UnitOfMeasurePrice><AllowDiscount>1</AllowDiscount><ItemStatus>1</ItemStatus><ItemPrice>11.90</ItemPrice></item><item><PriceUpdateDate>2016-05-01 07:23:00</PriceUpdateDate><ItemCode>4014400400007</ItemCode><ItemType>1</ItemType><ItemName>טופיפי 125 גרם</ItemName><ManufacturerName>טופיפי</ManufacturerName><ManufactureCountry>גרמניה</ManufactureCountry><ManufacturerItemDescription>זוג הרפיק מוצק   גרם</ManufacturerItemDescription><SoldByWeight/><Quantity>125.00</Quantity><UnitOfMeasure>גרם     </UnitOfMeasure><QtyInPackage>לא ידוע</QtyInPackage><UnitOfMeasurePrice>0.1192</UnitOfMeasurePrice><AllowDiscount>0</AllowDiscount><ItemStatus>1</ItemStatus><ItemPrice>14.90</ItemPrice></item><item><PriceUpdateDate>2016-05-01 07:23:00</PriceUpdateDate><ItemCode>4014400901191</ItemCode><ItemType>1</ItemType><ItemName>בונבונירה מרסי אוריג</ItemName><ManufacturerName>מרסי</ManufacturerName><ManufactureCountry>גרמניה</ManufactureCountry><ManufacturerItemDescription>טמפוני קוטקס    מיני</ManufacturerItemDescription><SoldByWeight/><Quantity>250.00</Quantity><UnitOfMeasure>גרם     </UnitOfMeasure><QtyInPackage>לא ידוע</QtyInPackage><UnitOfMeasurePrice>0.1196</UnitOfMeasurePrice><AllowDiscount>1</AllowDiscount><ItemStatus>1</ItemStatus><ItemPrice>29.90</ItemPrice></item><item><PriceUpdateDate>2016-05-01 07:23:01</PriceUpdateDate><ItemCode>4014400903409</ItemCode><ItemType>1</ItemType><ItemName>בונבוניירה טופיפי 25</ItemName><ManufacturerName>לא ידוע</ManufacturerName><ManufactureCountry>גרמניה</ManufactureCountry><ManufacturerItemDescription>קוקו פופס שוקוס קלוג500'</ManufacturerItemDescription><SoldByWeight/><Quantity>250.00</Quantity><UnitOfMeasure>גרם     </UnitOfMeasure><QtyInPackage>לא ידוע</QtyInPackage><UnitOfMeasurePrice>0.1228</UnitOfMeasurePrice><AllowDiscount>1</AllowDiscount><ItemStatus>1</ItemStatus><ItemPrice>30.70</ItemPrice></item><item><PriceUpdateDate>2015-11-17 07:38:12</PriceUpdateDate><ItemCode>4014400907902</ItemCode><ItemType>1</ItemType><ItemName>סוכריות וורטר לל"ס ב</ItemName><ManufacturerName>וורטרס אורגינל-שטורק</ManufacturerName><ManufactureCountry>ישראל</ManufactureCountry><ManufacturerItemDescription>סוכריות וורטר לל"ס ב</ManufacturerItemDescription><SoldByWeight/><Quantity>42.00</Quantity><UnitOfMeasure>גרם     </UnitOfMeasure><QtyInPackage>לא ידוע</QtyInPackage><UnitOfMeasurePrice>0.1833</UnitOfMeasurePrice><AllowDiscount>1</AllowDiscount><ItemStatus>1</ItemStatus><ItemPrice>7.70</ItemPrice></item><item><PriceUpdateDate>2016-05-31 09:30:41</PriceUpdateDate><ItemCode>4014400914252</ItemCode><ItemType>1</ItemType><ItemName>טבלת מרסי שוק.חלב עם</ItemName><ManufacturerName>מרסי</ManufacturerName><ManufactureCountry>לא ידוע</ManufactureCountry><ManufacturerItemDescription>טבלת מרסי שוק.חלב עם</ManufacturerItemDescription><SoldByWeight/><Quantity>100.00</Quantity><UnitOfMeasure>גרם     </UnitOfMeasure><QtyInPackage>לא ידוע</QtyInPackage><UnitOfMeasurePrice>0.1590</UnitOfMeasurePrice><AllowDiscount>1</AllowDiscount><ItemStatus>1</ItemStatus><ItemPrice>15.90</ItemPrice></item><item><PriceUpdateDate>2015-10-22 09:58:44</PriceUpdateDate><ItemCode>4014400914696</ItemCode><ItemType>1</ItemType><ItemName>סוכריות וורטר'ס אורי</ItemName><ManufacturerName>וורטרס אורגינל-שטורק</ManufacturerName><ManufactureCountry>גרמניה</ManufactureCountry><ManufacturerItemDescription>גליליות וופל    ז/קקא150</ManufacturerItemDescription><SoldByWeight/><Quantity>80.00</Quantity><UnitOfMeasure>גרם     </UnitOfMeasure><QtyInPackage>לא ידוע</QtyInPackage><UnitOfMeasurePrice>0.1525</UnitOfMeasurePrice><AllowDiscount>1</AllowDiscount><ItemStatus>1</ItemStatus><ItemPrice>12.20</ItemPrice></item><item><PriceUpdateDate>2016-02-01 20:41:07</PriceUpdateDate><ItemCode>4015400675860</ItemCode><ItemType>1</ItemType><ItemName>תחבושות אולוויז דואו</ItemName><ManufacturerName>פרוקטר אנד גמבל</ManufacturerName><ManufactureCountry>ישראל</ManufactureCountry><ManufacturerItemDescription>תחבושות אולוויז דואו</ManufacturerItemDescription><SoldByWeight/><Quantity>32.00</Quantity><UnitOfMeasure>בודד</UnitOfMeasure><QtyInPackage>לא ידוע</QtyInPackage><UnitOfMeasurePrice>0.6844</UnitOfMeasurePrice><AllowDiscount>1</AllowDiscount><ItemStatus>1</ItemStatus><ItemPrice>21.90</ItemPrice></item><item><PriceUpdateDate>2016-05-31 09:33:14</PriceUpdateDate><ItemCode>4015600515492</ItemCode><ItemType>1</ItemType><ItemName>נוזל כלים פיירי לימו</ItemName><ManufacturerName>פיירי</ManufacturerName><ManufactureCountry>צכיה</ManufactureCountry><ManufacturerItemDescription>נוזל כלים פיירי לימו</ManufacturerItemDescription><SoldByWeight/><Quantity>720.00</Quantity><UnitOfMeasure>מ"ל</UnitOfMeasure><QtyInPackage>לא ידוע</QtyInPackage><UnitOfMeasurePrice>0.0124</UnitOfMeasurePrice><AllowDiscount>1</AllowDiscount><ItemStatus>1</ItemStatus><ItemPrice>8.90</ItemPrice></item><item><PriceUpdateDate>2015-06-29 06:53:19</PriceUpdateDate><ItemCode>4015600515614</ItemCode><ItemType>1</ItemType><ItemName>נוזל כלים פיירי לימו</ItemName><ManufacturerName>פיירי</ManufacturerName><ManufactureCountry>צכיה</ManufactureCountry><ManufacturerItemDescription>נוזל כלים פיירי לימו</ManufacturerItemDescription><SoldByWeight/><Quantity>720.00</Quantity><UnitOfMeasure>מ"ל</UnitOfMeasure><QtyInPackage>לא ידוע</QtyInPackage><UnitOfMeasurePrice>0.0138</UnitOfMeasurePrice><AllowDiscount>1</AllowDiscount><ItemStatus>1</ItemStatus><ItemPrice>9.90</ItemPrice></item><item><PriceUpdateDate>2016-05-31 09:33:14</PriceUpdateDate><ItemCode>4015600763060</ItemCode><ItemType>1</ItemType><ItemName>שמפו הד שולדרס לאישה</ItemName><ManufacturerName>הד&amp;שולדרס</ManufacturerName><ManufactureCountry>ישראל</ManufactureCountry><ManufacturerItemDescription>שמפו הד שולדרס לאישה</ManufacturerItemDescription><SoldByWeight/><Quantity>500.00</Quantity><UnitOfMeasure>מ"ל</UnitOfMeasure><QtyInPackage>לא ידוע</QtyInPackage><UnitOfMeasurePrice>0.0458</UnitOfMeasurePrice><AllowDiscount>1</AllowDiscount><ItemStatus>1</ItemStatus><ItemPrice>22.90</ItemPrice></item><item><PriceUpdateDate>2016-05-31 09:30:42</PriceUpdateDate><ItemCode>4017100219900</ItemCode><ItemType>1</ItemType><ItemName>באלזן גליליות וופלטן</ItemName><ManufacturerName>באלסן</ManufacturerName><ManufactureCountry>גרמניה</ManufactureCountry><ManufacturerItemDescription>גלייד מילוי     י 269מל</ManufacturerItemDescription><SoldByWeight/><Quantity>100.00</Quantity><UnitOfMeasure>גרם     </UnitOfMeasure><QtyInPackage>לא ידוע</QtyInPackage><UnitOfMeasurePrice>0.1490</UnitOfMeasurePrice><AllowDiscount>1</AllowDiscount><ItemStatus>1</ItemStatus><ItemPrice>14.90</ItemPrice></item><item><PriceUpdateDate>2016-05-31 09:30:42</PriceUpdateDate><ItemCode>4017100290008</ItemCode><ItemType>1</ItemType><ItemName>ביסקוויט באלזן מצופה</ItemName><ManufacturerName>לא ממותג</ManufacturerName><ManufactureCountry>גרמניה</ManufactureCountry><ManufacturerItemDescription>ביסקוויט מצופה שוקולד חלב</ManufacturerItemDescription><SoldByWeight/><Quantity>125.00</Quantity><UnitOfMeasure>גרם     </UnitOfMeasure><QtyInPackage>לא ידוע</QtyInPackage><UnitOfMeasurePrice>0.1192</UnitOfMeasurePrice><AllowDiscount>1</AllowDiscount><ItemStatus>1</ItemStatus><ItemPrice>14.90</ItemPrice></item><item><PriceUpdateDate>2016-05-17 17:39:03</PriceUpdateDate><ItemCode>4025700001337</ItemCode><ItemType>1</ItemType><ItemName>שוקולד מילקה מילוי ק</ItemName><ManufacturerName>מילקה</ManufacturerName><ManufactureCountry>ישראל</ManufactureCountry><ManufacturerItemDescription>שוקולד מילקה מילוי ק</ManufacturerItemDescription><SoldByWeight/><Quantity>100.00</Quantity><UnitOfMeasure>גרם     </UnitOfMeasure><QtyInPackage>לא ידוע</QtyInPackage><UnitOfMeasurePrice>0.0890</UnitOfMeasurePrice><AllowDiscount>1</AllowDiscount><ItemStatus>1</ItemStatus><ItemPrice>8.90</ItemPrice></item><item><PriceUpdateDate>2016-08-03 07:24:10</PriceUpdateDate><ItemCode>4033100014499</ItemCode><ItemType>1</ItemType><ItemName>ס.אל די כחול בודד</ItemName><ManufacturerName>אל די</ManufacturerName><ManufactureCountry>ישראל</ManufactureCountry><ManufacturerItemDescription>אל די כחול חפיסה</ManufacturerItemDescription><SoldByWeight/><Quantity>0.00</Quantity><UnitOfMeasure>יח'</UnitOfMeasure><QtyInPackage>לא ידוע</QtyInPackage><UnitOfMeasurePrice>0.0000</UnitOfMeasurePrice><AllowDiscount>1</AllowDiscount><ItemStatus>1</ItemStatus><ItemPrice>26.50</ItemPrice></item><item><PriceUpdateDate>2016-08-03 07:24:10</PriceUpdateDate><ItemCode>4033100014529</ItemCode><ItemType>1</ItemType><ItemName>ס.אל די סלימס בודד</ItemName><ManufacturerName>אל די</ManufacturerName><ManufactureCountry>ישראל</ManufactureCountry><ManufacturerItemDescription>אל די סלימס חפ. ה</ManufacturerItemDescription><SoldByWeight/><Quantity>0.00</Quantity><UnitOfMeasure>יח'</UnitOfMeasure><QtyInPackage>לא ידוע</QtyInPackage><UnitOfMeasurePrice>0.0000</UnitOfMeasurePrice><AllowDiscount>1</AllowDiscount><ItemStatus>1</ItemStatus><ItemPrice>26.50</ItemPrice></item><item><PriceUpdateDate>2016-08-10 11:21:40</PriceUpdateDate><ItemCode>42123866</ItemCode><ItemType>1</ItemType><ItemName>מסטיק הובה בובה קלאס</ItemName><ManufacturerName>לא ידוע</ManufacturerName><ManufactureCountry>ישראל</ManufactureCountry><ManufacturerItemDescription>מסטיק הובה בובה קלאס</ManufacturerItemDescription><SoldByWeight/><Quantity>0.00</Quantity><UnitOfMeasure>יח'</UnitOfMeasure><QtyInPackage>לא ידוע</QtyInPackage><UnitOfMeasurePrice>0.0000</UnitOfMeasurePrice><AllowDiscount>1</AllowDiscount><ItemStatus>1</ItemStatus><ItemPrice>3.90</ItemPrice></item><item><PriceUpdateDate>2016-02-08 07:25:30</PriceUpdateDate><ItemCode>42123873</ItemCode><ItemType>1</ItemType><ItemName>אורביט פרופשיונל בלי</ItemName><ManufacturerName>אורביט</ManufacturerName><ManufactureCountry>פולין</ManufactureCountry><ManufacturerItemDescription>מסטיק מנטוס     ת אדומ90</ManufacturerItemDescription><SoldByWeight/><Quantity>14.00</Quantity><UnitOfMeasure>גרם     </UnitOfMeasure><QtyInPackage>לא ידוע</QtyInPackage><UnitOfMeasurePrice>0.2786</UnitOfMeasurePrice><AllowDiscount>1</AllowDiscount><ItemStatus>1</ItemStatus><ItemPrice>3.90</ItemPrice></item><item><PriceUpdateDate>2016-08-03 07:24:08</PriceUpdateDate><ItemCode>42138105</ItemCode><ItemType>1</ItemType><ItemName>ס.וינסטון סופר סלימס</ItemName><ManufacturerName>וינסטון</ManufacturerName><ManufactureCountry>ישראל</ManufactureCountry><ManufacturerItemDescription>וינסטון סופר חפ.מס כחול</ManufacturerItemDescription><SoldByWeight/><Quantity>0.00</Quantity><UnitOfMeasure>יח'</UnitOfMeasure><QtyInPackage>לא ידוע</QtyInPackage><UnitOfMeasurePrice>0.0000</UnitOfMeasurePrice><AllowDiscount>1</AllowDiscount><ItemStatus>1</ItemStatus><ItemPrice>30.50</ItemPrice></item><item><PriceUpdateDate>2016-03-01 07:07:36</PriceUpdateDate><ItemCode>421520</ItemCode><ItemType>3</ItemType><ItemName>פילה דג מרלוזה בשקית</ItemName><ManufacturerName>דלידג</ManufacturerName><ManufactureCountry>ישראל</ManufactureCountry><ManufacturerItemDescription>פילה דג מרלוזה בשקית</ManufacturerItemDescription><SoldByWeight/><Quantity>1.00</Quantity><UnitOfMeasure>ק"ג</UnitOfMeasure><QtyInPackage>לא ידוע</QtyInPackage><UnitOfMeasurePrice>34.9000</UnitOfMeasurePrice><AllowDiscount>1</AllowDiscount><ItemStatus>1</ItemStatus><ItemPrice>34.90</ItemPrice></item><item><PriceUpdateDate>2015-11-17 07:37:55</PriceUpdateDate><ItemCode>42154662</ItemCode><ItemType>1</ItemType><ItemName>מסטיק אורביט מעטפה ס</ItemName><ManufacturerName>אורביט</ManufacturerName><ManufactureCountry>צרפת</ManufactureCountry><ManufacturerItemDescription>אורביט באריזת מעטפה ספירמ</ManufacturerItemDescription><SoldByWeight/><Quantity>27.00</Quantity><UnitOfMeasure>גרם     </UnitOfMeasure><QtyInPackage>לא ידוע</QtyInPackage><UnitOfMeasurePrice>0.2481</UnitOfMeasurePrice><AllowDiscount>1</AllowDiscount><ItemStatus>1</ItemStatus><ItemPrice>6.70</ItemPrice></item><item><PriceUpdateDate>2015-01-27 06:47:04</PriceUpdateDate><ItemCode>42155461</ItemCode><ItemType>1</ItemType><ItemName>סוכריות מינטס פירות</ItemName><ManufacturerName>אורביט</ManufacturerName><ManufactureCountry>ישראל</ManufactureCountry><ManufacturerItemDescription>סוכריות מינטס פירות</ManufacturerItemDescription><SoldByWeight/><Quantity>18.00</Quantity><UnitOfMeasure>גרם     </UnitOfMeasure><QtyInPackage>לא ידוע</QtyInPackage><UnitOfMeasurePrice>0.1778</UnitOfMeasurePrice><AllowDiscount>1</AllowDiscount><ItemStatus>1</ItemStatus><ItemPrice>3.20</ItemPrice></item><item><PriceUpdateDate>2016-02-08 07:25:30</PriceUpdateDate><ItemCode>42247388</ItemCode><ItemType>1</ItemType><ItemName>אורביט בליסטר פירות</ItemName><ManufacturerName>אורביט</ManufacturerName><ManufactureCountry>פולין</ManufactureCountry><ManufacturerItemDescription>מסטיק מנטוס     ת מנטה28</ManufacturerItemDescription><SoldByWeight/><Quantity>14.00</Quantity><UnitOfMeasure>גרם     </UnitOfMeasure><QtyInPackage>לא ידוע</QtyInPackage><UnitOfMeasurePrice>0.2786</UnitOfMeasurePrice><AllowDiscount>1</AllowDiscount><ItemStatus>1</ItemStatus><ItemPrice>3.90</ItemPrice></item><item><PriceUpdateDate>2016-03-13 06:50:36</PriceUpdateDate><ItemCode>42247722</ItemCode><ItemType>1</ItemType><ItemName>מסטיק FIVE  בטעם אבט</ItemName><ManufacturerName>FIVE</ManufacturerName><ManufactureCountry>צרפת</ManufactureCountry><ManufacturerItemDescription>מסטיק פייב אסנשיאל אבטיח</ManufacturerItemDescription><SoldByWeight/><Quantity>19.00</Quantity><UnitOfMeasure>גרם     </UnitOfMeasure><QtyInPackage>לא ידוע</QtyInPackage><UnitOfMeasurePrice>0.2632</UnitOfMeasurePrice><AllowDiscount>1</AllowDiscount><ItemStatus>1</ItemStatus><ItemPrice>5.00</ItemPrice></item><item><PriceUpdateDate>2016-03-29 07:17:27</PriceUpdateDate><ItemCode>42247739</ItemCode><ItemType>1</ItemType><ItemName>מסטיק FIVE  בטעם ספי</ItemName><ManufacturerName>FIVE</ManufacturerName><ManufactureCountry>צרפת</ManufactureCountry><ManufacturerItemDescription>מסטיק פייב אסנשיאל מנטה</ManufacturerItemDescription><SoldByWeight/><Quantity>19.00</Quantity><UnitOfMeasure>גרם     </UnitOfMeasure><QtyInPackage>לא ידוע</QtyInPackage><UnitOfMeasurePrice>0.2632</UnitOfMeasurePrice><AllowDiscount>1</AllowDiscount><ItemStatus>1</ItemStatus><ItemPrice>5.00</ItemPrice></item><item><PriceUpdateDate>2016-03-29 07:17:27</PriceUpdateDate><ItemCode>42268246</ItemCode><ItemType>1</ItemType><ItemName>מסטיק FIVE  בטעם פיר</ItemName><ManufacturerName>FIVE</ManufacturerName><ManufactureCountry>צרפת</ManufactureCountry><ManufacturerItemDescription>מסטיק פייב אסנשיאל מנטה</ManufacturerItemDescription><SoldByWeight/><Quantity>19.00</Quantity><UnitOfMeasure>גרם     </UnitOfMeasure><QtyInPackage>לא ידוע</QtyInPackage><UnitOfMeasurePrice>0.2632</UnitOfMeasurePrice><AllowDiscount>1</AllowDiscount><ItemStatus>1</ItemStatus><ItemPrice>5.00</ItemPrice></item><item><PriceUpdateDate>2016-02-08 07:25:30</PriceUpdateDate><ItemCode>42268253</ItemCode><ItemType>1</ItemType><ItemName>אורביט בליסטר אוכמני</ItemName><ManufacturerName>אורביט</ManufacturerName><ManufactureCountry>פולין</ManufactureCountry><ManufacturerItemDescription>מסטיק מנטוס     ת אדומ28</ManufacturerItemDescription><SoldByWeight/><Quantity>14.00</Quantity><UnitOfMeasure>גרם     </UnitOfMeasure><QtyInPackage>לא ידוע</QtyInPackage><UnitOfMeasurePrice>0.2786</UnitOfMeasurePrice><AllowDiscount>1</AllowDiscount><ItemStatus>1</ItemStatus><ItemPrice>3.90</ItemPrice></item><item><PriceUpdateDate>2016-03-29 07:17:27</PriceUpdateDate><ItemCode>42268413</ItemCode><ItemType>1</ItemType><ItemName>מסטיק FIVE  בטעם פיר</ItemName><ManufacturerName>FIVE</ManufacturerName><ManufactureCountry>צרפת</ManufactureCountry><ManufacturerItemDescription>מסטיק פייב אסנשיאל מנטה</ManufacturerItemDescription><SoldByWeight/><Quantity>19.00</Quantity><UnitOfMeasure>גרם     </UnitOfMeasure><QtyInPackage>לא ידוע</QtyInPackage><UnitOfMeasurePrice>0.2632</UnitOfMeasurePrice><AllowDiscount>1</AllowDiscount><ItemStatus>1</ItemStatus><ItemPrice>5.00</ItemPrice></item><item><PriceUpdateDate>2016-04-11 07:51:52</PriceUpdateDate><ItemCode>424439</ItemCode><ItemType>3</ItemType><ItemName>כבד עוף קפוא</ItemName><ManufacturerName>עוף טנא</ManufacturerName><ManufactureCountry>ישראל</ManufactureCountry><ManufacturerItemDescription>כבד עוף קפוא</ManufacturerItemDescription><SoldByWeight/><Quantity>1.00</Quantity><UnitOfMeasure>ק"ג</UnitOfMeasure><QtyInPackage>לא ידוע</QtyInPackage><UnitOfMeasurePrice>12.9000</UnitOfMeasurePrice><AllowDiscount>1</AllowDiscount><ItemStatus>1</ItemStatus><ItemPrice>12.90</ItemPrice></item><item><PriceUpdateDate>2016-04-11 07:51:52</PriceUpdateDate><ItemCode>424460</ItemCode><ItemType>3</ItemType><ItemName>כנפיים עוף  קפוא</ItemName><ManufacturerName>לא ידוע</ManufacturerName><ManufactureCountry>ישראל</ManufactureCountry><ManufacturerItemDescription>כנפיים עוף לקג מגש קפוא</ManufacturerItemDescription><SoldByWeight/><Quantity>1.00</Quantity><UnitOfMeasure>ק"ג</UnitOfMeasure><QtyInPackage>לא ידוע</QtyInPackage><UnitOfMeasurePrice>7.9000</UnitOfMeasurePrice><AllowDiscount>1</AllowDiscount><ItemStatus>1</ItemStatus><ItemPrice>7.90</ItemPrice></item><item><PriceUpdateDate>2016-06-13 06:36:31</PriceUpdateDate><ItemCode>426259</ItemCode><ItemType>3</ItemType><ItemName>פילה סלמון תנובה</ItemName><ManufacturerName>דגי תנובה</ManufacturerName><ManufactureCountry>ישראל</ManufactureCountry><ManufacturerItemDescription>פילה סלמון בואקום</ManufacturerItemDescription><SoldByWeight/><Quantity>1.00</Quantity><UnitOfMeasure>ק"ג</UnitOfMeasure><QtyInPackage>לא ידוע</QtyInPackage><UnitOfMeasurePrice>74.9000</UnitOfMeasurePrice><AllowDiscount>1</AllowDiscount><ItemStatus>1</ItemStatus><ItemPrice>74.90</ItemPrice></item><item><PriceUpdateDate>2016-05-05 12:30:00</PriceUpdateDate><ItemCode>445281</ItemCode><ItemType>3</ItemType><ItemName>פילה מדומה בקר קפוא</ItemName><ManufacturerName>.N.Y.C</ManufacturerName><ManufactureCountry>ישראל</ManufactureCountry><ManufacturerItemDescription>פילה מדומה בקר קפוא</ManufacturerItemDescription><SoldByWeight/><Quantity>1.00</Quantity><UnitOfMeasure>ק"ג</UnitOfMeasure><QtyInPackage>לא ידוע</QtyInPackage><UnitOfMeasurePrice>49.9000</UnitOfMeasurePrice><AllowDiscount>1</AllowDiscount><ItemStatus>1</ItemStatus><ItemPrice>49.90</ItemPrice></item><item><PriceUpdateDate>2016-08-03 07:24:08</PriceUpdateDate><ItemCode>46024817</ItemCode><ItemType>1</ItemType><ItemName>ס.נקסט אף אף בודד</ItemName><ManufacturerName>נקסט-סיגריות</ManufacturerName><ManufactureCountry>ארצות הברית</ManufactureCountry><ManufacturerItemDescription>סיגריות נקסט  FF בודד</ManufacturerItemDescription><SoldByWeight/><Quantity>0.00</Quantity><UnitOfMeasure>יח'</UnitOfMeasure><QtyInPackage>לא ידוע</QtyInPackage><UnitOfMeasurePrice>0.0000</UnitOfMeasurePrice><AllowDiscount>1</AllowDiscount><ItemStatus>1</ItemStatus><ItemPrice>27.90</ItemPrice></item><item><PriceUpdateDate>2016-08-03 07:24:08</PriceUpdateDate><ItemCode>46024824</ItemCode><ItemType>1</ItemType><ItemName>ס.נקסט בודד</ItemName><ManufacturerName>נקסט-סיגריות</ManufacturerName><ManufactureCountry>ארצות הברית</ManufactureCountry><ManufacturerItemDescription>סיגריות נקסט בודד</ManufacturerItemDescription><SoldByWeight/><Quantity>0.00</Quantity><UnitOfMeasure>יח'</UnitOfMeasure><QtyInPackage>לא ידוע</QtyInPackage><UnitOfMeasurePrice>0.0000</UnitOfMeasurePrice><AllowDiscount>1</AllowDiscount><ItemStatus>1</ItemStatus><ItemPrice>27.90</ItemPrice></item><item><PriceUpdateDate>2016-08-02 06:36:07</PriceUpdateDate><ItemCode>4607012670076</ItemCode><ItemType>1</ItemType><ItemName>מב שמן אנטר חמניות ל</ItemName><ManufacturerName>מגד</ManufacturerName><ManufactureCountry>ישראל</ManufactureCountry><ManufacturerItemDescription>מב שמן אנטר חמניות ל</ManufacturerItemDescription><SoldByWeight/><Quantity>1000.00</Quantity><UnitOfMeasure>גרם     </UnitOfMeasure><QtyInPackage>לא ידוע</QtyInPackage><UnitOfMeasurePrice>0.0129</UnitOfMeasurePrice><AllowDiscount>1</AllowDiscount><ItemStatus>1</ItemStatus><ItemPrice>12.90</ItemPrice></item><item><PriceUpdateDate>2016-05-05 12:30:15</PriceUpdateDate><ItemCode>46214731552</ItemCode><ItemType>1</ItemType><ItemName>עוגיות מרבה שוקוצ'יפ</ItemName><ManufacturerName>מרבה</ManufacturerName><ManufactureCountry>הולנד</ManufactureCountry><ManufacturerItemDescription>עוגיות ש.צ'יפס  יפס225גר</ManufacturerItemDescription><SoldByWeight/><Quantity>225.00</Quantity><UnitOfMeasure>גרם     </UnitOfMeasure><QtyInPackage>לא ידוע</QtyInPackage><UnitOfMeasurePrice>0.0396</UnitOfMeasurePrice><AllowDiscount>0</AllowDiscount><ItemStatus>1</ItemStatus><ItemPrice>8.90</ItemPrice></item><item><PriceUpdateDate>2015-11-17 07:38:17</PriceUpdateDate><ItemCode>4750017353021</ItemCode><ItemType>1</ItemType><ItemName>דג ריגה שפרוטים 160</ItemName><ManufacturerName>לא ממותג</ManufacturerName><ManufactureCountry>ישראל</ManufactureCountry><ManufacturerItemDescription>דג ריגה שפרוטים 160</ManufacturerItemDescription><SoldByWeight/><Quantity>160.00</Quantity><UnitOfMeasure>גרם     </UnitOfMeasure><QtyInPackage>לא ידוע</QtyInPackage><UnitOfMeasurePrice>0.0450</UnitOfMeasurePrice><AllowDiscount>1</AllowDiscount><ItemStatus>1</ItemStatus><ItemPrice>7.20</ItemPrice></item><item><PriceUpdateDate>2016-08-02 06:36:07</PriceUpdateDate><ItemCode>4751001585336</ItemCode><ItemType>1</ItemType><ItemName>מב שפרוטים בשמן צמחי</ItemName><ManufacturerName>רוסמן</ManufacturerName><ManufactureCountry>ישראל</ManufactureCountry><ManufacturerItemDescription>מב שפרוטים בשמן צמחי</ManufacturerItemDescription><SoldByWeight/><Quantity>250.00</Quantity><UnitOfMeasure>גרם     </UnitOfMeasure><QtyInPackage>לא ידוע</QtyInPackage><UnitOfMeasurePrice>0.0436</UnitOfMeasurePrice><AllowDiscount>1</AllowDiscount><ItemStatus>1</ItemStatus><ItemPrice>10.90</ItemPrice></item><item><PriceUpdateDate>2016-08-02 06:31:06</PriceUpdateDate><ItemCode>4820006010409</ItemCode><ItemType>1</ItemType><ItemName>כוסמת בשקית רוסמן 80</ItemName><ManufacturerName>רוסמן</ManufacturerName><ManufactureCountry>ישראל</ManufactureCountry><ManufacturerItemDescription>כוסמת בשקית רוסמן 80</ManufacturerItemDescription><SoldByWeight/><Quantity>800.00</Quantity><UnitOfMeasure>גרם     </UnitOfMeasure><QtyInPackage>לא ידוע</QtyInPackage><UnitOfMeasurePrice>0.0154</UnitOfMeasurePrice><AllowDiscount>1</AllowDiscount><ItemStatus>1</ItemStatus><ItemPrice>12.30</ItemPrice></item><item><PriceUpdateDate>2016-02-08 07:05:32</PriceUpdateDate><ItemCode>4823006710102</ItemCode><ItemType>1</ItemType><ItemName>סוכריות רושן בוני פר</ItemName><ManufacturerName>לא ממותג</ManufacturerName><ManufactureCountry>לא ידוע</ManufactureCountry><ManufacturerItemDescription>סוכריות רושן בוני פר</ManufacturerItemDescription><SoldByWeight/><Quantity>250.00</Quantity><UnitOfMeasure>גרם     </UnitOfMeasure><QtyInPackage>לא ידוע</QtyInPackage><UnitOfMeasurePrice>0.0276</UnitOfMeasurePrice><AllowDiscount>1</AllowDiscount><ItemStatus>1</ItemStatus><ItemPrice>6.90</ItemPrice></item><item><PriceUpdateDate>2016-02-08 07:05:32</PriceUpdateDate><ItemCode>4823006710140</ItemCode><ItemType>1</ItemType><ItemName>סוכריות רושן בוני פר</ItemName><ManufacturerName>לא ממותג</ManufacturerName><ManufactureCountry>לא ידוע</ManufactureCountry><ManufacturerItemDescription>סוכריות רושן בוני פר</ManufacturerItemDescription><SoldByWeight/><Quantity>250.00</Quantity><UnitOfMeasure>גרם     </UnitOfMeasure><QtyInPackage>לא ידוע</QtyInPackage><UnitOfMeasurePrice>0.0276</UnitOfMeasurePrice><AllowDiscount>1</AllowDiscount><ItemStatus>1</ItemStatus><ItemPrice>6.90</ItemPrice></item><item><PriceUpdateDate>2016-05-01 07:23:02</PriceUpdateDate><ItemCode>4891228460242</ItemCode><ItemType>1</ItemType><ItemName>שיק קוואטרו נשים חד</ItemName><ManufacturerName>שיק</ManufacturerName><ManufactureCountry>סין</ManufactureCountry><ManufacturerItemDescription>טוסטעים פת קלוי  100 גרם</ManufacturerItemDescription><SoldByWeight/><Quantity>1.00</Quantity><UnitOfMeasure>יח'</UnitOfMeasure><QtyInPackage>לא ידוע</QtyInPackage><UnitOfMeasurePrice>33.9000</UnitOfMeasurePrice><AllowDiscount>1</AllowDiscount><ItemStatus>1</ItemStatus><ItemPrice>33.90</ItemPrice></item><item><PriceUpdateDate>2016-06-16 14:33:31</PriceUpdateDate><ItemCode>4961</ItemCode><ItemType>3</ItemType><ItemName>פלפל צהוב</ItemName><ManufacturerName>B.B.B</ManufacturerName><ManufactureCountry>ישראל</ManufactureCountry><ManufacturerItemDescription>פלפל צהוב</ManufacturerItemDescription><SoldByWeight/><Quantity>1.00</Quantity><UnitOfMeasure>ק"ג</UnitOfMeasure><QtyInPackage>לא ידוע</QtyInPackage><UnitOfMeasurePrice>11.9000</UnitOfMeasurePrice><AllowDiscount>1</AllowDiscount><ItemStatus>1</ItemStatus><ItemPrice>11.90</ItemPrice></item><item><PriceUpdateDate>2016-06-27 19:05:30</PriceUpdateDate><ItemCode>5000159029469</ItemCode><ItemType>1</ItemType><ItemName>מארז סקיטלס פירות 11</ItemName><ManufacturerName>לא ממותג</ManufacturerName><ManufactureCountry>ישראל</ManufactureCountry><ManufacturerItemDescription>סוכריות סקיטלס  ירות38ג</ManufacturerItemDescription><SoldByWeight/><Quantity>198.00</Quantity><UnitOfMeasure>גרם     </UnitOfMeasure><QtyInPackage>לא ידוע</QtyInPackage><UnitOfMeasurePrice>0.0702</UnitOfMeasurePrice><AllowDiscount>1</AllowDiscount><ItemStatus>1</ItemStatus><ItemPrice>13.90</ItemPrice></item><item><PriceUpdateDate>2015-10-22 09:58:44</PriceUpdateDate><ItemCode>5000159376655</ItemCode><ItemType>1</ItemType><ItemName>סוכריות סקיטלס פירות</ItemName><ManufacturerName>לא ממותג</ManufacturerName><ManufactureCountry>ישראל</ManufactureCountry><ManufacturerItemDescription>סוכריות סקיטלס  ירות38ג</ManufacturerItemDescription><SoldByWeight/><Quantity>38.00</Quantity><UnitOfMeasure>גרם     </UnitOfMeasure><QtyInPackage>לא ידוע</QtyInPackage><UnitOfMeasurePrice>0.0868</UnitOfMeasurePrice><AllowDiscount>1</AllowDiscount><ItemStatus>1</ItemStatus><ItemPrice>3.30</ItemPrice></item><item><PriceUpdateDate>2015-12-16 06:52:13</PriceUpdateDate><ItemCode>5000159407236</ItemCode><ItemType>1</ItemType><ItemName>חטיף שוקולד מרס 51 ג</ItemName><ManufacturerName>לא ממותג</ManufacturerName><ManufactureCountry>הולנד</ManufactureCountry><ManufacturerItemDescription>חטיף מרס</ManufacturerItemDescription><SoldByWeight/><Quantity>51.00</Quantity><UnitOfMeasure>יח'</UnitOfMeasure><QtyInPackage>לא ידוע</QtyInPackage><UnitOfMeasurePrice>0.1157</UnitOfMeasurePrice><AllowDiscount>0</AllowDiscount><ItemStatus>1</ItemStatus><ItemPrice>5.90</ItemPrice></item><item><PriceUpdateDate>2016-08-10 11:21:40</PriceUpdateDate><ItemCode>5000159459228</ItemCode><ItemType>1</ItemType><ItemName>חטיף טוויקס 50 גרם</ItemName><ManufacturerName>לא ממותג</ManufacturerName><ManufactureCountry>הולנד</ManufactureCountry><ManufacturerItemDescription>חטיף טוויקס     רם</ManufacturerItemDescription><SoldByWeight/><Quantity>50.00</Quantity><UnitOfMeasure>גרם     </UnitOfMeasure><QtyInPackage>לא ידוע</QtyInPackage><UnitOfMeasurePrice>0.1180</UnitOfMeasurePrice><AllowDiscount>0</AllowDiscount><ItemStatus>1</ItemStatus><ItemPrice>5.90</ItemPrice></item><item><PriceUpdateDate>2016-08-10 11:21:40</PriceUpdateDate><ItemCode>5000159461122</ItemCode><ItemType>1</ItemType><ItemName>חטיף שוקולד סניקרס 5</ItemName><ManufacturerName>לא ממותג</ManufacturerName><ManufactureCountry>הולנד</ManufactureCountry><ManufacturerItemDescription>חטיף סניקרס     רם</ManufacturerItemDescription><SoldByWeight/><Quantity>50.00</Quantity><UnitOfMeasure>יח'</UnitOfMeasure><QtyInPackage>לא ידוע</QtyInPackage><UnitOfMeasurePrice>0.1180</UnitOfMeasurePrice><AllowDiscount>1</AllowDiscount><ItemStatus>1</ItemStatus><ItemPrice>5.90</ItemPrice></item><item><PriceUpdateDate>2016-08-02 06:36:08</PriceUpdateDate><ItemCode>5000198285505</ItemCode><ItemType>1</ItemType><ItemName>מב משחת שיניים פרודו</ItemName><ManufacturerName>פרודונטקס</ManufacturerName><ManufactureCountry>ישראל</ManufactureCountry><ManufacturerItemDescription>מב משחת שיניים פרודו</ManufacturerItemDescription><SoldByWeight/><Quantity>75.00</Quantity><UnitOfMeasure>מ"ל</UnitOfMeasure><QtyInPackage>לא ידוע</QtyInPackage><UnitOfMeasurePrice>0.2387</UnitOfMeasurePrice><AllowDiscount>1</AllowDiscount><ItemStatus>1</ItemStatus><ItemPrice>17.90</ItemPrice></item><item><PriceUpdateDate>2016-01-22 08:28:48</PriceUpdateDate><ItemCode>5000204658187</ItemCode><ItemType>1</ItemType><ItemName>מ. נעליים קראון שחור</ItemName><ManufacturerName>קיווי</ManufacturerName><ManufactureCountry>ישראל</ManufactureCountry><ManufacturerItemDescription>קיווי נוזל      ם שחור75</ManufacturerItemDescription><SoldByWeight/><Quantity>75.00</Quantity><UnitOfMeasure>מ"ל</UnitOfMeasure><QtyInPackage>לא ידוע</QtyInPackage><UnitOfMeasurePrice>0.2120</UnitOfMeasurePrice><AllowDiscount>1</AllowDiscount><ItemStatus>1</ItemStatus><ItemPrice>15.90</ItemPrice></item><item><PriceUpdateDate>2016-06-28 06:23:34</PriceUpdateDate><ItemCode>5011417540916</ItemCode><ItemType>1</ItemType><ItemName>מב פיניש טבליות 20 ק</ItemName><ManufacturerName>פיניש</ManufacturerName><ManufactureCountry>פולין</ManufactureCountry><ManufacturerItemDescription>מב פיניש טבליות 20 ק</ManufacturerItemDescription><SoldByWeight/><Quantity>20.00</Quantity><UnitOfMeasure>יח'</UnitOfMeasure><QtyInPackage>לא ידוע</QtyInPackage><UnitOfMeasurePrice>1.4950</UnitOfMeasurePrice><AllowDiscount>1</AllowDiscount><ItemStatus>1</ItemStatus><ItemPrice>29.90</ItemPrice></item><item><PriceUpdateDate>2016-05-31 09:33:17</PriceUpdateDate><ItemCode>5014271000411</ItemCode><ItemType>1</ItemType><ItemName>מעדן סן דלפור ערמוני</ItemName><ManufacturerName>סאן דלפור</ManufacturerName><ManufactureCountry>ישראל</ManufactureCountry><ManufacturerItemDescription>מעדן סן דלפור ערמוני</ManufacturerItemDescription><SoldByWeight/><Quantity>284.00</Quantity><UnitOfMeasure>גרם     </UnitOfMeasure><QtyInPackage>לא ידוע</QtyInPackage><UnitOfMeasurePrice>0.0630</UnitOfMeasurePrice><AllowDiscount>1</AllowDiscount><ItemStatus>1</ItemStatus><ItemPrice>17.90</ItemPrice></item><item><PriceUpdateDate>2016-05-31 09:33:17</PriceUpdateDate><ItemCode>5014271310428</ItemCode><ItemType>1</ItemType><ItemName>ריבת מעדן דובדבן שחו</ItemName><ManufacturerName>סאן דלפור</ManufacturerName><ManufactureCountry>ישראל</ManufactureCountry><ManufacturerItemDescription>מעדן דובדבנים שחורים 284</ManufacturerItemDescription><SoldByWeight/><Quantity>284.00</Quantity><UnitOfMeasure>גרם     </UnitOfMeasure><QtyInPackage>לא ידוע</QtyInPackage><UnitOfMeasurePrice>0.0630</UnitOfMeasurePrice><AllowDiscount>1</AllowDiscount><ItemStatus>1</ItemStatus><ItemPrice>17.90</ItemPrice></item><item><PriceUpdateDate>2016-05-31 09:33:17</PriceUpdateDate><ItemCode>5014271330426</ItemCode><ItemType>1</ItemType><ItemName>ריבת מעדן אוכמניות ל</ItemName><ManufacturerName>סאן דלפור</ManufacturerName><ManufactureCountry>ישראל</ManufactureCountry><ManufacturerItemDescription>מעדן אוכמניות כחולות 284</ManufacturerItemDescription><SoldByWeight/><Quantity>284.00</Quantity><UnitOfMeasure>גרם     </UnitOfMeasure><QtyInPackage>לא ידוע</QtyInPackage><UnitOfMeasurePrice>0.0630</UnitOfMeasurePrice><AllowDiscount>1</AllowDiscount><ItemStatus>1</ItemStatus><ItemPrice>17.90</ItemPrice></item><item><PriceUpdateDate>2016-05-31 09:33:17</PriceUpdateDate><ItemCode>5014271360423</ItemCode><ItemType>1</ItemType><ItemName>ריבת מעדן תפוז ללא ס</ItemName><ManufacturerName>סאן דלפור</ManufacturerName><ManufactureCountry>ישראל</ManufactureCountry><ManufacturerItemDescription>ריבת מעדן תפוז ללא ס</ManufacturerItemDescription><SoldByWeight/><Quantity>284.00</Quantity><UnitOfMeasure>גרם     </UnitOfMeasure><QtyInPackage>לא ידוע</QtyInPackage><UnitOfMeasurePrice>0.0630</UnitOfMeasurePrice><AllowDiscount>1</AllowDiscount><ItemStatus>1</ItemStatus><ItemPrice>17.90</ItemPrice></item><item><PriceUpdateDate>2016-05-31 09:33:17</PriceUpdateDate><ItemCode>5014271400426</ItemCode><ItemType>1</ItemType><ItemName>ריבת מעדן תות שדה לל</ItemName><ManufacturerName>סאן דלפור</ManufacturerName><ManufactureCountry>ישראל</ManufactureCountry><ManufacturerItemDescription>מעדן תות שדה 284 גר</ManufacturerItemDescription><SoldByWeight/><Quantity>284.00</Quantity><UnitOfMeasure>גרם     </UnitOfMeasure><QtyInPackage>לא ידוע</QtyInPackage><UnitOfMeasurePrice>0.0630</UnitOfMeasurePrice><AllowDiscount>1</AllowDiscount><ItemStatus>1</ItemStatus><ItemPrice>17.90</ItemPrice></item><item><PriceUpdateDate>2016-05-31 09:33:18</PriceUpdateDate><ItemCode>5014271796147</ItemCode><ItemType>1</ItemType><ItemName>ריבת מעדן רימון +פטל</ItemName><ManufacturerName>סאן דלפור</ManufacturerName><ManufactureCountry>ישראל</ManufactureCountry><ManufacturerItemDescription>ריבת מעדן רימון +פטל</ManufacturerItemDescription><SoldByWeight/><Quantity>284.00</Quantity><UnitOfMeasure>גרם     </UnitOfMeasure><QtyInPackage>לא ידוע</QtyInPackage><UnitOfMeasurePrice>0.0630</UnitOfMeasurePrice><AllowDiscount>1</AllowDiscount><ItemStatus>1</ItemStatus><ItemPrice>17.90</ItemPrice></item><item><PriceUpdateDate>2016-01-05 06:03:36</PriceUpdateDate><ItemCode>5035766044772</ItemCode><ItemType>1</ItemType><ItemName>רביעיית סיידר תפוח א</ItemName><ManufacturerName>לא ממותג</ManufacturerName><ManufactureCountry>בלגיה</ManufactureCountry><ManufacturerItemDescription>סיידר תפוחים עם 5% אלכוהו</ManufacturerItemDescription><SoldByWeight/><Quantity>1320.00</Quantity><UnitOfMeasure>מ"ל</UnitOfMeasure><QtyInPackage>לא ידוע</QtyInPackage><UnitOfMeasurePrice>0.0249</UnitOfMeasurePrice><AllowDiscount>1</AllowDiscount><ItemStatus>1</ItemStatus><ItemPrice>32.90</ItemPrice></item><item><PriceUpdateDate>2016-08-02 06:31:07</PriceUpdateDate><ItemCode>5200351240024</ItemCode><ItemType>1</ItemType><ItemName>גליליות וופל קפוצ'ינ</ItemName><ManufacturerName>גולדן בריק</ManufacturerName><ManufactureCountry>ישראל</ManufactureCountry><ManufacturerItemDescription>גליליות וופל קפוצ'ינ</ManufacturerItemDescription><SoldByWeight/><Quantity>400.00</Quantity><UnitOfMeasure>גרם     </UnitOfMeasure><QtyInPackage>לא ידוע</QtyInPackage><UnitOfMeasurePrice>0.0508</UnitOfMeasurePrice><AllowDiscount>1</AllowDiscount><ItemStatus>1</ItemStatus><ItemPrice>20.30</ItemPrice></item><item><PriceUpdateDate>2016-06-27 19:05:32</PriceUpdateDate><ItemCode>5400265024349</ItemCode><ItemType>1</ItemType><ItemName>המלט מאפה מסוכר 250</ItemName><ManufacturerName>ק.א.שוקולד</ManufacturerName><ManufactureCountry>ישראל</ManufactureCountry><ManufacturerItemDescription>המלט מאפה מסוכר 250</ManufacturerItemDescription><SoldByWeight/><Quantity>250.00</Quantity><UnitOfMeasure>גרם     </UnitOfMeasure><QtyInPackage>לא ידוע</QtyInPackage><UnitOfMeasurePrice>0.0516</UnitOfMeasurePrice><AllowDiscount>1</AllowDiscount><ItemStatus>1</ItemStatus><ItemPrice>12.90</ItemPrice></item><item><PriceUpdateDate>2016-05-31 09:33:19</PriceUpdateDate><ItemCode>5410126106183</ItemCode><ItemType>1</ItemType><ItemName>ביסקויט לוטוס קרמל 3</ItemName><ManufacturerName>לוטוס</ManufacturerName><ManufactureCountry>בלגיה</ManufactureCountry><ManufacturerItemDescription>ביסקוויט לוטוס  רוז 50יח</ManufacturerItemDescription><SoldByWeight/><Quantity>312.00</Quantity><UnitOfMeasure>גרם     </UnitOfMeasure><QtyInPackage>לא ידוע</QtyInPackage><UnitOfMeasurePrice>0.0564</UnitOfMeasurePrice><AllowDiscount>1</AllowDiscount><ItemStatus>1</ItemStatus><ItemPrice>17.60</ItemPrice></item><item><PriceUpdateDate>2016-06-27 19:05:32</PriceUpdateDate><ItemCode>5410126116953</ItemCode><ItemType>1</ItemType><ItemName>ממרח עוגיות לוטוס קר</ItemName><ManufacturerName>לוטוס</ManufacturerName><ManufactureCountry>בלגיה</ManufactureCountry><ManufacturerItemDescription>ממרח ביסקוויט   טוס 400ג</ManufacturerItemDescription><SoldByWeight/><Quantity>400.00</Quantity><UnitOfMeasure>גרם     </UnitOfMeasure><QtyInPackage>לא ידוע</QtyInPackage><UnitOfMeasurePrice>0.0597</UnitOfMeasurePrice><AllowDiscount>1</AllowDiscount><ItemStatus>1</ItemStatus><ItemPrice>23.90</ItemPrice></item><item><PriceUpdateDate>2016-06-27 19:05:32</PriceUpdateDate><ItemCode>5410126726947</ItemCode><ItemType>1</ItemType><ItemName>ממרח עוגיות לוטוס קר</ItemName><ManufacturerName>לוטוס</ManufacturerName><ManufactureCountry>בלגיה</ManufactureCountry><ManufacturerItemDescription>ממרח עוגיות     ראנץ380ג</ManufacturerItemDescription><SoldByWeight/><Quantity>380.00</Quantity><UnitOfMeasure>גרם     </UnitOfMeasure><QtyInPackage>לא ידוע</QtyInPackage><UnitOfMeasurePrice>0.0655</UnitOfMeasurePrice><AllowDiscount>1</AllowDiscount><ItemStatus>1</ItemStatus><ItemPrice>24.90</ItemPrice></item><item><PriceUpdateDate>2016-02-01 11:44:27</PriceUpdateDate><ItemCode>5411188081852</ItemCode><ItemType>1</ItemType><ItemName>אלפרו סויה וניל 1 לי</ItemName><ManufacturerName>אלפרו</ManufacturerName><ManufactureCountry>בלגיה</ManufactureCountry><ManufacturerItemDescription>אלפרו סויה וניל 1 ליטר</ManufacturerItemDescription><SoldByWeight/><Quantity>1000.00</Quantity><UnitOfMeasure>מ"ל</UnitOfMeasure><QtyInPackage>לא ידוע</QtyInPackage><UnitOfMeasurePrice>0.0149</UnitOfMeasurePrice><AllowDiscount>1</AllowDiscount><ItemStatus>1</ItemStatus><ItemPrice>14.90</ItemPrice></item><item><PriceUpdateDate>2016-06-27 19:05:32</PriceUpdateDate><ItemCode>5411188096108</ItemCode><ItemType>1</ItemType><ItemName>אלפרו שמנת לבישול בס</ItemName><ManufacturerName>אלפרו</ManufacturerName><ManufactureCountry>בלגיה</ManufactureCountry><ManufacturerItemDescription>שמנת לבישול אלפרו 250 מל</ManufacturerItemDescription><SoldByWeight/><Quantity>250.00</Quantity><UnitOfMeasure>מ"ל</UnitOfMeasure><QtyInPackage>לא ידוע</QtyInPackage><UnitOfMeasurePrice>0.0448</UnitOfMeasurePrice><AllowDiscount>1</AllowDiscount><ItemStatus>1</ItemStatus><ItemPrice>11.20</ItemPrice></item><item><PriceUpdateDate>2016-06-28 06:23:34</PriceUpdateDate><ItemCode>5411188110835</ItemCode><ItemType>1</ItemType><ItemName>מב אלפרו משקה שקדים</ItemName><ManufacturerName>אלפרו</ManufacturerName><ManufactureCountry>בלגיה</ManufactureCountry><ManufacturerItemDescription>אלפרו משקה שקדים 1 ליטר</ManufacturerItemDescription><SoldByWeight/><Quantity>1000.00</Quantity><UnitOfMeasure>מ"ל</UnitOfMeasure><QtyInPackage>לא ידוע</QtyInPackage><UnitOfMeasurePrice>0.0129</UnitOfMeasurePrice><AllowDiscount>1</AllowDiscount><ItemStatus>1</ItemStatus><ItemPrice>12.90</ItemPrice></item><item><PriceUpdateDate>2016-06-28 06:23:34</PriceUpdateDate><ItemCode>5411188112709</ItemCode><ItemType>1</ItemType><ItemName>מב אלפרו  משקה שקדים</ItemName><ManufacturerName>אלפרו</ManufacturerName><ManufactureCountry>ישראל</ManufactureCountry><ManufacturerItemDescription>אלפרו משקה שקדים לל"ס 1ל</ManufacturerItemDescription><SoldByWeight/><Quantity>1000.00</Quantity><UnitOfMeasure>מ"ל</UnitOfMeasure><QtyInPackage>לא ידוע</QtyInPackage><UnitOfMeasurePrice>0.0129</UnitOfMeasurePrice><AllowDiscount>1</AllowDiscount><ItemStatus>1</ItemStatus><ItemPrice>12.90</ItemPrice></item><item><PriceUpdateDate>2016-06-28 06:23:34</PriceUpdateDate><ItemCode>5411188118732</ItemCode><ItemType>1</ItemType><ItemName>מב אלפרו משקה קוקוס</ItemName><ManufacturerName>אלפרו</ManufacturerName><ManufactureCountry>בלגיה</ManufactureCountry><ManufacturerItemDescription>אלפלרו משקה אגוזם 1 ליטר</ManufacturerItemDescription><SoldByWeight/><Quantity>1000.00</Quantity><UnitOfMeasure>מ"ל</UnitOfMeasure><QtyInPackage>לא ידוע</QtyInPackage><UnitOfMeasurePrice>0.0129</UnitOfMeasurePrice><AllowDiscount>1</AllowDiscount><ItemStatus>1</ItemStatus><ItemPrice>12.90</ItemPrice></item><item><PriceUpdateDate>2015-11-03 10:03:32</PriceUpdateDate><ItemCode>5411616133245</ItemCode><ItemType>1</ItemType><ItemName>בירה מרטנס ירוק 500</ItemName><ManufacturerName>לא ממותג</ManufacturerName><ManufactureCountry>ישראל</ManufactureCountry><ManufacturerItemDescription>בירה מרטנס ירוק 500</ManufacturerItemDescription><SoldByWeight/><Quantity>500.00</Quantity><UnitOfMeasure>מ"ל</UnitOfMeasure><QtyInPackage>לא ידוע</QtyInPackage><UnitOfMeasurePrice>0.0136</UnitOfMeasurePrice><AllowDiscount>1</AllowDiscount><ItemStatus>1</ItemStatus><ItemPrice>6.80</ItemPrice></item><item><PriceUpdateDate>2016-05-19 09:30:57</PriceUpdateDate><ItemCode>5413149655522</ItemCode><ItemType>1</ItemType><ItemName>אריאל  שושן צחור 1.2</ItemName><ManufacturerName>אריאל</ManufacturerName><ManufactureCountry>ישראל</ManufactureCountry><ManufacturerItemDescription>א.כביסה אריאל שושן צחור1.</ManufacturerItemDescription><SoldByWeight/><Quantity>1250.00</Quantity><UnitOfMeasure>גרם     </UnitOfMeasure><QtyInPackage>לא ידוע</QtyInPackage><UnitOfMeasurePrice>0.0159</UnitOfMeasurePrice><AllowDiscount>1</AllowDiscount><ItemStatus>1</ItemStatus><ItemPrice>19.90</ItemPrice></item><item><PriceUpdateDate>2016-01-05 06:03:23</PriceUpdateDate><ItemCode>55369902342</ItemCode><ItemType>1</ItemType><ItemName>אפל סנק רסק תפ"ע 709</ItemName><ManufacturerName>אפל סנאק</ManufacturerName><ManufactureCountry>ישראל</ManufactureCountry><ManufacturerItemDescription>אפל סנק רסק תפ"ע 709</ManufacturerItemDescription><SoldByWeight/><Quantity>709.00</Quantity><UnitOfMeasure>גרם     </UnitOfMeasure><QtyInPackage>לא ידוע</QtyInPackage><UnitOfMeasurePrice>0.0236</UnitOfMeasurePrice><AllowDiscount>1</AllowDiscount><ItemStatus>1</ItemStatus><ItemPrice>16.70</ItemPrice></item><item><PriceUpdateDate>2016-08-10 11:21:40</PriceUpdateDate><ItemCode>5601008200444</ItemCode><ItemType>1</ItemType><ItemName>גודיס-עוגיות טבעות מ</ItemName><ManufacturerName>לא ממותג</ManufacturerName><ManufactureCountry>ישראל</ManufactureCountry><ManufacturerItemDescription>גודיס-עוגיות טבעות מ</ManufacturerItemDescription><SoldByWeight/><Quantity>150.00</Quantity><UnitOfMeasure>גרם     </UnitOfMeasure><QtyInPackage>לא ידוע</QtyInPackage><UnitOfMeasurePrice>0.0593</UnitOfMeasurePrice><AllowDiscount>1</AllowDiscount><ItemStatus>1</ItemStatus><ItemPrice>8.90</ItemPrice></item><item><PriceUpdateDate>2016-08-10 11:21:40</PriceUpdateDate><ItemCode>5601008200451</ItemCode><ItemType>1</ItemType><ItemName>גודיס-עוגיות טבעות מ</ItemName><ManufacturerName>לא ממותג</ManufacturerName><ManufactureCountry>ישראל</ManufactureCountry><ManufacturerItemDescription>עוגיות גודיס    .מריר150</ManufacturerItemDescription><SoldByWeight/><Quantity>150.00</Quantity><UnitOfMeasure>גרם     </UnitOfMeasure><QtyInPackage>לא ידוע</QtyInPackage><UnitOfMeasurePrice>0.0593</UnitOfMeasurePrice><AllowDiscount>1</AllowDiscount><ItemStatus>1</ItemStatus><ItemPrice>8.90</ItemPrice></item><item><PriceUpdateDate>2016-08-10 11:21:40</PriceUpdateDate><ItemCode>5601008200468</ItemCode><ItemType>1</ItemType><ItemName>גודיס-עוגיות טבעות מ</ItemName><ManufacturerName>לא ממותג</ManufacturerName><ManufactureCountry>ישראל</ManufactureCountry><ManufacturerItemDescription>גודיס-עוגיות טבעות מ</ManufacturerItemDescription><SoldByWeight/><Quantity>150.00</Quantity><UnitOfMeasure>גרם     </UnitOfMeasure><QtyInPackage>לא ידוע</QtyInPackage><UnitOfMeasurePrice>0.0593</UnitOfMeasurePrice><AllowDiscount>1</AllowDiscount><ItemStatus>1</ItemStatus><ItemPrice>8.90</ItemPrice></item><item><PriceUpdateDate>2016-05-01 07:23:04</PriceUpdateDate><ItemCode>5701932026971</ItemCode><ItemType>1</ItemType><ItemName>פופקורן הוט פופ חמאה</ItemName><ManufacturerName>ליימן חטיבת המותגים</ManufacturerName><ManufactureCountry>ארצות הברית</ManufactureCountry><ManufacturerItemDescription>דאודורנט סטיק   בר 56 גר</ManufacturerItemDescription><SoldByWeight/><Quantity>600.00</Quantity><UnitOfMeasure>גרם     </UnitOfMeasure><QtyInPackage>לא ידוע</QtyInPackage><UnitOfMeasurePrice>0.0248</UnitOfMeasurePrice><AllowDiscount>1</AllowDiscount><ItemStatus>1</ItemStatus><ItemPrice>14.90</ItemPrice></item><item><PriceUpdateDate>2016-08-02 06:31:09</PriceUpdateDate><ItemCode>5900020012814</ItemCode><ItemType>1</ItemType><ItemName>מב דגני בוקר נסקוויק</ItemName><ManufacturerName>נסקוויק</ManufacturerName><ManufactureCountry>פולין</ManufactureCountry><ManufacturerItemDescription>זוג משחות שינייםדום100*2</ManufacturerItemDescription><SoldByWeight/><Quantity>500.00</Quantity><UnitOfMeasure>גרם     </UnitOfMeasure><QtyInPackage>לא ידוע</QtyInPackage><UnitOfMeasurePrice>0.0378</UnitOfMeasurePrice><AllowDiscount>1</AllowDiscount><ItemStatus>1</ItemStatus><ItemPrice>18.90</ItemPrice></item><item><PriceUpdateDate>2016-05-31 09:33:21</PriceUpdateDate><ItemCode>5900020024770</ItemCode><ItemType>1</ItemType><ItemName>פיטנס בר דליס שוקולד</ItemName><ManufacturerName>פיטנס</ManufacturerName><ManufactureCountry>פולין</ManufactureCountry><ManufacturerItemDescription>קרם יד.פנג'ל 3יח 80*3מ"ל</ManufacturerItemDescription><SoldByWeight/><Quantity>135.00</Quantity><UnitOfMeasure>גרם     </UnitOfMeasure><QtyInPackage>לא ידוע</QtyInPackage><UnitOfMeasurePrice>0.1311</UnitOfMeasurePrice><AllowDiscount>1</AllowDiscount><ItemStatus>1</ItemStatus><ItemPrice>17.70</ItemPrice></item><item><PriceUpdateDate>2016-08-14 06:23:28</PriceUpdateDate><ItemCode>5900020026552</ItemCode><ItemType>1</ItemType><ItemName>מב האני נאט צ'יריוס</ItemName><ManufacturerName>לא ממותג</ManufacturerName><ManufactureCountry>לא ידוע</ManufactureCountry><ManufacturerItemDescription>מב האני נאט צ'יריוס</ManufacturerItemDescription><SoldByWeight/><Quantity>625.00</Quantity><UnitOfMeasure>גרם     </UnitOfMeasure><QtyInPackage>לא ידוע</QtyInPackage><UnitOfMeasurePrice>0.0238</UnitOfMeasurePrice><AllowDiscount>1</AllowDiscount><ItemStatus>1</ItemStatus><ItemPrice>14.90</ItemPrice></item><item><PriceUpdateDate>2015-10-22 09:58:46</PriceUpdateDate><ItemCode>5901414200411</ItemCode><ItemType>1</ItemType><ItemName>עוגיות היט מיני שוקו</ItemName><ManufacturerName>היט מיניס</ManufacturerName><ManufactureCountry>פולין</ManufactureCountry><ManufacturerItemDescription>היט מיני קקאו 130 גרם</ManufacturerItemDescription><SoldByWeight/><Quantity>130.00</Quantity><UnitOfMeasure>גרם     </UnitOfMeasure><QtyInPackage>לא ידוע</QtyInPackage><UnitOfMeasurePrice>0.0592</UnitOfMeasurePrice><AllowDiscount>1</AllowDiscount><ItemStatus>1</ItemStatus><ItemPrice>7.70</ItemPrice></item><item><PriceUpdateDate>2016-02-26 06:48:15</PriceUpdateDate><ItemCode>5904941751302</ItemCode><ItemType>1</ItemType><ItemName>משקה אנרגיה בלו 250</ItemName><ManufacturerName>בלו</ManufacturerName><ManufactureCountry>פולין</ManufactureCountry><ManufacturerItemDescription>סבון פלמוליב 4יחים100*4ג</ManufacturerItemDescription><SoldByWeight/><Quantity>250.00</Quantity><UnitOfMeasure>מ"ל</UnitOfMeasure><QtyInPackage>לא ידוע</QtyInPackage><UnitOfMeasurePrice>0.0156</UnitOfMeasurePrice><AllowDiscount>0</AllowDiscount><ItemStatus>1</ItemStatus><ItemPrice>3.90</ItemPrice></item><item><PriceUpdateDate>2015-11-17 07:38:26</PriceUpdateDate><ItemCode>5904941751524</ItemCode><ItemType>1</ItemType><ItemName>משקה אנרגיה בלו דיי</ItemName><ManufacturerName>לא ממותג</ManufacturerName><ManufactureCountry>פולין</ManufactureCountry><ManufacturerItemDescription>משקה אנרגיה בלו דיי טעם א</ManufacturerItemDescription><SoldByWeight/><Quantity>250.00</Quantity><UnitOfMeasure>גרם     </UnitOfMeasure><QtyInPackage>לא ידוע</QtyInPackage><UnitOfMeasurePrice>0.0204</UnitOfMeasurePrice><AllowDiscount>1</AllowDiscount><ItemStatus>1</ItemStatus><ItemPrice>5.10</ItemPrice></item><item><PriceUpdateDate>2016-02-26 06:48:15</PriceUpdateDate><ItemCode>5904941751715</ItemCode><ItemType>1</ItemType><ItemName>משקה אנרגיה בלו קרנב</ItemName><ManufacturerName>BLU</ManufacturerName><ManufactureCountry>פולין</ManufactureCountry><ManufacturerItemDescription>משקה אנרגיה בלו חמוציות 2</ManufacturerItemDescription><SoldByWeight/><Quantity>250.00</Quantity><UnitOfMeasure>גרם     </UnitOfMeasure><QtyInPackage>לא ידוע</QtyInPackage><UnitOfMeasurePrice>0.0156</UnitOfMeasurePrice><AllowDiscount>0</AllowDiscount><ItemStatus>1</ItemStatus><ItemPrice>3.90</ItemPrice></item><item><PriceUpdateDate>2016-02-26 06:48:15</PriceUpdateDate><ItemCode>5904941751913</ItemCode><ItemType>1</ItemType><ItemName>משקה אנרגיה בלו פסיפ</ItemName><ManufacturerName>בלו</ManufacturerName><ManufactureCountry>ישראל</ManufactureCountry><ManufacturerItemDescription>משקה אנרגיה בלו פסיפ</ManufacturerItemDescription><SoldByWeight/><Quantity>250.00</Quantity><UnitOfMeasure>מ"ל</UnitOfMeasure><QtyInPackage>לא ידוע</QtyInPackage><UnitOfMeasurePrice>0.0156</UnitOfMeasurePrice><AllowDiscount>0</AllowDiscount><ItemStatus>1</ItemStatus><ItemPrice>3.90</ItemPrice></item><item><PriceUpdateDate>2016-05-05 12:30:20</PriceUpdateDate><ItemCode>5906485301012</ItemCode><ItemType>1</ItemType><ItemName>משקה אנרגיה אקסל 250</ItemName><ManufacturerName>XL</ManufacturerName><ManufactureCountry>ישראל</ManufactureCountry><ManufacturerItemDescription>משקה אנרגיה XL מל</ManufacturerItemDescription><SoldByWeight/><Quantity>250.00</Quantity><UnitOfMeasure>מ"ל</UnitOfMeasure><QtyInPackage>לא ידוע</QtyInPackage><UnitOfMeasurePrice>0.0120</UnitOfMeasurePrice><AllowDiscount>1</AllowDiscount><ItemStatus>1</ItemStatus><ItemPrice>3.00</ItemPrice></item><item><PriceUpdateDate>2016-05-05 12:30:20</PriceUpdateDate><ItemCode>5906485301098</ItemCode><ItemType>1</ItemType><ItemName>משקה אנרגיה XL ללא ס</ItemName><ManufacturerName>XL</ManufacturerName><ManufactureCountry>ישראל</ManufactureCountry><ManufacturerItemDescription>משקה אנרגיה XL דיאט 250 מ</ManufacturerItemDescription><SoldByWeight/><Quantity>250.00</Quantity><UnitOfMeasure>מ"ל</UnitOfMeasure><QtyInPackage>לא ידוע</QtyInPackage><UnitOfMeasurePrice>0.0120</UnitOfMeasurePrice><AllowDiscount>1</AllowDiscount><ItemStatus>1</ItemStatus><ItemPrice>3.00</ItemPrice></item><item><PriceUpdateDate>2016-08-02 06:31:09</PriceUpdateDate><ItemCode>5906485301326</ItemCode><ItemType>1</ItemType><ItemName>משקה אנרגיה XL  פלוס</ItemName><ManufacturerName>XL</ManufacturerName><ManufactureCountry>ישראל</ManufactureCountry><ManufacturerItemDescription>משקה אנרגיה ספורט מאניה 2</ManufacturerItemDescription><SoldByWeight/><Quantity>250.00</Quantity><UnitOfMeasure>מ"ל</UnitOfMeasure><QtyInPackage>לא ידוע</QtyInPackage><UnitOfMeasurePrice>0.0168</UnitOfMeasurePrice><AllowDiscount>1</AllowDiscount><ItemStatus>1</ItemStatus><ItemPrice>4.20</ItemPrice></item><item><PriceUpdateDate>2016-08-02 06:31:09</PriceUpdateDate><ItemCode>5906485301456</ItemCode><ItemType>1</ItemType><ItemName>משקה אנרגיה XL  פלוס</ItemName><ManufacturerName>XL</ManufacturerName><ManufactureCountry>ישראל</ManufactureCountry><ManufacturerItemDescription>משקה אנרגיה אפטר פארטי 25</ManufacturerItemDescription><SoldByWeight/><Quantity>250.00</Quantity><UnitOfMeasure>מ"ל</UnitOfMeasure><QtyInPackage>לא ידוע</QtyInPackage><UnitOfMeasurePrice>0.0168</UnitOfMeasurePrice><AllowDiscount>1</AllowDiscount><ItemStatus>1</ItemStatus><ItemPrice>4.20</ItemPrice></item><item><PriceUpdateDate>2015-11-17 07:38:27</PriceUpdateDate><ItemCode>5908234805659</ItemCode><ItemType>1</ItemType><ItemName>הפי רול וופל רול במי</ItemName><ManufacturerName>הפי רול</ManufacturerName><ManufactureCountry>פולין</ManufactureCountry><ManufacturerItemDescription>וופל רול במילוי קרם קוקוס</ManufacturerItemDescription><SoldByWeight/><Quantity>150.00</Quantity><UnitOfMeasure>גרם     </UnitOfMeasure><QtyInPackage>לא ידוע</QtyInPackage><UnitOfMeasurePrice>0.0540</UnitOfMeasurePrice><AllowDiscount>1</AllowDiscount><ItemStatus>1</ItemStatus><ItemPrice>8.10</ItemPrice></item><item><PriceUpdateDate>2015-11-03 10:03:32</PriceUpdateDate><ItemCode>5942045177017</ItemCode><ItemType>1</ItemType><ItemName>בירה גונטר 500 מ''ל</ItemName><ManufacturerName>לא ממותג</ManufacturerName><ManufactureCountry>ישראל</ManufactureCountry><ManufacturerItemDescription>בירה גונטר 500 מ''ל</ManufacturerItemDescription><SoldByWeight/><Quantity>500.00</Quantity><UnitOfMeasure>מ"ל</UnitOfMeasure><QtyInPackage>לא ידוע</QtyInPackage><UnitOfMeasurePrice>0.0136</UnitOfMeasurePrice><AllowDiscount>1</AllowDiscount><ItemStatus>1</ItemStatus><ItemPrice>6.80</ItemPrice></item><item><PriceUpdateDate>2016-03-03 09:06:20</PriceUpdateDate><ItemCode>649660013281</ItemCode><ItemType>1</ItemType><ItemName>היל ויל מיץ שזיפים 9</ItemName><ManufacturerName>לא ממותג</ManufacturerName><ManufactureCountry>לא ידוע</ManufactureCountry><ManufacturerItemDescription>היל ויל מיץ שזיפים 9</ManufacturerItemDescription><SoldByWeight/><Quantity>0.00</Quantity><UnitOfMeasure>מ"ל</UnitOfMeasure><QtyInPackage>לא ידוע</QtyInPackage><UnitOfMeasurePrice>0.0000</UnitOfMeasurePrice><AllowDiscount>1</AllowDiscount><ItemStatus>1</ItemStatus><ItemPrice>22.90</ItemPrice></item><item><PriceUpdateDate>2016-08-02 06:36:10</PriceUpdateDate><ItemCode>6910191800287</ItemCode><ItemType>1</ItemType><ItemName>מב אצות נורי בלו 10</ItemName><ManufacturerName>לא ממותג</ManufacturerName><ManufactureCountry>ישראל</ManufactureCountry><ManufacturerItemDescription>מב אצות נורי בלו 10</ManufacturerItemDescription><SoldByWeight/><Quantity>1000.00</Quantity><UnitOfMeasure>גרם     </UnitOfMeasure><QtyInPackage>לא ידוע</QtyInPackage><UnitOfMeasurePrice>0.0069</UnitOfMeasurePrice><AllowDiscount>1</AllowDiscount><ItemStatus>1</ItemStatus><ItemPrice>6.90</ItemPrice></item><item><PriceUpdateDate>2016-04-08 08:39:41</PriceUpdateDate><ItemCode>6937266703045</ItemCode><ItemType>1</ItemType><ItemName>סכיני גילוח שיק הייד</ItemName><ManufacturerName>שיק</ManufacturerName><ManufactureCountry>סין</ManufactureCountry><ManufacturerItemDescription>גבינת אדם עלמה  15 גרם</ManufacturerItemDescription><SoldByWeight/><Quantity>1.00</Quantity><UnitOfMeasure>יח'</UnitOfMeasure><QtyInPackage>לא ידוע</QtyInPackage><UnitOfMeasurePrice>61.9000</UnitOfMeasurePrice><AllowDiscount>1</AllowDiscount><ItemStatus>1</ItemStatus><ItemPrice>61.90</ItemPrice></item><item><PriceUpdateDate>2016-04-08 08:37:38</PriceUpdateDate><ItemCode>6937266703069</ItemCode><ItemType>1</ItemType><ItemName>סכיני גילוח שיק הייד</ItemName><ManufacturerName>שיק</ManufacturerName><ManufactureCountry>ישראל</ManufactureCountry><ManufacturerItemDescription>סכיני גילוח שיק הייד</ManufacturerItemDescription><SoldByWeight/><Quantity>1.00</Quantity><UnitOfMeasure>יח'</UnitOfMeasure><QtyInPackage>לא ידוע</QtyInPackage><UnitOfMeasurePrice>39.9000</UnitOfMeasurePrice><AllowDiscount>1</AllowDiscount><ItemStatus>1</ItemStatus><ItemPrice>39.90</ItemPrice></item><item><PriceUpdateDate>2016-08-18 10:28:34</PriceUpdateDate><ItemCode>6972</ItemCode><ItemType>3</ItemType><ItemName>תפוח עץ גאלה</ItemName><ManufacturerName>.N.Y.C</ManufacturerName><ManufactureCountry>ישראל</ManufactureCountry><ManufacturerItemDescription>תפוח עץ גאלה</ManufacturerItemDescription><SoldByWeight/><Quantity>1.00</Quantity><UnitOfMeasure>ק"ג</UnitOfMeasure><QtyInPackage>לא ידוע</QtyInPackage><UnitOfMeasurePrice>11.9000</UnitOfMeasurePrice><AllowDiscount>1</AllowDiscount><ItemStatus>1</ItemStatus><ItemPrice>11.90</ItemPrice></item><item><PriceUpdateDate>2015-07-28 08:48:28</PriceUpdateDate><ItemCode>72600062306</ItemCode><ItemType>1</ItemType><ItemName>הרס חטיף תירס גבינה</ItemName><ManufacturerName>הרס</ManufacturerName><ManufactureCountry>ארצות הברית</ManufactureCountry><ManufacturerItemDescription>הרס חטיף תירס גבינה</ManufacturerItemDescription><SoldByWeight/><Quantity>198.00</Quantity><UnitOfMeasure>גרם     </UnitOfMeasure><QtyInPackage>לא ידוע</QtyInPackage><UnitOfMeasurePrice>0.1106</UnitOfMeasurePrice><AllowDiscount>1</AllowDiscount><ItemStatus>1</ItemStatus><ItemPrice>21.90</ItemPrice></item><item><PriceUpdateDate>2016-06-29 14:24:35</PriceUpdateDate><ItemCode>727</ItemCode><ItemType>3</ItemType><ItemName>פלפל שושקה</ItemName><ManufacturerName>B.B.B</ManufacturerName><ManufactureCountry>ישראל</ManufactureCountry><ManufacturerItemDescription>פלפל שושקה</ManufacturerItemDescription><SoldByWeight/><Quantity>1.00</Quantity><UnitOfMeasure>ק"ג</UnitOfMeasure><QtyInPackage>לא ידוע</QtyInPackage><UnitOfMeasurePrice>9.9000</UnitOfMeasurePrice><AllowDiscount>1</AllowDiscount><ItemStatus>1</ItemStatus><ItemPrice>9.90</ItemPrice></item><item><PriceUpdateDate>2016-08-02 06:36:10</PriceUpdateDate><ItemCode>7271730901261</ItemCode><ItemType>1</ItemType><ItemName>מב פסטה עם גבינה 156</ItemName><ManufacturerName>פולדס</ManufacturerName><ManufactureCountry>ארצות הברית</ManufactureCountry><ManufacturerItemDescription>פסטה עם גבינה 156 גרם</ManufacturerItemDescription><SoldByWeight/><Quantity>156.00</Quantity><UnitOfMeasure>גרם     </UnitOfMeasure><QtyInPackage>לא ידוע</QtyInPackage><UnitOfMeasurePrice>0.0635</UnitOfMeasurePrice><AllowDiscount>1</AllowDiscount><ItemStatus>1</ItemStatus><ItemPrice>9.90</ItemPrice></item><item><PriceUpdateDate>2015-12-24 08:06:35</PriceUpdateDate><ItemCode>728229123590</ItemCode><ItemType>1</ItemType><ItemName>חטיף טרה צ'יפס אורגי</ItemName><ManufacturerName>TERRA</ManufacturerName><ManufactureCountry>ישראל</ManufactureCountry><ManufacturerItemDescription>ציפס אורגינל</ManufacturerItemDescription><SoldByWeight/><Quantity>110.00</Quantity><UnitOfMeasure>גרם     </UnitOfMeasure><QtyInPackage>לא ידוע</QtyInPackage><UnitOfMeasurePrice>0.1445</UnitOfMeasurePrice><AllowDiscount>1</AllowDiscount><ItemStatus>1</ItemStatus><ItemPrice>15.90</ItemPrice></item><item><PriceUpdateDate>2016-05-20 07:08:11</PriceUpdateDate><ItemCode>7290000000017</ItemCode><ItemType>1</ItemType><ItemName>חלה</ItemName><ManufacturerName>אנג'ל</ManufacturerName><ManufactureCountry>ישראל</ManufactureCountry><ManufacturerItemDescription>עגבניה</ManufacturerItemDescription><SoldByWeight/><Quantity>500.00</Quantity><UnitOfMeasure>גרם     </UnitOfMeasure><QtyInPackage>לא ידוע</QtyInPackage><UnitOfMeasurePrice>0.0099</UnitOfMeasurePrice><AllowDiscount>1</AllowDiscount><ItemStatus>1</ItemStatus><ItemPrice>4.94</ItemPrice></item><item><PriceUpdateDate>2015-10-22 09:58:24</PriceUpdateDate><ItemCode>7290000000055</ItemCode><ItemType>1</ItemType><ItemName>חצי חלה קלועה 250 גר</ItemName><ManufacturerName>אנג'ל</ManufacturerName><ManufactureCountry>ישראל</ManufactureCountry><ManufacturerItemDescription>חצי חלה קלועה 250 גר</ManufacturerItemDescription><SoldByWeight/><Quantity>250.00</Quantity><UnitOfMeasure>גרם     </UnitOfMeasure><QtyInPackage>לא ידוע</QtyInPackage><UnitOfMeasurePrice>0.0212</UnitOfMeasurePrice><AllowDiscount>1</AllowDiscount><ItemStatus>1</ItemStatus><ItemPrice>5.30</ItemPrice></item><item><PriceUpdateDate>2015-10-01 00:26:57</PriceUpdateDate><ItemCode>7290000000086</ItemCode><ItemType>1</ItemType><ItemName>לחם אחיד 750 גרם</ItemName><ManufacturerName>אנג'ל</ManufacturerName><ManufactureCountry>ישראל</ManufactureCountry><ManufacturerItemDescription>לחם אחיד 750 גרם</ManufacturerItemDescription><SoldByWeight/><Quantity>750.00</Quantity><UnitOfMeasure>גרם     </UnitOfMeasure><QtyInPackage>לא ידוע</QtyInPackage><UnitOfMeasurePrice>0.0068</UnitOfMeasurePrice><AllowDiscount>1</AllowDiscount><ItemStatus>1</ItemStatus><ItemPrice>5.07</ItemPrice></item><item><PriceUpdateDate>2015-01-27 06:48:30</PriceUpdateDate><ItemCode>7290000000529</ItemCode><ItemType>1</ItemType><ItemName>רביעיית שום</ItemName><ManufacturerName>B.B.B</ManufacturerName><ManufactureCountry>ישראל</ManufactureCountry><ManufacturerItemDescription>רביעיית שום</ManufacturerItemDescription><SoldByWeight/><Quantity>1.00</Quantity><UnitOfMeasure>יח'</UnitOfMeasure><QtyInPackage>לא ידוע</QtyInPackage><UnitOfMeasurePrice>7.9000</UnitOfMeasurePrice><AllowDiscount>1</AllowDiscount><ItemStatus>1</ItemStatus><ItemPrice>7.90</ItemPrice></item><item><PriceUpdateDate>2016-08-16 08:54:46</PriceUpdateDate><ItemCode>7290000000949</ItemCode><ItemType>1</ItemType><ItemName>פסיפלורה</ItemName><ManufacturerName>לא ממותג</ManufacturerName><ManufactureCountry>ישראל</ManufactureCountry><ManufacturerItemDescription>פסיפלורה</ManufacturerItemDescription><SoldByWeight/><Quantity>1.00</Quantity><UnitOfMeasure>קג</UnitOfMeasure><QtyInPackage>לא ידוע</QtyInPackage><UnitOfMeasurePrice>8.9000</UnitOfMeasurePrice><AllowDiscount>1</AllowDiscount><ItemStatus>1</ItemStatus><ItemPrice>8.90</ItemPrice></item><item><PriceUpdateDate>2015-01-27 06:48:30</PriceUpdateDate><ItemCode>7290000001717</ItemCode><ItemType>1</ItemType><ItemName>מנגולדסלק עלים</ItemName><ManufacturerName>B.B.B</ManufacturerName><ManufactureCountry>ישראל</ManufactureCountry><ManufacturerItemDescription>מנגולדסלק עלים</ManufacturerItemDescription><SoldByWeight/><Quantity>1.00</Quantity><UnitOfMeasure>יח'</UnitOfMeasure><QtyInPackage>לא ידוע</QtyInPackage><UnitOfMeasurePrice>5.0000</UnitOfMeasurePrice><AllowDiscount>1</AllowDiscount><ItemStatus>1</ItemStatus><ItemPrice>5.00</ItemPrice></item><item><PriceUpdateDate>2015-01-27 06:48:30</PriceUpdateDate><ItemCode>7290000001960</ItemCode><ItemType>1</ItemType><ItemName>בצל ירוק</ItemName><ManufacturerName>B.B.B</ManufacturerName><ManufactureCountry>ישראל</ManufactureCountry><ManufacturerItemDescription>בצל ירוק</ManufacturerItemDescription><SoldByWeight/><Quantity>1.00</Quantity><UnitOfMeasure>יח'</UnitOfMeasure><QtyInPackage>לא ידוע</QtyInPackage><UnitOfMeasurePrice>5.0000</UnitOfMeasurePrice><AllowDiscount>1</AllowDiscount><ItemStatus>1</ItemStatus><ItemPrice>5.00</ItemPrice></item><item><PriceUpdateDate>2015-11-11 11:53:04</PriceUpdateDate><ItemCode>7290000001977</ItemCode><ItemType>1</ItemType><ItemName>חסה ערבית יח'</ItemName><ManufacturerName>B.B.B</ManufacturerName><ManufactureCountry>ישראל</ManufactureCountry><ManufacturerItemDescription>חסה ערבית יח'</ManufacturerItemDescription><SoldByWeight/><Quantity>1.00</Quantity><UnitOfMeasure>יח'</UnitOfMeasure><QtyInPackage>לא ידוע</QtyInPackage><UnitOfMeasurePrice>5.9000</UnitOfMeasurePrice><AllowDiscount>1</AllowDiscount><ItemStatus>1</ItemStatus><ItemPrice>5.90</ItemPrice></item><item><PriceUpdateDate>2015-01-27 06:48:30</PriceUpdateDate><ItemCode>7290000001984</ItemCode><ItemType>1</ItemType><ItemName>חסה עגולה יחידות</ItemName><ManufacturerName>B.B.B</ManufacturerName><ManufactureCountry>ישראל</ManufactureCountry><ManufacturerItemDescription>חסה עגולה יחידות</ManufacturerItemDescription><SoldByWeight/><Quantity>1.00</Quantity><UnitOfMeasure>יח'</UnitOfMeasure><QtyInPackage>לא ידוע</QtyInPackage><UnitOfMeasurePrice>5.9000</UnitOfMeasurePrice><AllowDiscount>1</AllowDiscount><ItemStatus>1</ItemStatus><ItemPrice>5.90</ItemPrice></item><item><PriceUpdateDate>2016-06-27 19:15:24</PriceUpdateDate><ItemCode>7290000006224</ItemCode><ItemType>1</ItemType><ItemName>ליצ'י</ItemName><ManufacturerName>B.B.B</ManufacturerName><ManufactureCountry>ישראל</ManufactureCountry><ManufacturerItemDescription>ליצ'י</ManufacturerItemDescription><SoldByWeight/><Quantity>1.00</Quantity><UnitOfMeasure>יח'</UnitOfMeasure><QtyInPackage>לא ידוע</QtyInPackage><UnitOfMeasurePrice>12.9000</UnitOfMeasurePrice><AllowDiscount>1</AllowDiscount><ItemStatus>1</ItemStatus><ItemPrice>12.90</ItemPrice></item><item><PriceUpdateDate>2016-05-20 07:08:12</PriceUpdateDate><ItemCode>7290000012345</ItemCode><ItemType>1</ItemType><ItemName>חלה</ItemName><ManufacturerName>אנג'ל</ManufacturerName><ManufactureCountry>ישראל</ManufactureCountry><ManufacturerItemDescription>עגבניה</ManufacturerItemDescription><SoldByWeight/><Quantity>500.00</Quantity><UnitOfMeasure>גרם     </UnitOfMeasure><QtyInPackage>לא ידוע</QtyInPackage><UnitOfMeasurePrice>0.0099</UnitOfMeasurePrice><AllowDiscount>1</AllowDiscount><ItemStatus>1</ItemStatus><ItemPrice>4.94</ItemPrice></item><item><PriceUpdateDate>2016-05-20 07:08:12</PriceUpdateDate><ItemCode>7290000022222</ItemCode><ItemType>1</ItemType><ItemName>חלה</ItemName><ManufacturerName>אנג'ל</ManufacturerName><ManufactureCountry>ישראל</ManufactureCountry><ManufacturerItemDescription>עגבניה</ManufacturerItemDescription><SoldByWeight/><Quantity>500.00</Quantity><UnitOfMeasure>גרם     </UnitOfMeasure><QtyInPackage>לא ידוע</QtyInPackage><UnitOfMeasurePrice>0.0099</UnitOfMeasurePrice><AllowDiscount>1</AllowDiscount><ItemStatus>1</ItemStatus><ItemPrice>4.94</ItemPrice></item><item><PriceUpdateDate>2016-06-27 19:05:35</PriceUpdateDate><ItemCode>7290000023816</ItemCode><ItemType>1</ItemType><ItemName>יין קלאסיק אמרלד ריז</ItemName><ManufacturerName>ברקן קלאסיק</ManufacturerName><ManufactureCountry>ישראל</ManufactureCountry><ManufacturerItemDescription>יין קלאסיק אמרלד ריזלינג</ManufacturerItemDescription><SoldByWeight/><Quantity>750.00</Quantity><UnitOfMeasure>מ"ל</UnitOfMeasure><QtyInPackage>לא ידוע</QtyInPackage><UnitOfMeasurePrice>0.0492</UnitOfMeasurePrice><AllowDiscount>1</AllowDiscount><ItemStatus>1</ItemStatus><ItemPrice>36.90</ItemPrice></item><item><PriceUpdateDate>2015-11-17 07:38:29</PriceUpdateDate><ItemCode>7290000034256</ItemCode><ItemType>1</ItemType><ItemName>עוגיות תירוש 175 גרם</ItemName><ManufacturerName>הדר</ManufacturerName><ManufactureCountry>ישראל</ManufactureCountry><ManufacturerItemDescription>עוגיות תירוש175 גר</ManufacturerItemDescription><SoldByWeight/><Quantity>175.00</Quantity><UnitOfMeasure>גרם     </UnitOfMeasure><QtyInPackage>לא ידוע</QtyInPackage><UnitOfMeasurePrice>0.0520</UnitOfMeasurePrice><AllowDiscount>1</AllowDiscount><ItemStatus>1</ItemStatus><ItemPrice>9.10</ItemPrice></item><item><PriceUpdateDate>2016-06-13 06:38:04</PriceUpdateDate><ItemCode>7290000040042</ItemCode><ItemType>1</ItemType><ItemName>יופלה תות 3% 150 גרם</ItemName><ManufacturerName>יופלה</ManufacturerName><ManufactureCountry>ישראל</ManufactureCountry><ManufacturerItemDescription>יופלה תות 150 3% מל</ManufacturerItemDescription><SoldByWeight/><Quantity>150.00</Quantity><UnitOfMeasure>גרם     </UnitOfMeasure><QtyInPackage>לא ידוע</QtyInPackage><UnitOfMeasurePrice>0.0327</UnitOfMeasurePrice><AllowDiscount>1</AllowDiscount><ItemStatus>1</ItemStatus><ItemPrice>4.90</ItemPrice></item><item><PriceUpdateDate>2016-02-16 10:18:31</PriceUpdateDate><ItemCode>7290000040974</ItemCode><ItemType>1</ItemType><ItemName>חלב טרי דל לקטוז 2%</ItemName><ManufacturerName>חלב תנובה</ManufacturerName><ManufactureCountry>ישראל</ManufactureCountry><ManufacturerItemDescription>חלב דל לקטוז 1 ל</ManufacturerItemDescription><SoldByWeight/><Quantity>1000.00</Quantity><UnitOfMeasure>מ"ל</UnitOfMeasure><QtyInPackage>לא ידוע</QtyInPackage><UnitOfMeasurePrice>0.0074</UnitOfMeasurePrice><AllowDiscount>1</AllowDiscount><ItemStatus>1</ItemStatus><ItemPrice>7.40</ItemPrice></item><item><PriceUpdateDate>2015-10-01 00:27:06</PriceUpdateDate><ItemCode>7290000041445</ItemCode><ItemType>1</ItemType><ItemName>קוטג' 5% בדצ 250 גרם</ItemName><ManufacturerName>קוטג תנובה</ManufacturerName><ManufactureCountry>ישראל</ManufactureCountry><ManufacturerItemDescription>קוטג250 5% גר.מהדרין</ManufacturerItemDescription><SoldByWeight/><Quantity>250.00</Quantity><UnitOfMeasure>גרם     </UnitOfMeasure><QtyInPackage>לא ידוע</QtyInPackage><UnitOfMeasurePrice>0.0228</UnitOfMeasurePrice><AllowDiscount>1</AllowDiscount><ItemStatus>1</ItemStatus><ItemPrice>5.70</ItemPrice></item><item><PriceUpdateDate>2015-10-13 09:48:03</PriceUpdateDate><ItemCode>7290000041858</ItemCode><ItemType>1</ItemType><ItemName>שמנת מועשרת 15% יטבת</ItemName><ManufacturerName>יטבתה</ManufacturerName><ManufactureCountry>ישראל</ManufactureCountry><ManufacturerItemDescription>שמנת יטבתה 200 מעושרת  פי</ManufacturerItemDescription><SoldByWeight/><Quantity>200.00</Quantity><UnitOfMeasure>מ"ל</UnitOfMeasure><QtyInPackage>לא ידוע</QtyInPackage><UnitOfMeasurePrice>0.0135</UnitOfMeasurePrice><AllowDiscount>1</AllowDiscount><ItemStatus>1</ItemStatus><ItemPrice>2.70</ItemPrice></item><item><PriceUpdateDate>2015-10-22 09:58:47</PriceUpdateDate><ItemCode>7290000041865</ItemCode><ItemType>1</ItemType><ItemName>לבן מועשר 4.5% יטבתה</ItemName><ManufacturerName>יטבתה</ManufacturerName><ManufactureCountry>ישראל</ManufactureCountry><ManufacturerItemDescription>לבן 4.5% יוטבתה 200 גרם</ManufacturerItemDescription><SoldByWeight/><Quantity>200.00</Quantity><UnitOfMeasure>מ"ל</UnitOfMeasure><QtyInPackage>לא ידוע</QtyInPackage><UnitOfMeasurePrice>0.0110</UnitOfMeasurePrice><AllowDiscount>1</AllowDiscount><ItemStatus>1</ItemStatus><ItemPrice>2.20</ItemPrice></item><item><PriceUpdateDate>2016-02-11 07:49:23</PriceUpdateDate><ItemCode>7290000042008</ItemCode><ItemType>1</ItemType><ItemName>חלב 3% בשקית 1 ליטר</ItemName><ManufacturerName>חלב תנובה</ManufacturerName><ManufactureCountry>ישראל</ManufactureCountry><ManufacturerItemDescription>חלב1 3% ל.שקית פיקוח</ManufacturerItemDescription><SoldByWeight/><Quantity>1000.00</Quantity><UnitOfMeasure>מ"ל</UnitOfMeasure><QtyInPackage>לא ידוע</QtyInPackage><UnitOfMeasurePrice>0.0050</UnitOfMeasurePrice><AllowDiscount>1</AllowDiscount><ItemStatus>1</ItemStatus><ItemPrice>5.00</ItemPrice></item><item><PriceUpdateDate>2016-02-11 07:49:23</PriceUpdateDate><ItemCode>7290000042015</ItemCode><ItemType>1</ItemType><ItemName>חלב 3% בדץ בשקית 1 ל</ItemName><ManufacturerName>חלב תנובה</ManufacturerName><ManufactureCountry>ישראל</ManufactureCountry><ManufacturerItemDescription>חלב1 3% ל.שקית בדץ פיקוח</ManufacturerItemDescription><SoldByWeight/><Quantity>1000.00</Quantity><UnitOfMeasure>מ"ל</UnitOfMeasure><QtyInPackage>לא ידוע</QtyInPackage><UnitOfMeasurePrice>0.0050</UnitOfMeasurePrice><AllowDiscount>1</AllowDiscount><ItemStatus>1</ItemStatus><ItemPrice>5.00</ItemPrice></item><item><PriceUpdateDate>2016-02-14 08:36:12</PriceUpdateDate><ItemCode>7290000042022</ItemCode><ItemType>1</ItemType><ItemName>חלב על הבוקר 1% מועש</ItemName><ManufacturerName>חלב תנובה</ManufacturerName><ManufactureCountry>ישראל</ManufactureCountry><ManufacturerItemDescription>חלב 1% על הבוקר קרטון+פקק</ManufacturerItemDescription><SoldByWeight/><Quantity>1000.00</Quantity><UnitOfMeasure>מ"ל</UnitOfMeasure><QtyInPackage>לא ידוע</QtyInPackage><UnitOfMeasurePrice>0.0089</UnitOfMeasurePrice><AllowDiscount>1</AllowDiscount><ItemStatus>1</ItemStatus><ItemPrice>8.90</ItemPrice></item><item><PriceUpdateDate>2016-04-24 07:45:01</PriceUpdateDate><ItemCode>7290000042176</ItemCode><ItemType>1</ItemType><ItemName>חלב כד 1% שומן 2 ליט</ItemName><ManufacturerName>חלב תנובה</ManufacturerName><ManufactureCountry>ישראל</ManufactureCountry><ManufacturerItemDescription>חלב2 1% ל.בכד</ManufacturerItemDescription><SoldByWeight/><Quantity>2000.00</Quantity><UnitOfMeasure>מ"ל</UnitOfMeasure><QtyInPackage>לא ידוע</QtyInPackage><UnitOfMeasurePrice>0.0054</UnitOfMeasurePrice><AllowDiscount>1</AllowDiscount><ItemStatus>1</ItemStatus><ItemPrice>10.80</ItemPrice></item><item><PriceUpdateDate>2016-04-24 07:45:01</PriceUpdateDate><ItemCode>7290000042244</ItemCode><ItemType>1</ItemType><ItemName>חלב כד 3% 2 ליטר</ItemName><ManufacturerName>חלב תנובה</ManufacturerName><ManufactureCountry>ישראל</ManufactureCountry><ManufacturerItemDescription>חלב 2 3% ליטר בכד</ManufacturerItemDescription><SoldByWeight/><Quantity>2000.00</Quantity><UnitOfMeasure>מ"ל</UnitOfMeasure><QtyInPackage>לא ידוע</QtyInPackage><UnitOfMeasurePrice>0.0058</UnitOfMeasurePrice><AllowDiscount>1</AllowDiscount><ItemStatus>1</ItemStatus><ItemPrice>11.50</ItemPrice></item><item><PriceUpdateDate>2015-10-13 09:48:03</PriceUpdateDate><ItemCode>7290000042404</ItemCode><ItemType>1</ItemType><ItemName>חלב מועשר יטבתה 3% ב</ItemName><ManufacturerName>יטבתה</ManufacturerName><ManufactureCountry>ישראל</ManufactureCountry><ManufacturerItemDescription>חלב1 3% ל.שקית מועשר יוטב</ManufacturerItemDescription><SoldByWeight/><Quantity>1000.00</Quantity><UnitOfMeasure>מ"ל</UnitOfMeasure><QtyInPackage>לא ידוע</QtyInPackage><UnitOfMeasurePrice>0.0065</UnitOfMeasurePrice><AllowDiscount>1</AllowDiscount><ItemStatus>1</ItemStatus><ItemPrice>6.50</ItemPrice></item><item><PriceUpdateDate>2016-05-15 07:09:26</PriceUpdateDate><ItemCode>7290000042435</ItemCode><ItemType>1</ItemType><ItemName>חלב 1% בקרטון 1 ליטר</ItemName><ManufacturerName>חלב תנובה</ManufacturerName><ManufactureCountry>ישראל</ManufactureCountry><ManufacturerItemDescription>חלב1 1% ל.קרטון פיקוח</ManufacturerItemDescription><SoldByWeight/><Quantity>1000.00</Quantity><UnitOfMeasure>מ"ל</UnitOfMeasure><QtyInPackage>לא ידוע</QtyInPackage><UnitOfMeasurePrice>0.0054</UnitOfMeasurePrice><AllowDiscount>1</AllowDiscount><ItemStatus>1</ItemStatus><ItemPrice>5.40</ItemPrice></item><item><PriceUpdateDate>2016-05-15 07:09:26</PriceUpdateDate><ItemCode>7290000042442</ItemCode><ItemType>1</ItemType><ItemName>חלב 3% בקרטון 1 ליטר</ItemName><ManufacturerName>חלב תנובה</ManufacturerName><ManufactureCountry>ישראל</ManufactureCountry><ManufacturerItemDescription>חלב1 3% ל.קרטון+פקק פיקוח</ManufacturerItemDescription><SoldByWeight/><Quantity>1000.00</Quantity><UnitOfMeasure>מ"ל</UnitOfMeasure><QtyInPackage>לא ידוע</QtyInPackage><UnitOfMeasurePrice>0.0058</UnitOfMeasurePrice><AllowDiscount>1</AllowDiscount><ItemStatus>1</ItemStatus><ItemPrice>5.75</ItemPrice></item><item><PriceUpdateDate>2016-02-14 08:36:12</PriceUpdateDate><ItemCode>7290000042466</ItemCode><ItemType>1</ItemType><ItemName>חלב 1% מועשר בחלבוני</ItemName><ManufacturerName>חלב תנובה</ManufacturerName><ManufactureCountry>ישראל</ManufactureCountry><ManufacturerItemDescription>חלב 1% מועשר קרטון+פקק1 ל</ManufacturerItemDescription><SoldByWeight/><Quantity>1000.00</Quantity><UnitOfMeasure>מ"ל</UnitOfMeasure><QtyInPackage>לא ידוע</QtyInPackage><UnitOfMeasurePrice>0.0089</UnitOfMeasurePrice><AllowDiscount>1</AllowDiscount><ItemStatus>1</ItemStatus><ItemPrice>8.90</ItemPrice></item><item><PriceUpdateDate>2016-06-06 06:49:25</PriceUpdateDate><ItemCode>7290000042503</ItemCode><ItemType>1</ItemType><ItemName>חלב עמיד 3% בקרטון 1</ItemName><ManufacturerName>חלב תנובה</ManufacturerName><ManufactureCountry>ישראל</ManufactureCountry><ManufacturerItemDescription>חלב עמיד1 ל 3% .קרטון</ManufacturerItemDescription><SoldByWeight/><Quantity>1000.00</Quantity><UnitOfMeasure>מ"ל</UnitOfMeasure><QtyInPackage>לא ידוע</QtyInPackage><UnitOfMeasurePrice>0.0069</UnitOfMeasurePrice><AllowDiscount>1</AllowDiscount><ItemStatus>1</ItemStatus><ItemPrice>6.90</ItemPrice></item><item><PriceUpdateDate>2015-10-22 09:58:47</PriceUpdateDate><ItemCode>7290000042640</ItemCode><ItemType>1</ItemType><ItemName>חלב עמיד3% 250 מ''ל</ItemName><ManufacturerName>חלב תנובה</ManufacturerName><ManufactureCountry>ישראל</ManufactureCountry><ManufacturerItemDescription>חלב עמיד 250 מל</ManufacturerItemDescription><SoldByWeight/><Quantity>250.00</Quantity><UnitOfMeasure>מ"ל</UnitOfMeasure><QtyInPackage>לא ידוע</QtyInPackage><UnitOfMeasurePrice>0.0112</UnitOfMeasurePrice><AllowDiscount>1</AllowDiscount><ItemStatus>1</ItemStatus><ItemPrice>2.80</ItemPrice></item><item><PriceUpdateDate>2015-10-13 09:48:03</PriceUpdateDate><ItemCode>7290000042855</ItemCode><ItemType>1</ItemType><ItemName>שוקו יטבתה שקית 225</ItemName><ManufacturerName>יטבתה</ManufacturerName><ManufactureCountry>ישראל</ManufactureCountry><ManufacturerItemDescription>שוקו בשקית 225 מל.יוטבתה</ManufacturerItemDescription><SoldByWeight/><Quantity>225.00</Quantity><UnitOfMeasure>מ"ל</UnitOfMeasure><QtyInPackage>לא ידוע</QtyInPackage><UnitOfMeasurePrice>0.0120</UnitOfMeasurePrice><AllowDiscount>1</AllowDiscount><ItemStatus>1</ItemStatus><ItemPrice>2.70</ItemPrice></item><item><PriceUpdateDate>2015-11-12 11:29:31</PriceUpdateDate><ItemCode>7290000043012</ItemCode><ItemType>1</ItemType><ItemName>שוקו עמיד 250 גרם</ItemName><ManufacturerName>שוק</ManufacturerName><ManufactureCountry>ישראל</ManufactureCountry><ManufacturerItemDescription>שוקו עמיד 250 מל.בקרטון</ManufacturerItemDescription><SoldByWeight/><Quantity>250.00</Quantity><UnitOfMeasure>מ"ל</UnitOfMeasure><QtyInPackage>לא ידוע</QtyInPackage><UnitOfMeasurePrice>0.0196</UnitOfMeasurePrice><AllowDiscount>1</AllowDiscount><ItemStatus>1</ItemStatus><ItemPrice>4.90</ItemPrice></item><item><PriceUpdateDate>2016-02-11 07:49:23</PriceUpdateDate><ItemCode>7290000043111</ItemCode><ItemType>1</ItemType><ItemName>חמאה מפוסטרת חבילה 2</ItemName><ManufacturerName>תנובה</ManufacturerName><ManufactureCountry>ישראל</ManufactureCountry><ManufacturerItemDescription>חמאה 200 גרם פיקוח</ManufacturerItemDescription><SoldByWeight/><Quantity>200.00</Quantity><UnitOfMeasure>גרם     </UnitOfMeasure><QtyInPackage>לא ידוע</QtyInPackage><UnitOfMeasurePrice>0.0380</UnitOfMeasurePrice><AllowDiscount>1</AllowDiscount><ItemStatus>1</ItemStatus><ItemPrice>7.60</ItemPrice></item><item><PriceUpdateDate>2015-10-13 09:48:03</PriceUpdateDate><ItemCode>7290000043159</ItemCode><ItemType>1</ItemType><ItemName>חמאה מלוחה 200 גרם</ItemName><ManufacturerName>חמאת תנובה</ManufacturerName><ManufactureCountry>ישראל</ManufactureCountry><ManufacturerItemDescription>חמאה מלוחה200 ג</ManufacturerItemDescription><SoldByWeight/><Quantity>200.00</Quantity><UnitOfMeasure>גרם     </UnitOfMeasure><QtyInPackage>לא ידוע</QtyInPackage><UnitOfMeasurePrice>0.0485</UnitOfMeasurePrice><AllowDiscount>1</AllowDiscount><ItemStatus>1</ItemStatus><ItemPrice>9.70</ItemPrice></item><item><PriceUpdateDate>2016-02-11 07:49:23</PriceUpdateDate><ItemCode>7290000043814</ItemCode><ItemType>1</ItemType><ItemName>שמנת עמידה לקצפת 38%</ItemName><ManufacturerName>שף לבן</ManufacturerName><ManufactureCountry>ישראל</ManufactureCountry><ManufacturerItemDescription>שמנת מתוקה עמידה</ManufacturerItemDescription><SoldByWeight/><Quantity>250.00</Quantity><UnitOfMeasure>מ"ל</UnitOfMeasure><QtyInPackage>לא ידוע</QtyInPackage><UnitOfMeasurePrice>0.0238</UnitOfMeasurePrice><AllowDiscount>1</AllowDiscount><ItemStatus>1</ItemStatus><ItemPrice>5.95</ItemPrice></item><item><PriceUpdateDate>2016-02-15 10:07:47</PriceUpdateDate><ItemCode>7290000043890</ItemCode><ItemType>1</ItemType><ItemName>ריוויון 1.5% שומן 1</ItemName><ManufacturerName>ריויון</ManufacturerName><ManufactureCountry>ישראל</ManufactureCountry><ManufacturerItemDescription>רויון 1 ליטר בקרטון</ManufacturerItemDescription><SoldByWeight/><Quantity>1000.00</Quantity><UnitOfMeasure>מ"ל</UnitOfMeasure><QtyInPackage>לא ידוע</QtyInPackage><UnitOfMeasurePrice>0.0117</UnitOfMeasurePrice><AllowDiscount>1</AllowDiscount><ItemStatus>1</ItemStatus><ItemPrice>11.70</ItemPrice></item><item><PriceUpdateDate>2015-11-12 11:29:31</PriceUpdateDate><ItemCode>7290000044088</ItemCode><ItemType>1</ItemType><ItemName>שלי3% שומן 200 מ"ל</ItemName><ManufacturerName>שלי</ManufacturerName><ManufactureCountry>ישראל</ManufactureCountry><ManufacturerItemDescription>שלי3% שומן 200 מ"ל</ManufacturerItemDescription><SoldByWeight/><Quantity>200.00</Quantity><UnitOfMeasure>מ"ל</UnitOfMeasure><QtyInPackage>לא ידוע</QtyInPackage><UnitOfMeasurePrice>0.0160</UnitOfMeasurePrice><AllowDiscount>1</AllowDiscount><ItemStatus>1</ItemStatus><ItemPrice>3.20</ItemPrice></item><item><PriceUpdateDate>2015-01-27 06:47:13</PriceUpdateDate><ItemCode>7290000044231</ItemCode><ItemType>1</ItemType><ItemName>יוגורט דנובה 500 גרם</ItemName><ManufacturerName>דנובה</ManufacturerName><ManufactureCountry>ישראל</ManufactureCountry><ManufacturerItemDescription>יוגורט דנובה 500 גרם</ManufacturerItemDescription><SoldByWeight/><Quantity>500.00</Quantity><UnitOfMeasure>מ"ל</UnitOfMeasure><QtyInPackage>לא ידוע</QtyInPackage><UnitOfMeasurePrice>0.0166</UnitOfMeasurePrice><AllowDiscount>1</AllowDiscount><ItemStatus>1</ItemStatus><ItemPrice>8.30</ItemPrice></item><item><PriceUpdateDate>2015-10-22 09:58:47</PriceUpdateDate><ItemCode>7290000044248</ItemCode><ItemType>1</ItemType><ItemName>ריויון חצי ליטר</ItemName><ManufacturerName>ריויון</ManufacturerName><ManufactureCountry>ישראל</ManufactureCountry><ManufacturerItemDescription>רויון500 מל .קרטון</ManufacturerItemDescription><SoldByWeight/><Quantity>500.00</Quantity><UnitOfMeasure>מ"ל</UnitOfMeasure><QtyInPackage>לא ידוע</QtyInPackage><UnitOfMeasurePrice>0.0136</UnitOfMeasurePrice><AllowDiscount>1</AllowDiscount><ItemStatus>1</ItemStatus><ItemPrice>6.80</ItemPrice></item><item><PriceUpdateDate>2016-06-27 19:05:35</PriceUpdateDate><ItemCode>7290000044712</ItemCode><ItemType>1</ItemType><ItemName>פרילי תות 500 מ''ל</ItemName><ManufacturerName>פרילי</ManufacturerName><ManufactureCountry>ישראל</ManufactureCountry><ManufacturerItemDescription>פרילי תות500 מל</ManufacturerItemDescription><SoldByWeight/><Quantity>500.00</Quantity><UnitOfMeasure>מ"ל</UnitOfMeasure><QtyInPackage>לא ידוע</QtyInPackage><UnitOfMeasurePrice>0.0218</UnitOfMeasurePrice><AllowDiscount>1</AllowDiscount><ItemStatus>1</ItemStatus><ItemPrice>10.90</ItemPrice></item><item><PriceUpdateDate>2016-05-31 09:30:46</PriceUpdateDate><ItemCode>7290000044880</ItemCode><ItemType>1</ItemType><ItemName>מעדן באדי תות 500 גר</ItemName><ManufacturerName>באדי</ManufacturerName><ManufactureCountry>ישראל</ManufactureCountry><ManufacturerItemDescription>באדי תות 500 3% מל</ManufacturerItemDescription><SoldByWeight/><Quantity>500.00</Quantity><UnitOfMeasure>גרם     </UnitOfMeasure><QtyInPackage>לא ידוע</QtyInPackage><UnitOfMeasurePrice>0.0196</UnitOfMeasurePrice><AllowDiscount>1</AllowDiscount><ItemStatus>1</ItemStatus><ItemPrice>9.80</ItemPrice></item><item><PriceUpdateDate>2016-05-31 09:30:46</PriceUpdateDate><ItemCode>7290000045573</ItemCode><ItemType>1</ItemType><ItemName>גבינת נעמה 200 גרם</ItemName><ManufacturerName>נעמה</ManufacturerName><ManufactureCountry>ישראל</ManufactureCountry><ManufacturerItemDescription>גבינה מותכת נעמה 200 גרם</ManufacturerItemDescription><SoldByWeight/><Quantity>200.00</Quantity><UnitOfMeasure>גרם     </UnitOfMeasure><QtyInPackage>לא ידוע</QtyInPackage><UnitOfMeasurePrice>0.0740</UnitOfMeasurePrice><AllowDiscount>1</AllowDiscount><ItemStatus>1</ItemStatus><ItemPrice>14.80</ItemPrice></item><item><PriceUpdateDate>2016-05-31 09:30:46</PriceUpdateDate><ItemCode>7290000045580</ItemCode><ItemType>1</ItemType><ItemName>גבינת חורש 240 גרם</ItemName><ManufacturerName>נעמה</ManufacturerName><ManufactureCountry>ישראל</ManufactureCountry><ManufacturerItemDescription>גבינה מותכת חורש 240 גרם</ManufacturerItemDescription><SoldByWeight/><Quantity>240.00</Quantity><UnitOfMeasure>גרם     </UnitOfMeasure><QtyInPackage>לא ידוע</QtyInPackage><UnitOfMeasurePrice>0.0746</UnitOfMeasurePrice><AllowDiscount>1</AllowDiscount><ItemStatus>1</ItemStatus><ItemPrice>17.90</ItemPrice></item><item><PriceUpdateDate>2016-08-16 08:54:47</PriceUpdateDate><ItemCode>7290000045917</ItemCode><ItemType>1</ItemType><ItemName>מב גבינת קולאז עיזים</ItemName><ManufacturerName>גבינות תנובה</ManufacturerName><ManufactureCountry>ישראל</ManufactureCountry><ManufacturerItemDescription>גבינהצאן פרומעז גלילית 20</ManufacturerItemDescription><SoldByWeight/><Quantity>200.00</Quantity><UnitOfMeasure>גרם     </UnitOfMeasure><QtyInPackage>לא ידוע</QtyInPackage><UnitOfMeasurePrice>0.0995</UnitOfMeasurePrice><AllowDiscount>1</AllowDiscount><ItemStatus>1</ItemStatus><ItemPrice>19.90</ItemPrice></item><item><PriceUpdateDate>2016-06-06 06:49:25</PriceUpdateDate><ItemCode>7290000046327</ItemCode><ItemType>1</ItemType><ItemName>צהובה גלבוע 22% פרוס</ItemName><ManufacturerName>גלבוע</ManufacturerName><ManufactureCountry>ישראל</ManufactureCountry><ManufacturerItemDescription>גבינהקשה גלבוע פרוס200גר</ManufacturerItemDescription><SoldByWeight/><Quantity>200.00</Quantity><UnitOfMeasure>גרם     </UnitOfMeasure><QtyInPackage>לא ידוע</QtyInPackage><UnitOfMeasurePrice>0.0645</UnitOfMeasurePrice><AllowDiscount>1</AllowDiscount><ItemStatus>1</ItemStatus><ItemPrice>12.90</ItemPrice></item><item><PriceUpdateDate>2015-10-13 09:48:03</PriceUpdateDate><ItemCode>7290000047546</ItemCode><ItemType>1</ItemType><ItemName>גבינת כנען כחושה 5%</ItemName><ManufacturerName>שף לבן</ManufacturerName><ManufactureCountry>ישראל</ManufactureCountry><ManufacturerItemDescription>גבינת כנען כחושה 5%</ManufacturerItemDescription><SoldByWeight/><Quantity>500.00</Quantity><UnitOfMeasure>גרם     </UnitOfMeasure><QtyInPackage>לא ידוע</QtyInPackage><UnitOfMeasurePrice>0.0470</UnitOfMeasurePrice><AllowDiscount>1</AllowDiscount><ItemStatus>1</ItemStatus><ItemPrice>23.50</ItemPrice></item><item><PriceUpdateDate>2016-08-10 11:21:59</PriceUpdateDate><ItemCode>7290000047942</ItemCode><ItemType>1</ItemType><ItemName>מב גבינה לבנה 9% בד'</ItemName><ManufacturerName>גבינות תנובה</ManufacturerName><ManufactureCountry>ישראל</ManufactureCountry><ManufacturerItemDescription>מב גבינה לבנה 9% בד'</ManufacturerItemDescription><SoldByWeight/><Quantity>250.00</Quantity><UnitOfMeasure>גרם     </UnitOfMeasure><QtyInPackage>לא ידוע</QtyInPackage><UnitOfMeasurePrice>0.0160</UnitOfMeasurePrice><AllowDiscount>1</AllowDiscount><ItemStatus>1</ItemStatus><ItemPrice>4.00</ItemPrice></item><item><PriceUpdateDate>2016-08-10 11:21:59</PriceUpdateDate><ItemCode>7290000048185</ItemCode><ItemType>1</ItemType><ItemName>מב גבינה 5% 250 גרם</ItemName><ManufacturerName>גבינות תנובה</ManufacturerName><ManufactureCountry>ישראל</ManufactureCountry><ManufacturerItemDescription>גבינה למריחה 250 5%גרם גב</ManufacturerItemDescription><SoldByWeight/><Quantity>250.00</Quantity><UnitOfMeasure>גרם     </UnitOfMeasure><QtyInPackage>לא ידוע</QtyInPackage><UnitOfMeasurePrice>0.0160</UnitOfMeasurePrice><AllowDiscount>1</AllowDiscount><ItemStatus>1</ItemStatus><ItemPrice>4.00</ItemPrice></item><item><PriceUpdateDate>2015-10-22 09:58:47</PriceUpdateDate><ItemCode>7290000048307</ItemCode><ItemType>1</ItemType><ItemName>גבינת קוטג 5% עם זית</ItemName><ManufacturerName>קוטג תנובה</ManufacturerName><ManufactureCountry>ישראל</ManufactureCountry><ManufacturerItemDescription>קוטג 5%זיתים 250 גר</ManufacturerItemDescription><SoldByWeight/><Quantity>250.00</Quantity><UnitOfMeasure>גרם     </UnitOfMeasure><QtyInPackage>לא ידוע</QtyInPackage><UnitOfMeasurePrice>0.0248</UnitOfMeasurePrice><AllowDiscount>1</AllowDiscount><ItemStatus>1</ItemStatus><ItemPrice>6.20</ItemPrice></item><item><PriceUpdateDate>2016-08-10 11:21:40</PriceUpdateDate><ItemCode>7290000048413</ItemCode><ItemType>1</ItemType><ItemName>גבינת חמד פיראוס 250</ItemName><ManufacturerName>פיראוס</ManufacturerName><ManufactureCountry>ישראל</ManufactureCountry><ManufacturerItemDescription>גבינה חמד פיראוס בשקיות25</ManufacturerItemDescription><SoldByWeight/><Quantity>250.00</Quantity><UnitOfMeasure>גרם     </UnitOfMeasure><QtyInPackage>לא ידוע</QtyInPackage><UnitOfMeasurePrice>0.0756</UnitOfMeasurePrice><AllowDiscount>1</AllowDiscount><ItemStatus>1</ItemStatus><ItemPrice>18.90</ItemPrice></item><item><PriceUpdateDate>2016-08-02 06:31:10</PriceUpdateDate><ItemCode>7290000048437</ItemCode><ItemType>1</ItemType><ItemName>גבינה צפתית 5%שומן 2</ItemName><ManufacturerName>פיראוס</ManufacturerName><ManufactureCountry>ישראל</ManufactureCountry><ManufacturerItemDescription>גבינה צפתית 5% פיראוס200</ManufacturerItemDescription><SoldByWeight/><Quantity>200.00</Quantity><UnitOfMeasure>גרם     </UnitOfMeasure><QtyInPackage>לא ידוע</QtyInPackage><UnitOfMeasurePrice>0.0800</UnitOfMeasurePrice><AllowDiscount>1</AllowDiscount><ItemStatus>1</ItemStatus><ItemPrice>16.00</ItemPrice></item><item><PriceUpdateDate>2015-11-12 11:29:31</PriceUpdateDate><ItemCode>7290000050270</ItemCode><ItemType>1</ItemType><ItemName>פיראוס צפתית עיזים -</ItemName><ManufacturerName>פיראוס</ManufacturerName><ManufactureCountry>ישראל</ManufactureCountry><ManufacturerItemDescription>פיראוס צפתית עיזים -</ManufacturerItemDescription><SoldByWeight/><Quantity>200.00</Quantity><UnitOfMeasure>גרם     </UnitOfMeasure><QtyInPackage>לא ידוע</QtyInPackage><UnitOfMeasurePrice>0.0980</UnitOfMeasurePrice><AllowDiscount>1</AllowDiscount><ItemStatus>1</ItemStatus><ItemPrice>19.60</ItemPrice></item><item><PriceUpdateDate>2016-08-17 08:12:06</PriceUpdateDate><ItemCode>7290000050447</ItemCode><ItemType>1</ItemType><ItemName>מב יופלה תות 500 גרם</ItemName><ManufacturerName>יופלה</ManufacturerName><ManufactureCountry>ישראל</ManufactureCountry><ManufacturerItemDescription>יופלה תות 500 גרם</ManufacturerItemDescription><SoldByWeight/><Quantity>500.00</Quantity><UnitOfMeasure>גרם     </UnitOfMeasure><QtyInPackage>לא ידוע</QtyInPackage><UnitOfMeasurePrice>0.0218</UnitOfMeasurePrice><AllowDiscount>1</AllowDiscount><ItemStatus>1</ItemStatus><ItemPrice>10.90</ItemPrice></item><item><PriceUpdateDate>2016-08-17 08:12:06</PriceUpdateDate><ItemCode>7290000051307</ItemCode><ItemType>1</ItemType><ItemName>מב מארז הפסקת אוכל ד</ItemName><ManufacturerName>חלב תנובה</ManufacturerName><ManufactureCountry>ישראל</ManufactureCountry><ManufacturerItemDescription>מב מארז הפסקת אוכל ד</ManufacturerItemDescription><SoldByWeight/><Quantity>150.00</Quantity><UnitOfMeasure>מ"ל</UnitOfMeasure><QtyInPackage>לא ידוע</QtyInPackage><UnitOfMeasurePrice>0.0460</UnitOfMeasurePrice><AllowDiscount>1</AllowDiscount><ItemStatus>1</ItemStatus><ItemPrice>6.90</ItemPrice></item><item><PriceUpdateDate>2016-05-01 07:23:05</PriceUpdateDate><ItemCode>7290000051710</ItemCode><ItemType>1</ItemType><ItemName>גבינת לאבנה פיראוס ע</ItemName><ManufacturerName>פיראוס</ManufacturerName><ManufactureCountry>ישראל</ManufactureCountry><ManufacturerItemDescription>גבינת לאבנה פיראוס ע</ManufacturerItemDescription><SoldByWeight/><Quantity>263.00</Quantity><UnitOfMeasure>גרם     </UnitOfMeasure><QtyInPackage>לא ידוע</QtyInPackage><UnitOfMeasurePrice>0.0529</UnitOfMeasurePrice><AllowDiscount>1</AllowDiscount><ItemStatus>1</ItemStatus><ItemPrice>13.90</ItemPrice></item><item><PriceUpdateDate>2016-08-17 08:12:06</PriceUpdateDate><ItemCode>7290000052250</ItemCode><ItemType>1</ItemType><ItemName>מב יופלה YYY פירות י</ItemName><ManufacturerName>יופלה</ManufacturerName><ManufactureCountry>ישראל</ManufactureCountry><ManufacturerItemDescription>יופלה YYY פירות יער 500 3</ManufacturerItemDescription><SoldByWeight/><Quantity>500.00</Quantity><UnitOfMeasure>מ"ל</UnitOfMeasure><QtyInPackage>לא ידוע</QtyInPackage><UnitOfMeasurePrice>0.0218</UnitOfMeasurePrice><AllowDiscount>1</AllowDiscount><ItemStatus>1</ItemStatus><ItemPrice>10.90</ItemPrice></item><item><PriceUpdateDate>2016-08-02 06:31:10</PriceUpdateDate><ItemCode>7290000052298</ItemCode><ItemType>1</ItemType><ItemName>מב משקה מוקה 1 ליטר</ItemName><ManufacturerName>שוק</ManufacturerName><ManufactureCountry>ישראל</ManufactureCountry><ManufacturerItemDescription>מב משקה מוקה 1 ליטר</ManufacturerItemDescription><SoldByWeight/><Quantity>1.00</Quantity><UnitOfMeasure>ליטר    </UnitOfMeasure><QtyInPackage>לא ידוע</QtyInPackage><UnitOfMeasurePrice>9.0000</UnitOfMeasurePrice><AllowDiscount>1</AllowDiscount><ItemStatus>1</ItemStatus><ItemPrice>9.00</ItemPrice></item><item><PriceUpdateDate>2015-11-12 11:29:32</PriceUpdateDate><ItemCode>7290000052649</ItemCode><ItemType>1</ItemType><ItemName>לאבנה 5% 500 גר'</ItemName><ManufacturerName>פיראוס</ManufacturerName><ManufactureCountry>ישראל</ManufactureCountry><ManufacturerItemDescription>לאבנה 5% 500 גר'</ManufacturerItemDescription><SoldByWeight/><Quantity>500.00</Quantity><UnitOfMeasure>גרם     </UnitOfMeasure><QtyInPackage>לא ידוע</QtyInPackage><UnitOfMeasurePrice>0.0406</UnitOfMeasurePrice><AllowDiscount>1</AllowDiscount><ItemStatus>1</ItemStatus><ItemPrice>20.30</ItemPrice></item><item><PriceUpdateDate>2015-10-22 09:58:47</PriceUpdateDate><ItemCode>7290000052717</ItemCode><ItemType>1</ItemType><ItemName>קוטג' 5% עם שום שמיר</ItemName><ManufacturerName>קוטג תנובה</ManufacturerName><ManufactureCountry>ישראל</ManufactureCountry><ManufacturerItemDescription>קוטג 5% עם שום שמיר 250 ג</ManufacturerItemDescription><SoldByWeight/><Quantity>0.00</Quantity><UnitOfMeasure>גרם     </UnitOfMeasure><QtyInPackage>לא ידוע</QtyInPackage><UnitOfMeasurePrice>0.0000</UnitOfMeasurePrice><AllowDiscount>1</AllowDiscount><ItemStatus>1</ItemStatus><ItemPrice>6.20</ItemPrice></item><item><PriceUpdateDate>2015-10-13 09:48:03</PriceUpdateDate><ItemCode>7290000052946</ItemCode><ItemType>1</ItemType><ItemName>מאגדת יופלה לבן מעוד</ItemName><ManufacturerName>יופלה</ManufacturerName><ManufactureCountry>ישראל</ManufactureCountry><ManufacturerItemDescription>מאגדת יופלה לבן מעוד</ManufacturerItemDescription><SoldByWeight/><Quantity>1200.00</Quantity><UnitOfMeasure>גרם     </UnitOfMeasure><QtyInPackage>לא ידוע</QtyInPackage><UnitOfMeasurePrice>0.0182</UnitOfMeasurePrice><AllowDiscount>1</AllowDiscount><ItemStatus>1</ItemStatus><ItemPrice>21.80</ItemPrice></item><item><PriceUpdateDate>2015-10-22 09:58:48</PriceUpdateDate><ItemCode>7290000053271</ItemCode><ItemType>1</ItemType><ItemName>עמק עיזים 200 גרם</ItemName><ManufacturerName>עמק</ManufacturerName><ManufactureCountry>ישראל</ManufactureCountry><ManufacturerItemDescription>גבינה עמק עיזים 200 גרם</ManufacturerItemDescription><SoldByWeight/><Quantity>200.00</Quantity><UnitOfMeasure>גרם     </UnitOfMeasure><QtyInPackage>לא ידוע</QtyInPackage><UnitOfMeasurePrice>0.1020</UnitOfMeasurePrice><AllowDiscount>1</AllowDiscount><ItemStatus>1</ItemStatus><ItemPrice>20.40</ItemPrice></item><item><PriceUpdateDate>2016-03-01 06:24:24</PriceUpdateDate><ItemCode>7290000053981</ItemCode><ItemType>1</ItemType><ItemName>מארז יופלה פרי בד"ץ</ItemName><ManufacturerName>יופלה</ManufacturerName><ManufactureCountry>ישראל</ManufactureCountry><ManufacturerItemDescription>מארז יופלה פרי בד"ץ</ManufacturerItemDescription><SoldByWeight/><Quantity>0.00</Quantity><UnitOfMeasure>יח'</UnitOfMeasure><QtyInPackage>לא ידוע</QtyInPackage><UnitOfMeasurePrice>0.0000</UnitOfMeasurePrice><AllowDiscount>1</AllowDiscount><ItemStatus>1</ItemStatus><ItemPrice>28.50</ItemPrice></item><item><PriceUpdateDate>2015-10-22 09:58:48</PriceUpdateDate><ItemCode>7290000054742</ItemCode><ItemType>1</ItemType><ItemName>מאגדת רביעיית יופלה</ItemName><ManufacturerName>יופלה</ManufacturerName><ManufactureCountry>ישראל</ManufactureCountry><ManufacturerItemDescription>מאגדת רביעיית יופלה</ManufacturerItemDescription><SoldByWeight/><Quantity>680.00</Quantity><UnitOfMeasure>גרם     </UnitOfMeasure><QtyInPackage>לא ידוע</QtyInPackage><UnitOfMeasurePrice>0.0260</UnitOfMeasurePrice><AllowDiscount>1</AllowDiscount><ItemStatus>1</ItemStatus><ItemPrice>17.70</ItemPrice></item><item><PriceUpdateDate>2015-10-22 09:58:48</PriceUpdateDate><ItemCode>7290000055206</ItemCode><ItemType>1</ItemType><ItemName>גבינה לבנה בטעם בצל</ItemName><ManufacturerName>לא ממותג</ManufacturerName><ManufactureCountry>ישראל</ManufactureCountry><ManufacturerItemDescription>גבינה לבנה 5% בצל מטוגן 2</ManufacturerItemDescription><SoldByWeight/><Quantity>250.00</Quantity><UnitOfMeasure>גרם     </UnitOfMeasure><QtyInPackage>לא ידוע</QtyInPackage><UnitOfMeasurePrice>0.0228</UnitOfMeasurePrice><AllowDiscount>1</AllowDiscount><ItemStatus>1</ItemStatus><ItemPrice>5.70</ItemPrice></item><item><PriceUpdateDate>2016-08-02 06:31:10</PriceUpdateDate><ItemCode>7290000055329</ItemCode><ItemType>1</ItemType><ItemName>יופלה משקה יוגורט בט</ItemName><ManufacturerName>יופלה</ManufacturerName><ManufactureCountry>ישראל</ManufactureCountry><ManufacturerItemDescription>משקה יוגורט יופלה תות מלו</ManufacturerItemDescription><SoldByWeight/><Quantity>250.00</Quantity><UnitOfMeasure>גרם     </UnitOfMeasure><QtyInPackage>לא ידוע</QtyInPackage><UnitOfMeasurePrice>0.0220</UnitOfMeasurePrice><AllowDiscount>0</AllowDiscount><ItemStatus>1</ItemStatus><ItemPrice>5.50</ItemPrice></item><item><PriceUpdateDate>2016-08-02 06:31:10</PriceUpdateDate><ItemCode>7290000055336</ItemCode><ItemType>1</ItemType><ItemName>יופלה משקה יוגורט בנ</ItemName><ManufacturerName>יופלה</ManufacturerName><ManufactureCountry>ישראל</ManufactureCountry><ManufacturerItemDescription>משקה יוגורט יופלה בננה אפ</ManufacturerItemDescription><SoldByWeight/><Quantity>250.00</Quantity><UnitOfMeasure>גרם     </UnitOfMeasure><QtyInPackage>לא ידוע</QtyInPackage><UnitOfMeasurePrice>0.0220</UnitOfMeasurePrice><AllowDiscount>0</AllowDiscount><ItemStatus>1</ItemStatus><ItemPrice>5.50</ItemPrice></item><item><PriceUpdateDate>2016-08-02 06:31:11</PriceUpdateDate><ItemCode>7290000055343</ItemCode><ItemType>1</ItemType><ItemName>יופלה משקה יוגורט טר</ItemName><ManufacturerName>יופלה</ManufacturerName><ManufactureCountry>ישראל</ManufactureCountry><ManufacturerItemDescription>משקה יוגורט יופלה טרופי 2</ManufacturerItemDescription><SoldByWeight/><Quantity>250.00</Quantity><UnitOfMeasure>גרם     </UnitOfMeasure><QtyInPackage>לא ידוע</QtyInPackage><UnitOfMeasurePrice>0.0220</UnitOfMeasurePrice><AllowDiscount>0</AllowDiscount><ItemStatus>1</ItemStatus><ItemPrice>5.50</ItemPrice></item><item><PriceUpdateDate>2016-05-01 07:23:05</PriceUpdateDate><ItemCode>7290000056081</ItemCode><ItemType>1</ItemType><ItemName>מאגדת פרילי טבע 25%</ItemName><ManufacturerName>יופלה</ManufacturerName><ManufactureCountry>ישראל</ManufactureCountry><ManufacturerItemDescription>מאגדת פרילי טבע 25%</ManufacturerItemDescription><SoldByWeight/><Quantity>1200.00</Quantity><UnitOfMeasure>גרם     </UnitOfMeasure><QtyInPackage>לא ידוע</QtyInPackage><UnitOfMeasurePrice>0.0198</UnitOfMeasurePrice><AllowDiscount>1</AllowDiscount><ItemStatus>1</ItemStatus><ItemPrice>23.80</ItemPrice></item><item><PriceUpdateDate>2015-10-22 09:58:48</PriceUpdateDate><ItemCode>7290000056272</ItemCode><ItemType>1</ItemType><ItemName>גבינה לבנה עם זיתים</ItemName><ManufacturerName>לא ממותג</ManufacturerName><ManufactureCountry>ישראל</ManufactureCountry><ManufacturerItemDescription>גבינה לבנה 5% זיתים 250 ג</ManufacturerItemDescription><SoldByWeight/><Quantity>250.00</Quantity><UnitOfMeasure>גרם     </UnitOfMeasure><QtyInPackage>לא ידוע</QtyInPackage><UnitOfMeasurePrice>0.0228</UnitOfMeasurePrice><AllowDiscount>1</AllowDiscount><ItemStatus>1</ItemStatus><ItemPrice>5.70</ItemPrice></item><item><PriceUpdateDate>2016-08-10 11:21:59</PriceUpdateDate><ItemCode>7290000056845</ItemCode><ItemType>1</ItemType><ItemName>מב חלב הומוגני 3% 1.</ItemName><ManufacturerName>לא ממותג</ManufacturerName><ManufactureCountry>ישראל</ManufactureCountry><ManufacturerItemDescription>חלב 1.5 3% ליטר קרטו פיקו</ManufacturerItemDescription><SoldByWeight/><Quantity>2.00</Quantity><UnitOfMeasure>ליטר    </UnitOfMeasure><QtyInPackage>לא ידוע</QtyInPackage><UnitOfMeasurePrice>3.9500</UnitOfMeasurePrice><AllowDiscount>1</AllowDiscount><ItemStatus>1</ItemStatus><ItemPrice>7.90</ItemPrice></item><item><PriceUpdateDate>2016-06-27 19:05:35</PriceUpdateDate><ItemCode>7290000056906</ItemCode><ItemType>1</ItemType><ItemName>מאגדת יופלה 1.5% לבן</ItemName><ManufacturerName>יופלה</ManufacturerName><ManufactureCountry>ישראל</ManufactureCountry><ManufacturerItemDescription>מאגדת יופלה 1.5% לבן</ManufacturerItemDescription><SoldByWeight/><Quantity>1200.00</Quantity><UnitOfMeasure>גרם     </UnitOfMeasure><QtyInPackage>לא ידוע</QtyInPackage><UnitOfMeasurePrice>0.0154</UnitOfMeasurePrice><AllowDiscount>1</AllowDiscount><ItemStatus>1</ItemStatus><ItemPrice>18.50</ItemPrice></item><item><PriceUpdateDate>2016-02-16 10:18:31</PriceUpdateDate><ItemCode>7290000056951</ItemCode><ItemType>1</ItemType><ItemName>שמנת לבישול 15% 500</ItemName><ManufacturerName>תנובה</ManufacturerName><ManufactureCountry>ישראל</ManufactureCountry><ManufacturerItemDescription>שמנת לבישול 15% 500</ManufacturerItemDescription><SoldByWeight/><Quantity>500.00</Quantity><UnitOfMeasure>מ"ל</UnitOfMeasure><QtyInPackage>לא ידוע</QtyInPackage><UnitOfMeasurePrice>0.0338</UnitOfMeasurePrice><AllowDiscount>1</AllowDiscount><ItemStatus>1</ItemStatus><ItemPrice>16.90</ItemPrice></item><item><PriceUpdateDate>2016-02-11 07:49:24</PriceUpdateDate><ItemCode>7290000056968</ItemCode><ItemType>1</ItemType><ItemName>שמנת להקצפה 38% 500</ItemName><ManufacturerName>תנובה</ManufacturerName><ManufactureCountry>ישראל</ManufactureCountry><ManufacturerItemDescription>שמנת להקצפה 38% 500</ManufacturerItemDescription><SoldByWeight/><Quantity>500.00</Quantity><UnitOfMeasure>מ"ל</UnitOfMeasure><QtyInPackage>לא ידוע</QtyInPackage><UnitOfMeasurePrice>0.0238</UnitOfMeasurePrice><AllowDiscount>1</AllowDiscount><ItemStatus>1</ItemStatus><ItemPrice>11.90</ItemPrice></item><item><PriceUpdateDate>2015-10-13 09:48:04</PriceUpdateDate><ItemCode>7290000057088</ItemCode><ItemType>1</ItemType><ItemName>עמק דק 200 גרם</ItemName><ManufacturerName>עמק</ManufacturerName><ManufactureCountry>ישראל</ManufactureCountry><ManufacturerItemDescription>עמק דק 200 גרם</ManufacturerItemDescription><SoldByWeight/><Quantity>200.00</Quantity><UnitOfMeasure>גרם     </UnitOfMeasure><QtyInPackage>לא ידוע</QtyInPackage><UnitOfMeasurePrice>0.0795</UnitOfMeasurePrice><AllowDiscount>1</AllowDiscount><ItemStatus>1</ItemStatus><ItemPrice>15.90</ItemPrice></item><item><PriceUpdateDate>2015-10-13 09:48:04</PriceUpdateDate><ItemCode>7290000057118</ItemCode><ItemType>1</ItemType><ItemName>עמק פרוס 28% 400 גרם</ItemName><ManufacturerName>עמק</ManufacturerName><ManufactureCountry>ישראל</ManufactureCountry><ManufacturerItemDescription>עמק קלאסית מהמעדניה 400גר</ManufacturerItemDescription><SoldByWeight/><Quantity>400.00</Quantity><UnitOfMeasure>גרם     </UnitOfMeasure><QtyInPackage>לא ידוע</QtyInPackage><UnitOfMeasurePrice>0.0578</UnitOfMeasurePrice><AllowDiscount>1</AllowDiscount><ItemStatus>1</ItemStatus><ItemPrice>23.10</ItemPrice></item><item><PriceUpdateDate>2015-10-13 09:48:04</PriceUpdateDate><ItemCode>7290000057132</ItemCode><ItemType>1</ItemType><ItemName>יוגורט 1.5% 200 גרם</ItemName><ManufacturerName>יוגורט כדים תנובה</ManufacturerName><ManufactureCountry>ישראל</ManufactureCountry><ManufacturerItemDescription>יוגורט תנובה</ManufacturerItemDescription><SoldByWeight/><Quantity>200.00</Quantity><UnitOfMeasure>גרם     </UnitOfMeasure><QtyInPackage>לא ידוע</QtyInPackage><UnitOfMeasurePrice>0.0160</UnitOfMeasurePrice><AllowDiscount>1</AllowDiscount><ItemStatus>1</ItemStatus><ItemPrice>3.20</ItemPrice></item><item><PriceUpdateDate>2015-10-13 09:48:04</PriceUpdateDate><ItemCode>7290000057149</ItemCode><ItemType>1</ItemType><ItemName>יוגורט 3% 200 גרם</ItemName><ManufacturerName>יוגורט כדים תנובה</ManufacturerName><ManufactureCountry>ישראל</ManufactureCountry><ManufacturerItemDescription>יוגורט תנובה 200 גרם</ManufacturerItemDescription><SoldByWeight/><Quantity>200.00</Quantity><UnitOfMeasure>גרם     </UnitOfMeasure><QtyInPackage>לא ידוע</QtyInPackage><UnitOfMeasurePrice>0.0160</UnitOfMeasurePrice><AllowDiscount>1</AllowDiscount><ItemStatus>1</ItemStatus><ItemPrice>3.20</ItemPrice></item><item><PriceUpdateDate>2015-11-17 07:38:29</PriceUpdateDate><ItemCode>7290000058580</ItemCode><ItemType>1</ItemType><ItemName>קוקילידה בודד</ItemName><ManufacturerName>גלידות נסטלה</ManufacturerName><ManufactureCountry>ישראל</ManufactureCountry><ManufacturerItemDescription>קוקילידה</ManufacturerItemDescription><SoldByWeight/><Quantity>1.00</Quantity><UnitOfMeasure>יח'</UnitOfMeasure><QtyInPackage>לא ידוע</QtyInPackage><UnitOfMeasurePrice>10.4000</UnitOfMeasurePrice><AllowDiscount>1</AllowDiscount><ItemStatus>1</ItemStatus><ItemPrice>10.40</ItemPrice></item><item><PriceUpdateDate>2016-05-31 09:33:23</PriceUpdateDate><ItemCode>7290000060163</ItemCode><ItemType>1</ItemType><ItemName>אטריות מובחר דקות 40</ItemName><ManufacturerName>פסטה אסם</ManufacturerName><ManufactureCountry>ישראל</ManufactureCountry><ManufacturerItemDescription>אטריות מובחר דקות 400 גר</ManufacturerItemDescription><SoldByWeight/><Quantity>400.00</Quantity><UnitOfMeasure>גרם     </UnitOfMeasure><QtyInPackage>לא ידוע</QtyInPackage><UnitOfMeasurePrice>0.0148</UnitOfMeasurePrice><AllowDiscount>1</AllowDiscount><ItemStatus>1</ItemStatus><ItemPrice>5.90</ItemPrice></item><item><PriceUpdateDate>2016-05-31 09:33:23</PriceUpdateDate><ItemCode>7290000060200</ItemCode><ItemType>1</ItemType><ItemName>פתיתים אפויים 500 גר</ItemName><ManufacturerName>פסטה אסם</ManufacturerName><ManufactureCountry>ישראל</ManufactureCountry><ManufacturerItemDescription>פתיתים אפויים קוסקוס 500</ManufacturerItemDescription><SoldByWeight/><Quantity>500.00</Quantity><UnitOfMeasure>גרם     </UnitOfMeasure><QtyInPackage>לא ידוע</QtyInPackage><UnitOfMeasurePrice>0.0118</UnitOfMeasurePrice><AllowDiscount>1</AllowDiscount><ItemStatus>1</ItemStatus><ItemPrice>5.90</ItemPrice></item><item><PriceUpdateDate>2016-05-31 09:33:23</PriceUpdateDate><ItemCode>7290000060248</ItemCode><ItemType>1</ItemType><ItemName>פסטה תלתלים 500 גרם</ItemName><ManufacturerName>פסטה אסם</ManufacturerName><ManufactureCountry>ישראל</ManufactureCountry><ManufacturerItemDescription>פסטה תלתלים 500 גרם</ManufacturerItemDescription><SoldByWeight/><Quantity>500.00</Quantity><UnitOfMeasure>גרם     </UnitOfMeasure><QtyInPackage>לא ידוע</QtyInPackage><UnitOfMeasurePrice>0.0112</UnitOfMeasurePrice><AllowDiscount>1</AllowDiscount><ItemStatus>1</ItemStatus><ItemPrice>5.60</ItemPrice></item><item><PriceUpdateDate>2015-10-22 09:58:48</PriceUpdateDate><ItemCode>7290000060316</ItemCode><ItemType>1</ItemType><ItemName>ספגטי פרפקטו מס. 8 5</ItemName><ManufacturerName>פרפקטו</ManufacturerName><ManufactureCountry>איטליה</ManufactureCountry><ManufacturerItemDescription>תה ילו לייבל    25שק1.5*</ManufacturerItemDescription><SoldByWeight/><Quantity>500.00</Quantity><UnitOfMeasure>גרם     </UnitOfMeasure><QtyInPackage>לא ידוע</QtyInPackage><UnitOfMeasurePrice>0.0198</UnitOfMeasurePrice><AllowDiscount>1</AllowDiscount><ItemStatus>1</ItemStatus><ItemPrice>9.90</ItemPrice></item><item><PriceUpdateDate>2016-05-31 09:33:23</PriceUpdateDate><ItemCode>7290000060408</ItemCode><ItemType>1</ItemType><ItemName>פתיתים אפויים טבעות</ItemName><ManufacturerName>פסטה אסם</ManufacturerName><ManufactureCountry>ישראל</ManufactureCountry><ManufacturerItemDescription>פתיתים אפויים טבעות</ManufacturerItemDescription><SoldByWeight/><Quantity>500.00</Quantity><UnitOfMeasure>גרם     </UnitOfMeasure><QtyInPackage>לא ידוע</QtyInPackage><UnitOfMeasurePrice>0.0118</UnitOfMeasurePrice><AllowDiscount>1</AllowDiscount><ItemStatus>1</ItemStatus><ItemPrice>5.90</ItemPrice></item><item><PriceUpdateDate>2016-05-31 09:33:23</PriceUpdateDate><ItemCode>7290000060781</ItemCode><ItemType>1</ItemType><ItemName>פסטה מסולסלים 500 גר</ItemName><ManufacturerName>אסם</ManufacturerName><ManufactureCountry>איטליה</ManufactureCountry><ManufacturerItemDescription>פסטה אסם מסולסלים 500 גר</ManufacturerItemDescription><SoldByWeight/><Quantity>500.00</Quantity><UnitOfMeasure>גרם     </UnitOfMeasure><QtyInPackage>לא ידוע</QtyInPackage><UnitOfMeasurePrice>0.0112</UnitOfMeasurePrice><AllowDiscount>1</AllowDiscount><ItemStatus>1</ItemStatus><ItemPrice>5.60</ItemPrice></item><item><PriceUpdateDate>2016-05-31 09:33:23</PriceUpdateDate><ItemCode>7290000060828</ItemCode><ItemType>1</ItemType><ItemName>פסטה קרניים בינוני 5</ItemName><ManufacturerName>פסטה אסם</ManufacturerName><ManufactureCountry>איטליה</ManufactureCountry><ManufacturerItemDescription>פסטה אסם קרניים בינוניות5</ManufacturerItemDescription><SoldByWeight/><Quantity>500.00</Quantity><UnitOfMeasure>גרם     </UnitOfMeasure><QtyInPackage>לא ידוע</QtyInPackage><UnitOfMeasurePrice>0.0112</UnitOfMeasurePrice><AllowDiscount>1</AllowDiscount><ItemStatus>1</ItemStatus><ItemPrice>5.60</ItemPrice></item><item><PriceUpdateDate>2016-05-31 09:33:23</PriceUpdateDate><ItemCode>7290000060842</ItemCode><ItemType>1</ItemType><ItemName>פסטה צדפים גדולים 50</ItemName><ManufacturerName>אסם</ManufacturerName><ManufactureCountry>ישראל</ManufactureCountry><ManufacturerItemDescription>פסטה צדפים גדולים 50</ManufacturerItemDescription><SoldByWeight/><Quantity>500.00</Quantity><UnitOfMeasure>גרם     </UnitOfMeasure><QtyInPackage>לא ידוע</QtyInPackage><UnitOfMeasurePrice>0.0112</UnitOfMeasurePrice><AllowDiscount>1</AllowDiscount><ItemStatus>1</ItemStatus><ItemPrice>5.60</ItemPrice></item><item><PriceUpdateDate>2016-05-31 09:33:23</PriceUpdateDate><ItemCode>7290000060859</ItemCode><ItemType>1</ItemType><ItemName>פסטה צדפות קטנות 500</ItemName><ManufacturerName>פסטה אסם</ManufacturerName><ManufactureCountry>ישראל</ManufactureCountry><ManufacturerItemDescription>פסטה צדפות קטנות 500</ManufacturerItemDescription><SoldByWeight/><Quantity>500.00</Quantity><UnitOfMeasure>גרם     </UnitOfMeasure><QtyInPackage>לא ידוע</QtyInPackage><UnitOfMeasurePrice>0.0112</UnitOfMeasurePrice><AllowDiscount>1</AllowDiscount><ItemStatus>1</ItemStatus><ItemPrice>5.60</ItemPrice></item><item><PriceUpdateDate>2016-05-31 09:33:23</PriceUpdateDate><ItemCode>7290000060880</ItemCode><ItemType>1</ItemType><ItemName>פסטה מס.8 500 גרם</ItemName><ManufacturerName>פסטה אסם</ManufacturerName><ManufactureCountry>איטליה</ManufactureCountry><ManufacturerItemDescription>פסטה אסם ספגטי 500  גר</ManufacturerItemDescription><SoldByWeight/><Quantity>500.00</Quantity><UnitOfMeasure>גרם     </UnitOfMeasure><QtyInPackage>לא ידוע</QtyInPackage><UnitOfMeasurePrice>0.0112</UnitOfMeasurePrice><AllowDiscount>1</AllowDiscount><ItemStatus>1</ItemStatus><ItemPrice>5.60</ItemPrice></item><item><PriceUpdateDate>2016-05-31 09:33:24</PriceUpdateDate><ItemCode>7290000060965</ItemCode><ItemType>1</ItemType><ItemName>אטריות מובחר רחבות 4</ItemName><ManufacturerName>פסטה אסם</ManufacturerName><ManufactureCountry>ישראל</ManufactureCountry><ManufacturerItemDescription>אטריות מובחר רחבות 400 גר</ManufacturerItemDescription><SoldByWeight/><Quantity>400.00</Quantity><UnitOfMeasure>גרם     </UnitOfMeasure><QtyInPackage>לא ידוע</QtyInPackage><UnitOfMeasurePrice>0.0148</UnitOfMeasurePrice><AllowDiscount>1</AllowDiscount><ItemStatus>1</ItemStatus><ItemPrice>5.90</ItemPrice></item><item><PriceUpdateDate>2016-05-31 09:33:24</PriceUpdateDate><ItemCode>7290000060972</ItemCode><ItemType>1</ItemType><ItemName>אטריות מובחר דקיקות</ItemName><ManufacturerName>אסם</ManufacturerName><ManufactureCountry>איטליה</ManufactureCountry><ManufacturerItemDescription>צמרוני אוזניים  עם שסתום</ManufacturerItemDescription><SoldByWeight/><Quantity>400.00</Quantity><UnitOfMeasure>גרם     </UnitOfMeasure><QtyInPackage>לא ידוע</QtyInPackage><UnitOfMeasurePrice>0.0148</UnitOfMeasurePrice><AllowDiscount>1</AllowDiscount><ItemStatus>1</ItemStatus><ItemPrice>5.90</ItemPrice></item><item><PriceUpdateDate>2016-08-02 06:31:11</PriceUpdateDate><ItemCode>7290000061061</ItemCode><ItemType>1</ItemType><ItemName>קרקר בצל 250 גרם</ItemName><ManufacturerName>לא ממותג</ManufacturerName><ManufactureCountry>ישראל</ManufactureCountry><ManufacturerItemDescription>קרקר בצל 250 גר</ManufacturerItemDescription><SoldByWeight/><Quantity>250.00</Quantity><UnitOfMeasure>גרם     </UnitOfMeasure><QtyInPackage>לא ידוע</QtyInPackage><UnitOfMeasurePrice>0.0460</UnitOfMeasurePrice><AllowDiscount>1</AllowDiscount><ItemStatus>1</ItemStatus><ItemPrice>11.50</ItemPrice></item><item><PriceUpdateDate>2016-05-31 09:33:24</PriceUpdateDate><ItemCode>7290000061214</ItemCode><ItemType>1</ItemType><ItemName>פתיתים קוסקוס עם בצל</ItemName><ManufacturerName>פסטה אסם</ManufacturerName><ManufactureCountry>ישראל</ManufactureCountry><ManufacturerItemDescription>פתיתים קוסקוס עם בצל</ManufacturerItemDescription><SoldByWeight/><Quantity>500.00</Quantity><UnitOfMeasure>גרם     </UnitOfMeasure><QtyInPackage>לא ידוע</QtyInPackage><UnitOfMeasurePrice>0.0118</UnitOfMeasurePrice><AllowDiscount>1</AllowDiscount><ItemStatus>1</ItemStatus><ItemPrice>5.90</ItemPrice></item><item><PriceUpdateDate>2016-05-31 09:33:24</PriceUpdateDate><ItemCode>7290000061450</ItemCode><ItemType>1</ItemType><ItemName>פתיתים קוסקוס 3 צבעי</ItemName><ManufacturerName>אסם</ManufacturerName><ManufactureCountry>ישראל</ManufactureCountry><ManufacturerItemDescription>פתיתים קוסקוס 3 צבעי</ManufacturerItemDescription><SoldByWeight/><Quantity>500.00</Quantity><UnitOfMeasure>גרם     </UnitOfMeasure><QtyInPackage>לא ידוע</QtyInPackage><UnitOfMeasurePrice>0.0118</UnitOfMeasurePrice><AllowDiscount>1</AllowDiscount><ItemStatus>1</ItemStatus><ItemPrice>5.90</ItemPrice></item><item><PriceUpdateDate>2016-08-02 06:31:11</PriceUpdateDate><ItemCode>7290000061764</ItemCode><ItemType>1</ItemType><ItemName>נס קפה רד מאג 200 גר</ItemName><ManufacturerName>רד מאג</ManufacturerName><ManufactureCountry>ספרד</ManufactureCountry><ManufacturerItemDescription>מברשת בקבוק+פט  טמה</ManufacturerItemDescription><SoldByWeight/><Quantity>200.00</Quantity><UnitOfMeasure>גרם     </UnitOfMeasure><QtyInPackage>לא ידוע</QtyInPackage><UnitOfMeasurePrice>0.1495</UnitOfMeasurePrice><AllowDiscount>1</AllowDiscount><ItemStatus>1</ItemStatus><ItemPrice>29.90</ItemPrice></item><item><PriceUpdateDate>2015-10-22 09:58:48</PriceUpdateDate><ItemCode>7290000062709</ItemCode><ItemType>1</ItemType><ItemName>לחמית שיפון 1 קג</ItemName><ManufacturerName>לחמית</ManufacturerName><ManufactureCountry>ישראל</ManufactureCountry><ManufacturerItemDescription>לחמית שיפון 1 קג</ManufacturerItemDescription><SoldByWeight/><Quantity>1000.00</Quantity><UnitOfMeasure>גרם     </UnitOfMeasure><QtyInPackage>לא ידוע</QtyInPackage><UnitOfMeasurePrice>0.0300</UnitOfMeasurePrice><AllowDiscount>1</AllowDiscount><ItemStatus>1</ItemStatus><ItemPrice>30.00</ItemPrice></item><item><PriceUpdateDate>2015-11-17 07:38:29</PriceUpdateDate><ItemCode>7290000062952</ItemCode><ItemType>1</ItemType><ItemName>מיני קרוטונים למרק ו</ItemName><ManufacturerName>אסם</ManufacturerName><ManufactureCountry>ישראל</ManufactureCountry><ManufacturerItemDescription>מיני קרוטונים למרק ו</ManufacturerItemDescription><SoldByWeight/><Quantity>250.00</Quantity><UnitOfMeasure>גרם     </UnitOfMeasure><QtyInPackage>לא ידוע</QtyInPackage><UnitOfMeasurePrice>0.0696</UnitOfMeasurePrice><AllowDiscount>1</AllowDiscount><ItemStatus>1</ItemStatus><ItemPrice>17.40</ItemPrice></item><item><PriceUpdateDate>2015-10-22 09:58:48</PriceUpdateDate><ItemCode>7290000063102</ItemCode><ItemType>1</ItemType><ItemName>קמח תופח 350 גרם</ItemName><ManufacturerName>אסם</ManufacturerName><ManufactureCountry>ישראל</ManufactureCountry><ManufacturerItemDescription>קמח תופח 350 גר</ManufacturerItemDescription><SoldByWeight/><Quantity>350.00</Quantity><UnitOfMeasure>גרם     </UnitOfMeasure><QtyInPackage>לא ידוע</QtyInPackage><UnitOfMeasurePrice>0.0169</UnitOfMeasurePrice><AllowDiscount>1</AllowDiscount><ItemStatus>1</ItemStatus><ItemPrice>5.90</ItemPrice></item><item><PriceUpdateDate>2016-03-16 13:26:04</PriceUpdateDate><ItemCode>7290000063140</ItemCode><ItemType>1</ItemType><ItemName>שקדי מרק רכיבים טבעי</ItemName><ManufacturerName>אסם</ManufacturerName><ManufactureCountry>ישראל</ManufactureCountry><ManufacturerItemDescription>שקדי מרק 400 גרם</ManufacturerItemDescription><SoldByWeight/><Quantity>400.00</Quantity><UnitOfMeasure>גרם     </UnitOfMeasure><QtyInPackage>לא ידוע</QtyInPackage><UnitOfMeasurePrice>0.0273</UnitOfMeasurePrice><AllowDiscount>1</AllowDiscount><ItemStatus>1</ItemStatus><ItemPrice>10.90</ItemPrice></item><item><PriceUpdateDate>2016-03-16 13:26:04</PriceUpdateDate><ItemCode>7290000063157</ItemCode><ItemType>1</ItemType><ItemName>קמח תופח 1 ק"ג</ItemName><ManufacturerName>אסם</ManufacturerName><ManufactureCountry>ישראל</ManufactureCountry><ManufacturerItemDescription>קמח תופח מאליו 1 קג</ManufacturerItemDescription><SoldByWeight/><Quantity>1000.00</Quantity><UnitOfMeasure>גרם     </UnitOfMeasure><QtyInPackage>לא ידוע</QtyInPackage><UnitOfMeasurePrice>0.0089</UnitOfMeasurePrice><AllowDiscount>1</AllowDiscount><ItemStatus>1</ItemStatus><ItemPrice>8.90</ItemPrice></item><item><PriceUpdateDate>2016-03-16 13:25:37</PriceUpdateDate><ItemCode>7290000064758</ItemCode><ItemType>1</ItemType><ItemName>קוסקוס אמיתי שקית 35</ItemName><ManufacturerName>אסם</ManufacturerName><ManufactureCountry>ישראל</ManufactureCountry><ManufacturerItemDescription>קוסקוס אמיתי שקית 35</ManufacturerItemDescription><SoldByWeight/><Quantity>350.00</Quantity><UnitOfMeasure>גרם     </UnitOfMeasure><QtyInPackage>לא ידוע</QtyInPackage><UnitOfMeasurePrice>0.0226</UnitOfMeasurePrice><AllowDiscount>1</AllowDiscount><ItemStatus>1</ItemStatus><ItemPrice>7.90</ItemPrice></item><item><PriceUpdateDate>2016-05-31 09:33:24</PriceUpdateDate><ItemCode>7290000065717</ItemCode><ItemType>1</ItemType><ItemName>תרכיז ויטמינצ''יק פט</ItemName><ManufacturerName>ויטמינצק</ManufacturerName><ManufactureCountry>ישראל</ManufactureCountry><ManufacturerItemDescription>תרכיז ויטמינצ''יק פט</ManufacturerItemDescription><SoldByWeight/><Quantity>1000.00</Quantity><UnitOfMeasure>מ"ל</UnitOfMeasure><QtyInPackage>לא ידוע</QtyInPackage><UnitOfMeasurePrice>0.0119</UnitOfMeasurePrice><AllowDiscount>1</AllowDiscount><ItemStatus>1</ItemStatus><ItemPrice>11.90</ItemPrice></item><item><PriceUpdateDate>2016-05-31 09:33:24</PriceUpdateDate><ItemCode>7290000065724</ItemCode><ItemType>1</ItemType><ItemName>תרכיז ויטמינציק לימו</ItemName><ManufacturerName>ויטמינצק</ManufacturerName><ManufactureCountry>ישראל</ManufactureCountry><ManufacturerItemDescription>תרכיז ויטמינציק לימו</ManufacturerItemDescription><SoldByWeight/><Quantity>1000.00</Quantity><UnitOfMeasure>מ"ל</UnitOfMeasure><QtyInPackage>לא ידוע</QtyInPackage><UnitOfMeasurePrice>0.0119</UnitOfMeasurePrice><AllowDiscount>1</AllowDiscount><ItemStatus>1</ItemStatus><ItemPrice>11.90</ItemPrice></item><item><PriceUpdateDate>2016-05-31 09:33:24</PriceUpdateDate><ItemCode>7290000065748</ItemCode><ItemType>1</ItemType><ItemName>תרכיז ויטמינציק אננס</ItemName><ManufacturerName>ויטמינצק</ManufacturerName><ManufactureCountry>ישראל</ManufactureCountry><ManufacturerItemDescription>תרכיז ויטמינציק אננס</ManufacturerItemDescription><SoldByWeight/><Quantity>1000.00</Quantity><UnitOfMeasure>מ"ל</UnitOfMeasure><QtyInPackage>לא ידוע</QtyInPackage><UnitOfMeasurePrice>0.0119</UnitOfMeasurePrice><AllowDiscount>1</AllowDiscount><ItemStatus>1</ItemStatus><ItemPrice>11.90</ItemPrice></item><item><PriceUpdateDate>2016-03-16 13:26:04</PriceUpdateDate><ItemCode>7290000066196</ItemCode><ItemType>1</ItemType><ItemName>חטיף ביסלי גריל 200</ItemName><ManufacturerName>ביסלי</ManufacturerName><ManufactureCountry>ישראל</ManufactureCountry><ManufacturerItemDescription>ביסלי גריל 200 גר</ManufacturerItemDescription><SoldByWeight/><Quantity>200.00</Quantity><UnitOfMeasure>גרם     </UnitOfMeasure><QtyInPackage>לא ידוע</QtyInPackage><UnitOfMeasurePrice>0.0395</UnitOfMeasurePrice><AllowDiscount>1</AllowDiscount><ItemStatus>1</ItemStatus><ItemPrice>7.90</ItemPrice></item><item><PriceUpdateDate>2016-03-16 13:26:04</PriceUpdateDate><ItemCode>7290000066202</ItemCode><ItemType>1</ItemType><ItemName>חטיף ביסלי בצל 190 ג</ItemName><ManufacturerName>ביסלי</ManufacturerName><ManufactureCountry>ישראל</ManufactureCountry><ManufacturerItemDescription>ביסלי בצל 190 גר</ManufacturerItemDescription><SoldByWeight/><Quantity>190.00</Quantity><UnitOfMeasure>גרם     </UnitOfMeasure><QtyInPackage>לא ידוע</QtyInPackage><UnitOfMeasurePrice>0.0416</UnitOfMeasurePrice><AllowDiscount>1</AllowDiscount><ItemStatus>1</ItemStatus><ItemPrice>7.90</ItemPrice></item><item><PriceUpdateDate>2016-03-16 13:26:04</PriceUpdateDate><ItemCode>7290000066219</ItemCode><ItemType>1</ItemType><ItemName>חטיף ביסלי ברביקיו 1</ItemName><ManufacturerName>ביסלי</ManufacturerName><ManufactureCountry>ישראל</ManufactureCountry><ManufacturerItemDescription>ביסלי ברביקיו 190 גר</ManufacturerItemDescription><SoldByWeight/><Quantity>190.00</Quantity><UnitOfMeasure>גרם     </UnitOfMeasure><QtyInPackage>לא ידוע</QtyInPackage><UnitOfMeasurePrice>0.0416</UnitOfMeasurePrice><AllowDiscount>1</AllowDiscount><ItemStatus>1</ItemStatus><ItemPrice>7.90</ItemPrice></item><item><PriceUpdateDate>2016-05-31 09:33:24</PriceUpdateDate><ItemCode>7290000066264</ItemCode><ItemType>1</ItemType><ItemName>חטיף דובונים 40 גרם</ItemName><ManufacturerName>דובונים</ManufacturerName><ManufactureCountry>ישראל</ManufactureCountry><ManufacturerItemDescription>דובונים40 גר</ManufacturerItemDescription><SoldByWeight/><Quantity>40.00</Quantity><UnitOfMeasure>גרם     </UnitOfMeasure><QtyInPackage>לא ידוע</QtyInPackage><UnitOfMeasurePrice>0.1000</UnitOfMeasurePrice><AllowDiscount>1</AllowDiscount><ItemStatus>1</ItemStatus><ItemPrice>4.00</ItemPrice></item><item><PriceUpdateDate>2015-10-20 14:57:56</PriceUpdateDate><ItemCode>7290000066295</ItemCode><ItemType>1</ItemType><ItemName>במבה מתוקה תות 30 גר</ItemName><ManufacturerName>במבה</ManufacturerName><ManufactureCountry>ישראל</ManufactureCountry><ManufacturerItemDescription>במבה מתוקה תות 30 גר</ManufacturerItemDescription><SoldByWeight/><Quantity>30.00</Quantity><UnitOfMeasure>גרם     </UnitOfMeasure><QtyInPackage>לא ידוע</QtyInPackage><UnitOfMeasurePrice>0.1167</UnitOfMeasurePrice><AllowDiscount>1</AllowDiscount><ItemStatus>1</ItemStatus><ItemPrice>3.50</ItemPrice></item><item><PriceUpdateDate>2016-05-31 09:33:24</PriceUpdateDate><ItemCode>7290000066318</ItemCode><ItemType>1</ItemType><ItemName>במבה 80 גרם</ItemName><ManufacturerName>במבה</ManufacturerName><ManufactureCountry>ישראל</ManufactureCountry><ManufacturerItemDescription>במבה 80 גרם</ManufacturerItemDescription><SoldByWeight/><Quantity>80.00</Quantity><UnitOfMeasure>גרם     </UnitOfMeasure><QtyInPackage>לא ידוע</QtyInPackage><UnitOfMeasurePrice>0.0563</UnitOfMeasurePrice><AllowDiscount>1</AllowDiscount><ItemStatus>1</ItemStatus><ItemPrice>4.50</ItemPrice></item><item><PriceUpdateDate>2016-05-31 09:33:24</PriceUpdateDate><ItemCode>7290000066332</ItemCode><ItemType>1</ItemType><ItemName>חטיף אפרופו 50 גרם</ItemName><ManufacturerName>אפרופו</ManufacturerName><ManufactureCountry>ישראל</ManufactureCountry><ManufacturerItemDescription>אפרופו50 גר.שקית</ManufacturerItemDescription><SoldByWeight/><Quantity>14.00</Quantity><UnitOfMeasure>גרם     </UnitOfMeasure><QtyInPackage>לא ידוע</QtyInPackage><UnitOfMeasurePrice>0.3071</UnitOfMeasurePrice><AllowDiscount>1</AllowDiscount><ItemStatus>1</ItemStatus><ItemPrice>4.30</ItemPrice></item><item><PriceUpdateDate>2016-05-31 09:33:24</PriceUpdateDate><ItemCode>7290000066943</ItemCode><ItemType>1</ItemType><ItemName>תרכיז ויטמינציק ענבי</ItemName><ManufacturerName>ויטמינצק</ManufacturerName><ManufactureCountry>ישראל</ManufactureCountry><ManufacturerItemDescription>תרכיז ויטמינציק ענבי</ManufacturerItemDescription><SoldByWeight/><Quantity>1000.00</Quantity><UnitOfMeasure>מ"ל</UnitOfMeasure><QtyInPackage>לא ידוע</QtyInPackage><UnitOfMeasurePrice>0.0119</UnitOfMeasurePrice><AllowDiscount>1</AllowDiscount><ItemStatus>1</ItemStatus><ItemPrice>11.90</ItemPrice></item><item><PriceUpdateDate>2016-05-31 09:33:24</PriceUpdateDate><ItemCode>7290000066950</ItemCode><ItemType>1</ItemType><ItemName>תרכיז ויטמינציק תפו"</ItemName><ManufacturerName>ויטמינצק</ManufacturerName><ManufactureCountry>ישראל</ManufactureCountry><ManufacturerItemDescription>תרכיז ויטמינציק תפו"</ManufacturerItemDescription><SoldByWeight/><Quantity>1000.00</Quantity><UnitOfMeasure>מ"ל</UnitOfMeasure><QtyInPackage>לא ידוע</QtyInPackage><UnitOfMeasurePrice>0.0119</UnitOfMeasurePrice><AllowDiscount>1</AllowDiscount><ItemStatus>1</ItemStatus><ItemPrice>11.90</ItemPrice></item><item><PriceUpdateDate>2015-11-17 07:38:30</PriceUpdateDate><ItemCode>7290000067735</ItemCode><ItemType>1</ItemType><ItemName>ניוקי בצקיות מקמח תפ</ItemName><ManufacturerName>אסם</ManufacturerName><ManufactureCountry>ישראל</ManufactureCountry><ManufacturerItemDescription>ניוקי בצקיות מקמח תפ</ManufacturerItemDescription><SoldByWeight/><Quantity>500.00</Quantity><UnitOfMeasure>גרם     </UnitOfMeasure><QtyInPackage>לא ידוע</QtyInPackage><UnitOfMeasurePrice>0.0300</UnitOfMeasurePrice><AllowDiscount>1</AllowDiscount><ItemStatus>1</ItemStatus><ItemPrice>15.00</ItemPrice></item><item><PriceUpdateDate>2016-03-16 13:26:04</PriceUpdateDate><ItemCode>7290000068138</ItemCode><ItemType>1</ItemType><ItemName>פודינג בטעם וניל 80</ItemName><ManufacturerName>אסם</ManufacturerName><ManufactureCountry>ישראל</ManufactureCountry><ManufacturerItemDescription>פודינג וניל 80 גרם</ManufacturerItemDescription><SoldByWeight/><Quantity>80.00</Quantity><UnitOfMeasure>גרם     </UnitOfMeasure><QtyInPackage>לא ידוע</QtyInPackage><UnitOfMeasurePrice>0.0688</UnitOfMeasurePrice><AllowDiscount>1</AllowDiscount><ItemStatus>1</ItemStatus><ItemPrice>5.50</ItemPrice></item><item><PriceUpdateDate>2016-03-16 13:26:04</PriceUpdateDate><ItemCode>7290000068169</ItemCode><ItemType>1</ItemType><ItemName>פודינג בטעם שוקולד 9</ItemName><ManufacturerName>אסם</ManufacturerName><ManufactureCountry>ישראל</ManufactureCountry><ManufacturerItemDescription>פודינג בטעם שוקולד 95 גרם</ManufacturerItemDescription><SoldByWeight/><Quantity>95.00</Quantity><UnitOfMeasure>גרם     </UnitOfMeasure><QtyInPackage>לא ידוע</QtyInPackage><UnitOfMeasurePrice>0.0579</UnitOfMeasurePrice><AllowDiscount>1</AllowDiscount><ItemStatus>1</ItemStatus><ItemPrice>5.50</ItemPrice></item><item><PriceUpdateDate>2015-10-22 09:58:48</PriceUpdateDate><ItemCode>7290000068190</ItemCode><ItemType>1</ItemType><ItemName>אבקת ג''לי תות שדה</ItemName><ManufacturerName>אסם</ManufacturerName><ManufactureCountry>ישראל</ManufactureCountry><ManufacturerItemDescription>גלי בזק טעם תות שדה 90 גר</ManufacturerItemDescription><SoldByWeight/><Quantity>14.00</Quantity><UnitOfMeasure>גרם     </UnitOfMeasure><QtyInPackage>לא ידוע</QtyInPackage><UnitOfMeasurePrice>0.5571</UnitOfMeasurePrice><AllowDiscount>1</AllowDiscount><ItemStatus>1</ItemStatus><ItemPrice>7.80</ItemPrice></item><item><PriceUpdateDate>2015-10-22 09:58:49</PriceUpdateDate><ItemCode>7290000068237</ItemCode><ItemType>1</ItemType><ItemName>אבקת ג''לי 85 גרם</ItemName><ManufacturerName>אסם</ManufacturerName><ManufactureCountry>ישראל</ManufactureCountry><ManufacturerItemDescription>גלי בזק טעם פטל 85 גרם</ManufacturerItemDescription><SoldByWeight/><Quantity>14.00</Quantity><UnitOfMeasure>גרם     </UnitOfMeasure><QtyInPackage>לא ידוע</QtyInPackage><UnitOfMeasurePrice>0.5571</UnitOfMeasurePrice><AllowDiscount>1</AllowDiscount><ItemStatus>1</ItemStatus><ItemPrice>7.80</ItemPrice></item><item><PriceUpdateDate>2015-10-13 09:44:27</PriceUpdateDate><ItemCode>7290000068787</ItemCode><ItemType>1</ItemType><ItemName>במבה יום הולדת 25 גר</ItemName><ManufacturerName>במבה</ManufacturerName><ManufactureCountry>ישראל</ManufactureCountry><ManufacturerItemDescription>במבה יום הולדת 25 גר</ManufacturerItemDescription><SoldByWeight/><Quantity>25.00</Quantity><UnitOfMeasure>גרם     </UnitOfMeasure><QtyInPackage>לא ידוע</QtyInPackage><UnitOfMeasurePrice>0.1280</UnitOfMeasurePrice><AllowDiscount>1</AllowDiscount><ItemStatus>1</ItemStatus><ItemPrice>3.20</ItemPrice></item><item><PriceUpdateDate>2015-10-22 09:58:49</PriceUpdateDate><ItemCode>7290000069258</ItemCode><ItemType>1</ItemType><ItemName>פסטה פרפקטו פנה 500</ItemName><ManufacturerName>פרפקטו</ManufacturerName><ManufactureCountry>איטליה</ManufactureCountry><ManufacturerItemDescription>פסטה פנה ריגאטה פרפקטו500</ManufacturerItemDescription><SoldByWeight/><Quantity>500.00</Quantity><UnitOfMeasure>גרם     </UnitOfMeasure><QtyInPackage>לא ידוע</QtyInPackage><UnitOfMeasurePrice>0.0182</UnitOfMeasurePrice><AllowDiscount>1</AllowDiscount><ItemStatus>1</ItemStatus><ItemPrice>9.10</ItemPrice></item><item><PriceUpdateDate>2016-08-02 06:31:11</PriceUpdateDate><ItemCode>7290000070322</ItemCode><ItemType>1</ItemType><ItemName>אבקת מרק פיטריות במי</ItemName><ManufacturerName>אסם</ManufacturerName><ManufactureCountry>ישראל</ManufactureCountry><ManufacturerItemDescription>מרק פטריות 400 גרם</ManufacturerItemDescription><SoldByWeight/><Quantity>400.00</Quantity><UnitOfMeasure>גרם     </UnitOfMeasure><QtyInPackage>לא ידוע</QtyInPackage><UnitOfMeasurePrice>0.0747</UnitOfMeasurePrice><AllowDiscount>1</AllowDiscount><ItemStatus>1</ItemStatus><ItemPrice>29.90</ItemPrice></item><item><PriceUpdateDate>2016-08-02 06:31:11</PriceUpdateDate><ItemCode>7290000072203</ItemCode><ItemType>1</ItemType><ItemName>רוטב לסלט אלף איים</ItemName><ManufacturerName>אסם</ManufacturerName><ManufactureCountry>ישראל</ManufactureCountry><ManufacturerItemDescription>רוטב אלף האיים 290 מל</ManufacturerItemDescription><SoldByWeight/><Quantity>290.00</Quantity><UnitOfMeasure>מ"ל</UnitOfMeasure><QtyInPackage>לא ידוע</QtyInPackage><UnitOfMeasurePrice>0.0445</UnitOfMeasurePrice><AllowDiscount>1</AllowDiscount><ItemStatus>1</ItemStatus><ItemPrice>12.90</ItemPrice></item><item><PriceUpdateDate>2016-05-31 09:33:25</PriceUpdateDate><ItemCode>7290000072227</ItemCode><ItemType>1</ItemType><ItemName>רוטב סויה סגנון סיני</ItemName><ManufacturerName>אסם</ManufacturerName><ManufactureCountry>ישראל</ManufactureCountry><ManufacturerItemDescription>רוטב סויה סגנון סיני 290</ManufacturerItemDescription><SoldByWeight/><Quantity>290.00</Quantity><UnitOfMeasure>מ"ל</UnitOfMeasure><QtyInPackage>לא ידוע</QtyInPackage><UnitOfMeasurePrice>0.0362</UnitOfMeasurePrice><AllowDiscount>1</AllowDiscount><ItemStatus>1</ItemStatus><ItemPrice>10.50</ItemPrice></item><item><PriceUpdateDate>2016-05-31 09:33:25</PriceUpdateDate><ItemCode>7290000072623</ItemCode><ItemType>1</ItemType><ItemName>קטשופ אסם רכיבים טבע</ItemName><ManufacturerName>אסם</ManufacturerName><ManufactureCountry>ישראל</ManufactureCountry><ManufacturerItemDescription>קטשופ לחיץ רגיל 750 גרם</ManufacturerItemDescription><SoldByWeight/><Quantity>750.00</Quantity><UnitOfMeasure>גרם     </UnitOfMeasure><QtyInPackage>לא ידוע</QtyInPackage><UnitOfMeasurePrice>0.0153</UnitOfMeasurePrice><AllowDiscount>0</AllowDiscount><ItemStatus>1</ItemStatus><ItemPrice>11.50</ItemPrice></item><item><PriceUpdateDate>2016-05-31 09:30:46</PriceUpdateDate><ItemCode>7290000072753</ItemCode><ItemType>1</ItemType><ItemName>קפה נמס טסטר'ס צ'ויס</ItemName><ManufacturerName>טסטרס צויס</ManufacturerName><ManufactureCountry>ישראל</ManufactureCountry><ManufacturerItemDescription>קפה טסטרס צויס  'ויס200ג</ManufacturerItemDescription><SoldByWeight/><Quantity>200.00</Quantity><UnitOfMeasure>גרם     </UnitOfMeasure><QtyInPackage>לא ידוע</QtyInPackage><UnitOfMeasurePrice>0.1645</UnitOfMeasurePrice><AllowDiscount>1</AllowDiscount><ItemStatus>1</ItemStatus><ItemPrice>32.90</ItemPrice></item><item><PriceUpdateDate>2016-05-31 09:33:25</PriceUpdateDate><ItemCode>7290000072777</ItemCode><ItemType>1</ItemType><ItemName>טסטר'ס צ'ויס נטול קפ</ItemName><ManufacturerName>ג'יקובס</ManufacturerName><ManufactureCountry>ישראל</ManufactureCountry><ManufacturerItemDescription>קפה טסטרס צויס  ופאין200</ManufacturerItemDescription><SoldByWeight/><Quantity>200.00</Quantity><UnitOfMeasure>גרם     </UnitOfMeasure><QtyInPackage>לא ידוע</QtyInPackage><UnitOfMeasurePrice>0.1985</UnitOfMeasurePrice><AllowDiscount>1</AllowDiscount><ItemStatus>1</ItemStatus><ItemPrice>39.70</ItemPrice></item><item><PriceUpdateDate>2016-08-02 06:31:12</PriceUpdateDate><ItemCode>7290000072968</ItemCode><ItemType>1</ItemType><ItemName>מב דגני בוקר סיני מי</ItemName><ManufacturerName>סיני מיני</ManufacturerName><ManufactureCountry>פולין</ManufactureCountry><ManufacturerItemDescription>הוטפופ מלח      ח100*5ג</ManufacturerItemDescription><SoldByWeight/><Quantity>500.00</Quantity><UnitOfMeasure>גרם     </UnitOfMeasure><QtyInPackage>לא ידוע</QtyInPackage><UnitOfMeasurePrice>0.0378</UnitOfMeasurePrice><AllowDiscount>1</AllowDiscount><ItemStatus>1</ItemStatus><ItemPrice>18.90</ItemPrice></item><item><PriceUpdateDate>2016-05-31 09:33:25</PriceUpdateDate><ItemCode>7290000073750</ItemCode><ItemType>1</ItemType><ItemName>מנה חמה נודלס איטריו</ItemName><ManufacturerName>אסם</ManufacturerName><ManufactureCountry>ישראל</ManufactureCountry><ManufacturerItemDescription>מנה חמה נודלס   עוף70גרם</ManufacturerItemDescription><SoldByWeight/><Quantity>70.00</Quantity><UnitOfMeasure>גרם     </UnitOfMeasure><QtyInPackage>לא ידוע</QtyInPackage><UnitOfMeasurePrice>0.0843</UnitOfMeasurePrice><AllowDiscount>1</AllowDiscount><ItemStatus>1</ItemStatus><ItemPrice>5.90</ItemPrice></item><item><PriceUpdateDate>2016-05-31 09:33:25</PriceUpdateDate><ItemCode>7290000073767</ItemCode><ItemType>1</ItemType><ItemName>מנה חמה נודלס טעם בק</ItemName><ManufacturerName>אסם</ManufacturerName><ManufactureCountry>ישראל</ManufactureCountry><ManufacturerItemDescription>מנה חמה נודלס טעם בק</ManufacturerItemDescription><SoldByWeight/><Quantity>70.00</Quantity><UnitOfMeasure>גרם     </UnitOfMeasure><QtyInPackage>לא ידוע</QtyInPackage><UnitOfMeasurePrice>0.0843</UnitOfMeasurePrice><AllowDiscount>1</AllowDiscount><ItemStatus>1</ItemStatus><ItemPrice>5.90</ItemPrice></item><item><PriceUpdateDate>2016-05-31 09:33:25</PriceUpdateDate><ItemCode>7290000073774</ItemCode><ItemType>1</ItemType><ItemName>מנה חמה נודלס טעם צי</ItemName><ManufacturerName>אסם</ManufacturerName><ManufactureCountry>ישראל</ManufactureCountry><ManufacturerItemDescription>מנה חמה נודלס טעם צי</ManufacturerItemDescription><SoldByWeight/><Quantity>70.00</Quantity><UnitOfMeasure>גרם     </UnitOfMeasure><QtyInPackage>לא ידוע</QtyInPackage><UnitOfMeasurePrice>0.0843</UnitOfMeasurePrice><AllowDiscount>1</AllowDiscount><ItemStatus>1</ItemStatus><ItemPrice>5.90</ItemPrice></item><item><PriceUpdateDate>2016-03-29 06:06:21</PriceUpdateDate><ItemCode>7290000073835</ItemCode><ItemType>1</ItemType><ItemName>מארז צ'יפסי 4*50 גרם</ItemName><ManufacturerName>ציפסי</ManufacturerName><ManufactureCountry>ישראל</ManufactureCountry><ManufacturerItemDescription>מארז צ'יפסי 4*50 גרם</ManufacturerItemDescription><SoldByWeight/><Quantity>200.00</Quantity><UnitOfMeasure>גרם     </UnitOfMeasure><QtyInPackage>לא ידוע</QtyInPackage><UnitOfMeasurePrice>0.0645</UnitOfMeasurePrice><AllowDiscount>1</AllowDiscount><ItemStatus>1</ItemStatus><ItemPrice>12.90</ItemPrice></item><item><PriceUpdateDate>2016-05-31 09:33:26</PriceUpdateDate><ItemCode>7290000073965</ItemCode><ItemType>1</ItemType><ItemName>פתיתים אפויים 500 גר</ItemName><ManufacturerName>פסטה אסם</ManufacturerName><ManufactureCountry>ישראל</ManufactureCountry><ManufacturerItemDescription>פתיתים אפויים קוסקוס 500</ManufacturerItemDescription><SoldByWeight/><Quantity>500.00</Quantity><UnitOfMeasure>גרם     </UnitOfMeasure><QtyInPackage>לא ידוע</QtyInPackage><UnitOfMeasurePrice>0.0118</UnitOfMeasurePrice><AllowDiscount>1</AllowDiscount><ItemStatus>1</ItemStatus><ItemPrice>5.90</ItemPrice></item><item><PriceUpdateDate>2016-08-02 06:31:12</PriceUpdateDate><ItemCode>7290000074153</ItemCode><ItemType>1</ItemType><ItemName>פתי בר שוקו 500 גרם</ItemName><ManufacturerName>פתי בר אסם</ManufacturerName><ManufactureCountry>ישראל</ManufactureCountry><ManufacturerItemDescription>ביסקויט פתיבר שוקו 500 גר</ManufacturerItemDescription><SoldByWeight/><Quantity>500.00</Quantity><UnitOfMeasure>גרם     </UnitOfMeasure><QtyInPackage>לא ידוע</QtyInPackage><UnitOfMeasurePrice>0.0258</UnitOfMeasurePrice><AllowDiscount>1</AllowDiscount><ItemStatus>1</ItemStatus><ItemPrice>12.90</ItemPrice></item><item><PriceUpdateDate>2016-08-10 11:21:59</PriceUpdateDate><ItemCode>7290000074177</ItemCode><ItemType>1</ItemType><ItemName>פתי בר בינוני 250 גר</ItemName><ManufacturerName>לא ידוע</ManufacturerName><ManufactureCountry>ישראל</ManufactureCountry><ManufacturerItemDescription>פתיבר 250 גר</ManufacturerItemDescription><SoldByWeight/><Quantity>250.00</Quantity><UnitOfMeasure>גרם     </UnitOfMeasure><QtyInPackage>לא ידוע</QtyInPackage><UnitOfMeasurePrice>0.0336</UnitOfMeasurePrice><AllowDiscount>1</AllowDiscount><ItemStatus>1</ItemStatus><ItemPrice>8.40</ItemPrice></item><item><PriceUpdateDate>2016-03-16 13:25:37</PriceUpdateDate><ItemCode>7290000074184</ItemCode><ItemType>1</ItemType><ItemName>פתי בר וניל 500 גרם</ItemName><ManufacturerName>אסם</ManufacturerName><ManufactureCountry>ישראל</ManufactureCountry><ManufacturerItemDescription>ביסקויט פתיבר 500 גר</ManufacturerItemDescription><SoldByWeight/><Quantity>500.00</Quantity><UnitOfMeasure>גרם     </UnitOfMeasure><QtyInPackage>לא ידוע</QtyInPackage><UnitOfMeasurePrice>0.0218</UnitOfMeasurePrice><AllowDiscount>1</AllowDiscount><ItemStatus>1</ItemStatus><ItemPrice>10.90</ItemPrice></item><item><PriceUpdateDate>2016-08-02 06:31:12</PriceUpdateDate><ItemCode>7290000074245</ItemCode><ItemType>1</ItemType><ItemName>קרם קרקר 227 גרם</ItemName><ManufacturerName>קרקר אסם</ManufacturerName><ManufactureCountry>ישראל</ManufactureCountry><ManufacturerItemDescription>קרם קרקר250 גר</ManufacturerItemDescription><SoldByWeight/><Quantity>227.00</Quantity><UnitOfMeasure>גרם     </UnitOfMeasure><QtyInPackage>לא ידוע</QtyInPackage><UnitOfMeasurePrice>0.0436</UnitOfMeasurePrice><AllowDiscount>1</AllowDiscount><ItemStatus>1</ItemStatus><ItemPrice>9.90</ItemPrice></item><item><PriceUpdateDate>2016-08-02 06:31:12</PriceUpdateDate><ItemCode>7290000074290</ItemCode><ItemType>1</ItemType><ItemName>לחמית עם סובין230 גר</ItemName><ManufacturerName>לחמית</ManufacturerName><ManufactureCountry>ישראל</ManufactureCountry><ManufacturerItemDescription>לחמית עם סובין 230 גרם</ManufacturerItemDescription><SoldByWeight/><Quantity>230.00</Quantity><UnitOfMeasure>גרם     </UnitOfMeasure><QtyInPackage>לא ידוע</QtyInPackage><UnitOfMeasurePrice>0.0430</UnitOfMeasurePrice><AllowDiscount>1</AllowDiscount><ItemStatus>1</ItemStatus><ItemPrice>9.90</ItemPrice></item><item><PriceUpdateDate>2016-05-31 09:33:26</PriceUpdateDate><ItemCode>7290000074375</ItemCode><ItemType>1</ItemType><ItemName>קרקר זהב 150 גרם</ItemName><ManufacturerName>קרקר אסם</ManufacturerName><ManufactureCountry>ישראל</ManufactureCountry><ManufacturerItemDescription>קרקר זהב 150 גרם</ManufacturerItemDescription><SoldByWeight/><Quantity>150.00</Quantity><UnitOfMeasure>גרם     </UnitOfMeasure><QtyInPackage>לא ידוע</QtyInPackage><UnitOfMeasurePrice>0.0487</UnitOfMeasurePrice><AllowDiscount>1</AllowDiscount><ItemStatus>1</ItemStatus><ItemPrice>7.30</ItemPrice></item><item><PriceUpdateDate>2015-10-22 09:58:49</PriceUpdateDate><ItemCode>7290000074740</ItemCode><ItemType>1</ItemType><ItemName>לחמית חיטה מלאה 1 ק"</ItemName><ManufacturerName>לחמית</ManufacturerName><ManufactureCountry>ישראל</ManufactureCountry><ManufacturerItemDescription>לחמית חיטה מלאה 1 ק"</ManufacturerItemDescription><SoldByWeight/><Quantity>1000.00</Quantity><UnitOfMeasure>גרם     </UnitOfMeasure><QtyInPackage>לא ידוע</QtyInPackage><UnitOfMeasurePrice>0.0300</UnitOfMeasurePrice><AllowDiscount>1</AllowDiscount><ItemStatus>1</ItemStatus><ItemPrice>30.00</ItemPrice></item><item><PriceUpdateDate>2015-10-22 09:58:49</PriceUpdateDate><ItemCode>7290000074962</ItemCode><ItemType>1</ItemType><ItemName>עוגיות מיני שוקוצ'יפ</ItemName><ManufacturerName>לא ממותג</ManufacturerName><ManufactureCountry>ישראל</ManufactureCountry><ManufacturerItemDescription>עוגיות מיני שוקוצ'יפ</ManufacturerItemDescription><SoldByWeight/><Quantity>225.00</Quantity><UnitOfMeasure>גרם     </UnitOfMeasure><QtyInPackage>לא ידוע</QtyInPackage><UnitOfMeasurePrice>0.0560</UnitOfMeasurePrice><AllowDiscount>1</AllowDiscount><ItemStatus>1</ItemStatus><ItemPrice>12.60</ItemPrice></item><item><PriceUpdateDate>2016-02-08 07:25:30</PriceUpdateDate><ItemCode>7290000075143</ItemCode><ItemType>1</ItemType><ItemName>עוגיות שוקוצ'יפס קלא</ItemName><ManufacturerName>אסם</ManufacturerName><ManufactureCountry>ישראל</ManufactureCountry><ManufacturerItemDescription>עוגיות משהו וניל שוקוציפס</ManufacturerItemDescription><SoldByWeight/><Quantity>200.00</Quantity><UnitOfMeasure>גרם     </UnitOfMeasure><QtyInPackage>לא ידוע</QtyInPackage><UnitOfMeasurePrice>0.0645</UnitOfMeasurePrice><AllowDiscount>1</AllowDiscount><ItemStatus>1</ItemStatus><ItemPrice>12.90</ItemPrice></item><item><PriceUpdateDate>2016-08-02 06:31:12</PriceUpdateDate><ItemCode>7290000075204</ItemCode><ItemType>1</ItemType><ItemName>לחמית חיטה מלאה 250</ItemName><ManufacturerName>לחמית</ManufacturerName><ManufactureCountry>ישראל</ManufactureCountry><ManufacturerItemDescription>לחמית קרקר חיטה מלאה 250</ManufacturerItemDescription><SoldByWeight/><Quantity>250.00</Quantity><UnitOfMeasure>גרם     </UnitOfMeasure><QtyInPackage>לא ידוע</QtyInPackage><UnitOfMeasurePrice>0.0396</UnitOfMeasurePrice><AllowDiscount>1</AllowDiscount><ItemStatus>1</ItemStatus><ItemPrice>9.90</ItemPrice></item><item><PriceUpdateDate>2016-03-01 06:24:25</PriceUpdateDate><ItemCode>7290000075693</ItemCode><ItemType>1</ItemType><ItemName>עוגת הבית שמרים בריו</ItemName><ManufacturerName>אסם</ManufacturerName><ManufactureCountry>ישראל</ManufactureCountry><ManufacturerItemDescription>עוגת הבית שמרים בריוש שוק</ManufacturerItemDescription><SoldByWeight/><Quantity>360.00</Quantity><UnitOfMeasure>גרם     </UnitOfMeasure><QtyInPackage>לא ידוע</QtyInPackage><UnitOfMeasurePrice>0.0536</UnitOfMeasurePrice><AllowDiscount>1</AllowDiscount><ItemStatus>1</ItemStatus><ItemPrice>19.30</ItemPrice></item><item><PriceUpdateDate>2016-08-02 06:36:11</PriceUpdateDate><ItemCode>7290000076133</ItemCode><ItemType>1</ItemType><ItemName>מב בייגלה שמיניות קט</ItemName><ManufacturerName>בייגלה אסם</ManufacturerName><ManufactureCountry>ישראל</ManufactureCountry><ManufacturerItemDescription>ביגלה שמיניות קטנות 400 ג</ManufacturerItemDescription><SoldByWeight/><Quantity>400.00</Quantity><UnitOfMeasure>גרם     </UnitOfMeasure><QtyInPackage>לא ידוע</QtyInPackage><UnitOfMeasurePrice>0.0223</UnitOfMeasurePrice><AllowDiscount>1</AllowDiscount><ItemStatus>1</ItemStatus><ItemPrice>8.90</ItemPrice></item><item><PriceUpdateDate>2016-02-08 07:25:30</PriceUpdateDate><ItemCode>7290000077017</ItemCode><ItemType>1</ItemType><ItemName>עוגיות קרמוגית במילו</ItemName><ManufacturerName>אסם</ManufacturerName><ManufactureCountry>ישראל</ManufactureCountry><ManufacturerItemDescription>עוגיות משהו קרמוגית שוקול</ManufacturerItemDescription><SoldByWeight/><Quantity>200.00</Quantity><UnitOfMeasure>גרם     </UnitOfMeasure><QtyInPackage>לא ידוע</QtyInPackage><UnitOfMeasurePrice>0.0645</UnitOfMeasurePrice><AllowDiscount>1</AllowDiscount><ItemStatus>1</ItemStatus><ItemPrice>12.90</ItemPrice></item><item><PriceUpdateDate>2016-08-02 06:31:12</PriceUpdateDate><ItemCode>7290000077253</ItemCode><ItemType>1</ItemType><ItemName>לחמית כפרית 190 גרם</ItemName><ManufacturerName>לחמית</ManufacturerName><ManufactureCountry>ישראל</ManufactureCountry><ManufacturerItemDescription>לחמית כפרית 190 גרם</ManufacturerItemDescription><SoldByWeight/><Quantity>190.00</Quantity><UnitOfMeasure>גרם     </UnitOfMeasure><QtyInPackage>לא ידוע</QtyInPackage><UnitOfMeasurePrice>0.0642</UnitOfMeasurePrice><AllowDiscount>1</AllowDiscount><ItemStatus>1</ItemStatus><ItemPrice>12.20</ItemPrice></item><item><PriceUpdateDate>2015-11-17 07:38:31</PriceUpdateDate><ItemCode>7290000078212</ItemCode><ItemType>1</ItemType><ItemName>קרוטונים מתובלים 250</ItemName><ManufacturerName>אסם</ManufacturerName><ManufactureCountry>ישראל</ManufactureCountry><ManufacturerItemDescription>קרוטונים מתובלים 250</ManufacturerItemDescription><SoldByWeight/><Quantity>250.00</Quantity><UnitOfMeasure>גרם     </UnitOfMeasure><QtyInPackage>לא ידוע</QtyInPackage><UnitOfMeasurePrice>0.0620</UnitOfMeasurePrice><AllowDiscount>1</AllowDiscount><ItemStatus>1</ItemStatus><ItemPrice>15.50</ItemPrice></item><item><PriceUpdateDate>2016-08-02 06:31:12</PriceUpdateDate><ItemCode>7290000079233</ItemCode><ItemType>1</ItemType><ItemName>קרם קרקר דל נתרן 250</ItemName><ManufacturerName>אסם</ManufacturerName><ManufactureCountry>ישראל</ManufactureCountry><ManufacturerItemDescription>קרם קרקר דל נתרן 250</ManufacturerItemDescription><SoldByWeight/><Quantity>250.00</Quantity><UnitOfMeasure>גרם     </UnitOfMeasure><QtyInPackage>לא ידוע</QtyInPackage><UnitOfMeasurePrice>0.0476</UnitOfMeasurePrice><AllowDiscount>1</AllowDiscount><ItemStatus>1</ItemStatus><ItemPrice>11.90</ItemPrice></item><item><PriceUpdateDate>2016-01-18 06:58:58</PriceUpdateDate><ItemCode>7290000080765</ItemCode><ItemType>1</ItemType><ItemName>טוסטעים פת שומשום 10</ItemName><ManufacturerName>אסם</ManufacturerName><ManufactureCountry>ישראל</ManufactureCountry><ManufacturerItemDescription>טוסטעים +שומשו  שומשו100</ManufacturerItemDescription><SoldByWeight/><Quantity>100.00</Quantity><UnitOfMeasure>גרם     </UnitOfMeasure><QtyInPackage>לא ידוע</QtyInPackage><UnitOfMeasurePrice>0.1190</UnitOfMeasurePrice><AllowDiscount>1</AllowDiscount><ItemStatus>1</ItemStatus><ItemPrice>11.90</ItemPrice></item><item><PriceUpdateDate>2016-08-10 11:21:59</PriceUpdateDate><ItemCode>7290000103822</ItemCode><ItemType>1</ItemType><ItemName>לקט לעוף 800 גרם</ItemName><ManufacturerName>לא ממותג</ManufacturerName><ManufactureCountry>ישראל</ManufactureCountry><ManufacturerItemDescription>לקט לעוף 800 גר</ManufacturerItemDescription><SoldByWeight/><Quantity>800.00</Quantity><UnitOfMeasure>גרם     </UnitOfMeasure><QtyInPackage>לא ידוע</QtyInPackage><UnitOfMeasurePrice>0.0324</UnitOfMeasurePrice><AllowDiscount>1</AllowDiscount><ItemStatus>1</ItemStatus><ItemPrice>25.90</ItemPrice></item><item><PriceUpdateDate>2016-05-31 09:33:26</PriceUpdateDate><ItemCode>7290000104201</ItemCode><ItemType>1</ItemType><ItemName>אפונה עדינה 600 גרם</ItemName><ManufacturerName>סנפרוסט</ManufacturerName><ManufactureCountry>ישראל</ManufactureCountry><ManufacturerItemDescription>אפונה עדינה 600 גר</ManufacturerItemDescription><SoldByWeight/><Quantity>600.00</Quantity><UnitOfMeasure>גרם     </UnitOfMeasure><QtyInPackage>לא ידוע</QtyInPackage><UnitOfMeasurePrice>0.0298</UnitOfMeasurePrice><AllowDiscount>1</AllowDiscount><ItemStatus>1</ItemStatus><ItemPrice>17.90</ItemPrice></item><item><PriceUpdateDate>2016-05-31 09:33:26</PriceUpdateDate><ItemCode>7290000104676</ItemCode><ItemType>1</ItemType><ItemName>אפונת גינה סנפרוסט 8</ItemName><ManufacturerName>סנפרוסט</ManufacturerName><ManufactureCountry>ישראל</ManufactureCountry><ManufacturerItemDescription>אפונת גינה 800 גר</ManufacturerItemDescription><SoldByWeight/><Quantity>800.00</Quantity><UnitOfMeasure>גרם     </UnitOfMeasure><QtyInPackage>לא ידוע</QtyInPackage><UnitOfMeasurePrice>0.0199</UnitOfMeasurePrice><AllowDiscount>1</AllowDiscount><ItemStatus>1</ItemStatus><ItemPrice>15.90</ItemPrice></item><item><PriceUpdateDate>2016-08-02 06:36:11</PriceUpdateDate><ItemCode>7290000104683</ItemCode><ItemType>1</ItemType><ItemName>מב שעועית שלמה סנפרו</ItemName><ManufacturerName>סנפרוסט</ManufacturerName><ManufactureCountry>ישראל</ManufactureCountry><ManufacturerItemDescription>שעועית ירוקה שלמה 800 גר</ManufacturerItemDescription><SoldByWeight/><Quantity>800.00</Quantity><UnitOfMeasure>גרם     </UnitOfMeasure><QtyInPackage>לא ידוע</QtyInPackage><UnitOfMeasurePrice>0.0186</UnitOfMeasurePrice><AllowDiscount>1</AllowDiscount><ItemStatus>1</ItemStatus><ItemPrice>14.90</ItemPrice></item><item><PriceUpdateDate>2016-05-31 09:33:26</PriceUpdateDate><ItemCode>7290000104690</ItemCode><ItemType>1</ItemType><ItemName>גרעיני תירס 800 גרם</ItemName><ManufacturerName>סנפרוסט</ManufacturerName><ManufactureCountry>ישראל</ManufactureCountry><ManufacturerItemDescription>תירס גרעינים 800 גר</ManufacturerItemDescription><SoldByWeight/><Quantity>800.00</Quantity><UnitOfMeasure>גרם     </UnitOfMeasure><QtyInPackage>לא ידוע</QtyInPackage><UnitOfMeasurePrice>0.0199</UnitOfMeasurePrice><AllowDiscount>1</AllowDiscount><ItemStatus>1</ItemStatus><ItemPrice>15.90</ItemPrice></item><item><PriceUpdateDate>2016-05-01 07:23:06</PriceUpdateDate><ItemCode>7290000104713</ItemCode><ItemType>1</ItemType><ItemName>פול ירוק 800 גרם</ItemName><ManufacturerName>סנפרוסט</ManufacturerName><ManufactureCountry>ישראל</ManufactureCountry><ManufacturerItemDescription>פול ירוק 800 גר</ManufacturerItemDescription><SoldByWeight/><Quantity>800.00</Quantity><UnitOfMeasure>גרם     </UnitOfMeasure><QtyInPackage>לא ידוע</QtyInPackage><UnitOfMeasurePrice>0.0349</UnitOfMeasurePrice><AllowDiscount>1</AllowDiscount><ItemStatus>1</ItemStatus><ItemPrice>27.90</ItemPrice></item><item><PriceUpdateDate>2016-08-02 06:36:11</PriceUpdateDate><ItemCode>7290000104799</ItemCode><ItemType>1</ItemType><ItemName>מב שעועית לבנה מבושל</ItemName><ManufacturerName>סנפרוסט</ManufacturerName><ManufactureCountry>ישראל</ManufactureCountry><ManufacturerItemDescription>שעועית לבנה מבושלת קפואה8</ManufacturerItemDescription><SoldByWeight/><Quantity>800.00</Quantity><UnitOfMeasure>גרם     </UnitOfMeasure><QtyInPackage>לא ידוע</QtyInPackage><UnitOfMeasurePrice>0.0186</UnitOfMeasurePrice><AllowDiscount>1</AllowDiscount><ItemStatus>1</ItemStatus><ItemPrice>14.90</ItemPrice></item><item><PriceUpdateDate>2016-05-31 09:33:27</PriceUpdateDate><ItemCode>7290000104836</ItemCode><ItemType>1</ItemType><ItemName>שעועית עדינה שלמה סנ</ItemName><ManufacturerName>סנפרוסט</ManufacturerName><ManufactureCountry>ישראל</ManufactureCountry><ManufacturerItemDescription>שעועית עדינה שלמה 600 גרם</ManufacturerItemDescription><SoldByWeight/><Quantity>600.00</Quantity><UnitOfMeasure>גרם     </UnitOfMeasure><QtyInPackage>לא ידוע</QtyInPackage><UnitOfMeasurePrice>0.0332</UnitOfMeasurePrice><AllowDiscount>1</AllowDiscount><ItemStatus>1</ItemStatus><ItemPrice>19.90</ItemPrice></item><item><PriceUpdateDate>2016-05-31 09:30:46</PriceUpdateDate><ItemCode>7290000104881</ItemCode><ItemType>1</ItemType><ItemName>אפונה וגזר 800 גרם</ItemName><ManufacturerName>סנפרוסט</ManufacturerName><ManufactureCountry>ישראל</ManufactureCountry><ManufacturerItemDescription>אפונה וגזר800 גר</ManufacturerItemDescription><SoldByWeight/><Quantity>800.00</Quantity><UnitOfMeasure>גרם     </UnitOfMeasure><QtyInPackage>לא ידוע</QtyInPackage><UnitOfMeasurePrice>0.0238</UnitOfMeasurePrice><AllowDiscount>1</AllowDiscount><ItemStatus>1</ItemStatus><ItemPrice>19.00</ItemPrice></item><item><PriceUpdateDate>2016-05-01 07:23:07</PriceUpdateDate><ItemCode>7290000107295</ItemCode><ItemType>1</ItemType><ItemName>תפרחת ברוקולי סנפרוס</ItemName><ManufacturerName>סנפרוסט</ManufacturerName><ManufactureCountry>ישראל</ManufactureCountry><ManufacturerItemDescription>תפרחות ברוקולי 800 גר</ManufacturerItemDescription><SoldByWeight/><Quantity>800.00</Quantity><UnitOfMeasure>גרם     </UnitOfMeasure><QtyInPackage>לא ידוע</QtyInPackage><UnitOfMeasurePrice>0.0355</UnitOfMeasurePrice><AllowDiscount>1</AllowDiscount><ItemStatus>1</ItemStatus><ItemPrice>28.40</ItemPrice></item><item><PriceUpdateDate>2015-01-27 06:47:24</PriceUpdateDate><ItemCode>7290000110035</ItemCode><ItemType>1</ItemType><ItemName>מרגרינה עם מלח 200 ג</ItemName><ManufacturerName>בלובנד</ManufacturerName><ManufactureCountry>ישראל</ManufactureCountry><ManufacturerItemDescription>מרגרינה עם מלח 200 ג</ManufacturerItemDescription><SoldByWeight/><Quantity>200.00</Quantity><UnitOfMeasure>מ"ל</UnitOfMeasure><QtyInPackage>לא ידוע</QtyInPackage><UnitOfMeasurePrice>0.0240</UnitOfMeasurePrice><AllowDiscount>1</AllowDiscount><ItemStatus>1</ItemStatus><ItemPrice>4.80</ItemPrice></item><item><PriceUpdateDate>2016-05-31 09:33:27</PriceUpdateDate><ItemCode>7290000110059</ItemCode><ItemType>1</ItemType><ItemName>מרגרינה בלו בנד בלי</ItemName><ManufacturerName>בלובנד</ManufacturerName><ManufactureCountry>ישראל</ManufactureCountry><ManufacturerItemDescription>מרגרינה בלו בנד בלי</ManufacturerItemDescription><SoldByWeight/><Quantity>200.00</Quantity><UnitOfMeasure>מ"ל</UnitOfMeasure><QtyInPackage>לא ידוע</QtyInPackage><UnitOfMeasurePrice>0.0235</UnitOfMeasurePrice><AllowDiscount>1</AllowDiscount><ItemStatus>1</ItemStatus><ItemPrice>4.70</ItemPrice></item><item><PriceUpdateDate>2015-10-13 09:48:05</PriceUpdateDate><ItemCode>7290000110073</ItemCode><ItemType>1</ItemType><ItemName>מרגרינה בטעם חמאה 20</ItemName><ManufacturerName>בלובנד</ManufacturerName><ManufactureCountry>ישראל</ManufactureCountry><ManufacturerItemDescription>מרגרינה בטעם חמאה 20</ManufacturerItemDescription><SoldByWeight/><Quantity>200.00</Quantity><UnitOfMeasure>מ"ל</UnitOfMeasure><QtyInPackage>לא ידוע</QtyInPackage><UnitOfMeasurePrice>0.0270</UnitOfMeasurePrice><AllowDiscount>1</AllowDiscount><ItemStatus>1</ItemStatus><ItemPrice>5.40</ItemPrice></item><item><PriceUpdateDate>2015-10-13 09:48:06</PriceUpdateDate><ItemCode>7290000110844</ItemCode><ItemType>1</ItemType><ItemName>חטיף כיפלי גריל בד"צ</ItemName><ManufacturerName>כיפלי</ManufacturerName><ManufactureCountry>ישראל</ManufactureCountry><ManufacturerItemDescription>חטיף כיפלי גריל בד"צ</ManufacturerItemDescription><SoldByWeight/><Quantity>14.00</Quantity><UnitOfMeasure>גרם     </UnitOfMeasure><QtyInPackage>לא ידוע</QtyInPackage><UnitOfMeasurePrice>0.4857</UnitOfMeasurePrice><AllowDiscount>1</AllowDiscount><ItemStatus>1</ItemStatus><ItemPrice>6.80</ItemPrice></item><item><PriceUpdateDate>2015-10-13 09:48:06</PriceUpdateDate><ItemCode>7290000110851</ItemCode><ItemType>1</ItemType><ItemName>חטיף כיפלי בצל בד"צ</ItemName><ManufacturerName>כיפלי</ManufacturerName><ManufactureCountry>ישראל</ManufactureCountry><ManufacturerItemDescription>חטיף כיפלי בצל בד"צ</ManufacturerItemDescription><SoldByWeight/><Quantity>70.00</Quantity><UnitOfMeasure>גרם     </UnitOfMeasure><QtyInPackage>לא ידוע</QtyInPackage><UnitOfMeasurePrice>0.0971</UnitOfMeasurePrice><AllowDiscount>1</AllowDiscount><ItemStatus>1</ItemStatus><ItemPrice>6.80</ItemPrice></item><item><PriceUpdateDate>2015-11-17 07:38:32</PriceUpdateDate><ItemCode>7290000111063</ItemCode><ItemType>1</ItemType><ItemName>מיונז 250 גרם</ItemName><ManufacturerName>תלמה</ManufacturerName><ManufactureCountry>ישראל</ManufactureCountry><ManufacturerItemDescription>מיונז 250 גרם</ManufacturerItemDescription><SoldByWeight/><Quantity>250.00</Quantity><UnitOfMeasure>גרם     </UnitOfMeasure><QtyInPackage>לא ידוע</QtyInPackage><UnitOfMeasurePrice>0.0308</UnitOfMeasurePrice><AllowDiscount>1</AllowDiscount><ItemStatus>1</ItemStatus><ItemPrice>7.70</ItemPrice></item><item><PriceUpdateDate>2016-05-31 09:33:27</PriceUpdateDate><ItemCode>7290000111117</ItemCode><ItemType>1</ItemType><ItemName>מרכך כביסה בדין לבן</ItemName><ManufacturerName>בדין</ManufacturerName><ManufactureCountry>ישראל</ManufactureCountry><ManufacturerItemDescription>מרכך כביסה בדין לבן</ManufacturerItemDescription><SoldByWeight/><Quantity>4000.00</Quantity><UnitOfMeasure>מ"ל</UnitOfMeasure><QtyInPackage>לא ידוע</QtyInPackage><UnitOfMeasurePrice>0.0050</UnitOfMeasurePrice><AllowDiscount>1</AllowDiscount><ItemStatus>1</ItemStatus><ItemPrice>19.90</ItemPrice></item><item><PriceUpdateDate>2016-05-31 09:33:27</PriceUpdateDate><ItemCode>7290000111186</ItemCode><ItemType>1</ItemType><ItemName>מיונז אמיתי תלמה 500</ItemName><ManufacturerName>תלמה</ManufacturerName><ManufactureCountry>ישראל</ManufactureCountry><ManufacturerItemDescription>מיונז אמיתי תלמה 500</ManufacturerItemDescription><SoldByWeight/><Quantity>500.00</Quantity><UnitOfMeasure>גרם     </UnitOfMeasure><QtyInPackage>לא ידוע</QtyInPackage><UnitOfMeasurePrice>0.0190</UnitOfMeasurePrice><AllowDiscount>1</AllowDiscount><ItemStatus>1</ItemStatus><ItemPrice>9.50</ItemPrice></item><item><PriceUpdateDate>2015-11-17 07:38:32</PriceUpdateDate><ItemCode>7290000111360</ItemCode><ItemType>1</ItemType><ItemName>חרדל אמיתי 250 גרם</ItemName><ManufacturerName>תלמה</ManufacturerName><ManufactureCountry>ישראל</ManufactureCountry><ManufacturerItemDescription>חרדל אמיתי 250 גרם</ManufacturerItemDescription><SoldByWeight/><Quantity>250.00</Quantity><UnitOfMeasure>גרם     </UnitOfMeasure><QtyInPackage>לא ידוע</QtyInPackage><UnitOfMeasurePrice>0.0348</UnitOfMeasurePrice><AllowDiscount>1</AllowDiscount><ItemStatus>1</ItemStatus><ItemPrice>8.70</ItemPrice></item><item><PriceUpdateDate>2016-05-31 09:33:27</PriceUpdateDate><ItemCode>7290000112220</ItemCode><ItemType>1</ItemType><ItemName>טחינה בארכה 500 גרם</ItemName><ManufacturerName>בארכה</ManufacturerName><ManufactureCountry>ישראל</ManufactureCountry><ManufacturerItemDescription>טחינה קלאסית 500 גרם</ManufacturerItemDescription><SoldByWeight/><Quantity>500.00</Quantity><UnitOfMeasure>גרם     </UnitOfMeasure><QtyInPackage>לא ידוע</QtyInPackage><UnitOfMeasurePrice>0.0258</UnitOfMeasurePrice><AllowDiscount>1</AllowDiscount><ItemStatus>1</ItemStatus><ItemPrice>12.90</ItemPrice></item><item><PriceUpdateDate>2016-02-01 20:38:07</PriceUpdateDate><ItemCode>7290000112497</ItemCode><ItemType>1</ItemType><ItemName>מרק קנור עוף איטריות</ItemName><ManufacturerName>קנור</ManufacturerName><ManufactureCountry>ישראל</ManufactureCountry><ManufacturerItemDescription>מרקנור עשיר איטריות</ManufacturerItemDescription><SoldByWeight/><Quantity>14.00</Quantity><UnitOfMeasure>גרם     </UnitOfMeasure><QtyInPackage>לא ידוע</QtyInPackage><UnitOfMeasurePrice>0.8286</UnitOfMeasurePrice><AllowDiscount>1</AllowDiscount><ItemStatus>1</ItemStatus><ItemPrice>11.60</ItemPrice></item><item><PriceUpdateDate>2016-02-01 20:38:07</PriceUpdateDate><ItemCode>7290000112503</ItemCode><ItemType>1</ItemType><ItemName>מרק קנור ירקות עשיר</ItemName><ManufacturerName>קנור</ManufacturerName><ManufactureCountry>ישראל</ManufactureCountry><ManufacturerItemDescription>מרקנור עשיר ירקות</ManufacturerItemDescription><SoldByWeight/><Quantity>14.00</Quantity><UnitOfMeasure>גרם     </UnitOfMeasure><QtyInPackage>לא ידוע</QtyInPackage><UnitOfMeasurePrice>0.8286</UnitOfMeasurePrice><AllowDiscount>1</AllowDiscount><ItemStatus>1</ItemStatus><ItemPrice>11.60</ItemPrice></item><item><PriceUpdateDate>2016-02-01 20:38:07</PriceUpdateDate><ItemCode>7290000112510</ItemCode><ItemType>1</ItemType><ItemName>מרק קנור פטריות עשיר</ItemName><ManufacturerName>קנור</ManufacturerName><ManufactureCountry>ישראל</ManufactureCountry><ManufacturerItemDescription>מרקנור עשיר פטריות</ManufacturerItemDescription><SoldByWeight/><Quantity>68.00</Quantity><UnitOfMeasure>גרם     </UnitOfMeasure><QtyInPackage>לא ידוע</QtyInPackage><UnitOfMeasurePrice>0.1706</UnitOfMeasurePrice><AllowDiscount>1</AllowDiscount><ItemStatus>1</ItemStatus><ItemPrice>11.60</ItemPrice></item><item><PriceUpdateDate>2015-10-20 14:58:49</PriceUpdateDate><ItemCode>7290000113180</ItemCode><ItemType>1</ItemType><ItemName>חטיף כיפלי צ'יפס בד"</ItemName><ManufacturerName>כיפלי</ManufacturerName><ManufactureCountry>ישראל</ManufactureCountry><ManufacturerItemDescription>חטיף כיפלי צ'יפס בד"</ManufacturerItemDescription><SoldByWeight/><Quantity>50.00</Quantity><UnitOfMeasure>גרם     </UnitOfMeasure><QtyInPackage>לא ידוע</QtyInPackage><UnitOfMeasurePrice>0.1220</UnitOfMeasurePrice><AllowDiscount>1</AllowDiscount><ItemStatus>1</ItemStatus><ItemPrice>6.10</ItemPrice></item><item><PriceUpdateDate>2015-10-20 14:58:53</PriceUpdateDate><ItemCode>7290000113203</ItemCode><ItemType>1</ItemType><ItemName>חטיף כיפלי צ'יפס קטש</ItemName><ManufacturerName>כיפלי</ManufacturerName><ManufactureCountry>ישראל</ManufactureCountry><ManufacturerItemDescription>חטיף כיפלי צ'יפס קטש</ManufacturerItemDescription><SoldByWeight/><Quantity>14.00</Quantity><UnitOfMeasure>גרם     </UnitOfMeasure><QtyInPackage>לא ידוע</QtyInPackage><UnitOfMeasurePrice>0.4357</UnitOfMeasurePrice><AllowDiscount>1</AllowDiscount><ItemStatus>1</ItemStatus><ItemPrice>6.10</ItemPrice></item><item><PriceUpdateDate>2015-10-13 09:48:06</PriceUpdateDate><ItemCode>7290000113654</ItemCode><ItemType>1</ItemType><ItemName>מרק נמס בכוס לייט זו</ItemName><ManufacturerName>קנור</ManufacturerName><ManufactureCountry>ישראל</ManufactureCountry><ManufacturerItemDescription>מרקלייט נמס ירקות 034  גר</ManufacturerItemDescription><SoldByWeight/><Quantity>14.00</Quantity><UnitOfMeasure>גרם     </UnitOfMeasure><QtyInPackage>לא ידוע</QtyInPackage><UnitOfMeasurePrice>0.5929</UnitOfMeasurePrice><AllowDiscount>1</AllowDiscount><ItemStatus>1</ItemStatus><ItemPrice>8.30</ItemPrice></item><item><PriceUpdateDate>2015-11-17 07:38:32</PriceUpdateDate><ItemCode>7290000114255</ItemCode><ItemType>1</ItemType><ItemName>קוואקר 500 גרם</ItemName><ManufacturerName>תלמה</ManufacturerName><ManufactureCountry>ישראל</ManufactureCountry><ManufacturerItemDescription>קוואקר 500 גרם</ManufacturerItemDescription><SoldByWeight/><Quantity>500.00</Quantity><UnitOfMeasure>גרם     </UnitOfMeasure><QtyInPackage>לא ידוע</QtyInPackage><UnitOfMeasurePrice>0.0334</UnitOfMeasurePrice><AllowDiscount>1</AllowDiscount><ItemStatus>1</ItemStatus><ItemPrice>16.70</ItemPrice></item><item><PriceUpdateDate>2015-12-24 08:06:36</PriceUpdateDate><ItemCode>7290000114897</ItemCode><ItemType>1</ItemType><ItemName>קורנפלקס כספי תלמה 7</ItemName><ManufacturerName>לא ממותג</ManufacturerName><ManufactureCountry>ישראל</ManufactureCountry><ManufacturerItemDescription>קורנפלקס של אלופים 750 גר</ManufacturerItemDescription><SoldByWeight/><Quantity>750.00</Quantity><UnitOfMeasure>גרם     </UnitOfMeasure><QtyInPackage>לא ידוע</QtyInPackage><UnitOfMeasurePrice>0.0199</UnitOfMeasurePrice><AllowDiscount>0</AllowDiscount><ItemStatus>1</ItemStatus><ItemPrice>14.90</ItemPrice></item><item><PriceUpdateDate>2016-05-31 09:33:27</PriceUpdateDate><ItemCode>7290000116204</ItemCode><ItemType>1</ItemType><ItemName>מרק דגש בשקית 1 ק"ג</ItemName><ManufacturerName>תלמה</ManufacturerName><ManufactureCountry>ישראל</ManufactureCountry><ManufacturerItemDescription>מרק דגש בשקית 1 ק"ג</ManufacturerItemDescription><SoldByWeight/><Quantity>1000.00</Quantity><UnitOfMeasure>גרם     </UnitOfMeasure><QtyInPackage>לא ידוע</QtyInPackage><UnitOfMeasurePrice>0.0149</UnitOfMeasurePrice><AllowDiscount>1</AllowDiscount><ItemStatus>1</ItemStatus><ItemPrice>14.90</ItemPrice></item><item><PriceUpdateDate>2016-08-10 11:21:41</PriceUpdateDate><ItemCode>7290000117430</ItemCode><ItemType>1</ItemType><ItemName>חטיף דגנים קוקומן 8</ItemName><ManufacturerName>קוקומן</ManufacturerName><ManufactureCountry>ישראל</ManufactureCountry><ManufacturerItemDescription>חטיף דגנים קוקומן 8</ManufacturerItemDescription><SoldByWeight/><Quantity>168.00</Quantity><UnitOfMeasure>גרם     </UnitOfMeasure><QtyInPackage>לא ידוע</QtyInPackage><UnitOfMeasurePrice>0.1363</UnitOfMeasurePrice><AllowDiscount>1</AllowDiscount><ItemStatus>1</ItemStatus><ItemPrice>22.90</ItemPrice></item><item><PriceUpdateDate>2015-10-13 09:48:06</PriceUpdateDate><ItemCode>7290000117720</ItemCode><ItemType>1</ItemType><ItemName>זוג מרק נמס בכוס קנו</ItemName><ManufacturerName>קנור</ManufacturerName><ManufactureCountry>ישראל</ManufactureCountry><ManufacturerItemDescription>מרק נמס בכוס פטריות</ManufacturerItemDescription><SoldByWeight/><Quantity>43.00</Quantity><UnitOfMeasure>גרם     </UnitOfMeasure><QtyInPackage>לא ידוע</QtyInPackage><UnitOfMeasurePrice>0.1930</UnitOfMeasurePrice><AllowDiscount>1</AllowDiscount><ItemStatus>1</ItemStatus><ItemPrice>8.30</ItemPrice></item><item><PriceUpdateDate>2016-08-02 06:31:13</PriceUpdateDate><ItemCode>7290000120393</ItemCode><ItemType>1</ItemType><ItemName>מב פנטסטיק סיף ג'ל א</ItemName><ManufacturerName>סיף-פנטסטיק</ManufacturerName><ManufactureCountry>ישראל</ManufactureCountry><ManufacturerItemDescription>מב פנטסטיק סיף ג'ל א</ManufacturerItemDescription><SoldByWeight/><Quantity>750.00</Quantity><UnitOfMeasure>מ"ל</UnitOfMeasure><QtyInPackage>לא ידוע</QtyInPackage><UnitOfMeasurePrice>0.0132</UnitOfMeasurePrice><AllowDiscount>1</AllowDiscount><ItemStatus>1</ItemStatus><ItemPrice>9.90</ItemPrice></item><item><PriceUpdateDate>2016-02-08 07:25:30</PriceUpdateDate><ItemCode>7290000120874</ItemCode><ItemType>1</ItemType><ItemName>מיונז הלמנס 424 גרם</ItemName><ManufacturerName>הלמנס</ManufacturerName><ManufactureCountry>ארצות הברית</ManufactureCountry><ManufacturerItemDescription>מחצלת לגלגול סושי 1 יחיד</ManufacturerItemDescription><SoldByWeight/><Quantity>424.00</Quantity><UnitOfMeasure>גרם     </UnitOfMeasure><QtyInPackage>לא ידוע</QtyInPackage><UnitOfMeasurePrice>0.0351</UnitOfMeasurePrice><AllowDiscount>1</AllowDiscount><ItemStatus>1</ItemStatus><ItemPrice>14.90</ItemPrice></item><item><PriceUpdateDate>2016-06-27 19:05:37</PriceUpdateDate><ItemCode>7290000121093</ItemCode><ItemType>1</ItemType><ItemName>מון בלאן טעם שויצרי</ItemName><ManufacturerName>מון בלאן</ManufacturerName><ManufactureCountry>ישראל</ManufactureCountry><ManufacturerItemDescription>גבינה מותכת7%שומן-שוויצרי</ManufacturerItemDescription><SoldByWeight/><Quantity>120.00</Quantity><UnitOfMeasure>גרם     </UnitOfMeasure><QtyInPackage>לא ידוע</QtyInPackage><UnitOfMeasurePrice>0.1033</UnitOfMeasurePrice><AllowDiscount>1</AllowDiscount><ItemStatus>1</ItemStatus><ItemPrice>12.40</ItemPrice></item><item><PriceUpdateDate>2015-11-17 07:38:32</PriceUpdateDate><ItemCode>7290000121239</ItemCode><ItemType>1</ItemType><ItemName>מיוקל 5% שומן 500 גר</ItemName><ManufacturerName>מיוקל</ManufacturerName><ManufactureCountry>ישראל</ManufactureCountry><ManufacturerItemDescription>מיוקל 5% שומן 500 גר</ManufacturerItemDescription><SoldByWeight/><Quantity>500.00</Quantity><UnitOfMeasure>גרם     </UnitOfMeasure><QtyInPackage>לא ידוע</QtyInPackage><UnitOfMeasurePrice>0.0300</UnitOfMeasurePrice><AllowDiscount>1</AllowDiscount><ItemStatus>1</ItemStatus><ItemPrice>15.00</ItemPrice></item><item><PriceUpdateDate>2016-05-31 09:33:28</PriceUpdateDate><ItemCode>7290000122649</ItemCode><ItemType>1</ItemType><ItemName>פתית בצל 250 גרם</ItemName><ManufacturerName>פתית</ManufacturerName><ManufactureCountry>ישראל</ManufactureCountry><ManufacturerItemDescription>פתית בצל 250 גרם</ManufacturerItemDescription><SoldByWeight/><Quantity>250.00</Quantity><UnitOfMeasure>גרם     </UnitOfMeasure><QtyInPackage>לא ידוע</QtyInPackage><UnitOfMeasurePrice>0.0708</UnitOfMeasurePrice><AllowDiscount>1</AllowDiscount><ItemStatus>1</ItemStatus><ItemPrice>17.70</ItemPrice></item><item><PriceUpdateDate>2015-10-22 09:58:50</PriceUpdateDate><ItemCode>7290000122700</ItemCode><ItemType>1</ItemType><ItemName>סירופ אפיכל מייפל 60</ItemName><ManufacturerName>אפיכל</ManufacturerName><ManufactureCountry>ישראל</ManufactureCountry><ManufacturerItemDescription>סירופ אפיכל מייפל 60</ManufacturerItemDescription><SoldByWeight/><Quantity>600.00</Quantity><UnitOfMeasure>מ"ל</UnitOfMeasure><QtyInPackage>לא ידוע</QtyInPackage><UnitOfMeasurePrice>0.0320</UnitOfMeasurePrice><AllowDiscount>1</AllowDiscount><ItemStatus>1</ItemStatus><ItemPrice>19.20</ItemPrice></item><item><PriceUpdateDate>2015-10-22 09:58:50</PriceUpdateDate><ItemCode>7290000123158</ItemCode><ItemType>1</ItemType><ItemName>מרגרינה מזולה 250גרם</ItemName><ManufacturerName>מזולה</ManufacturerName><ManufactureCountry>ישראל</ManufactureCountry><ManufacturerItemDescription>מרגרינה מזולה 250גרם</ManufacturerItemDescription><SoldByWeight/><Quantity>250.00</Quantity><UnitOfMeasure>גרם     </UnitOfMeasure><QtyInPackage>לא ידוע</QtyInPackage><UnitOfMeasurePrice>0.0448</UnitOfMeasurePrice><AllowDiscount>1</AllowDiscount><ItemStatus>1</ItemStatus><ItemPrice>11.20</ItemPrice></item><item><PriceUpdateDate>2015-10-22 09:58:50</PriceUpdateDate><ItemCode>7290000123172</ItemCode><ItemType>1</ItemType><ItemName>מרגרינה מזולה 250 גר</ItemName><ManufacturerName>מזולה</ManufacturerName><ManufactureCountry>ישראל</ManufactureCountry><ManufacturerItemDescription>מרגרינה מזולה 250 גר</ManufacturerItemDescription><SoldByWeight/><Quantity>250.00</Quantity><UnitOfMeasure>גרם     </UnitOfMeasure><QtyInPackage>לא ידוע</QtyInPackage><UnitOfMeasurePrice>0.0412</UnitOfMeasurePrice><AllowDiscount>1</AllowDiscount><ItemStatus>1</ItemStatus><ItemPrice>10.30</ItemPrice></item><item><PriceUpdateDate>2015-11-17 07:38:33</PriceUpdateDate><ItemCode>7290000125251</ItemCode><ItemType>1</ItemType><ItemName>שמפו כביסה בדיו 2 לי</ItemName><ManufacturerName>קלין-סיף</ManufacturerName><ManufactureCountry>ישראל</ManufactureCountry><ManufacturerItemDescription>שמפו כביסה בדיו 2 לי</ManufacturerItemDescription><SoldByWeight/><Quantity>2000.00</Quantity><UnitOfMeasure>מ"ל</UnitOfMeasure><QtyInPackage>לא ידוע</QtyInPackage><UnitOfMeasurePrice>0.0140</UnitOfMeasurePrice><AllowDiscount>1</AllowDiscount><ItemStatus>1</ItemStatus><ItemPrice>28.00</ItemPrice></item><item><PriceUpdateDate>2016-08-02 06:36:11</PriceUpdateDate><ItemCode>7290000127705</ItemCode><ItemType>1</ItemType><ItemName>מב מאגדת שישיה מריר</ItemName><ManufacturerName>ורד הגליל</ManufacturerName><ManufactureCountry>ישראל</ManufactureCountry><ManufacturerItemDescription>מב מאגדת שישיה מריר</ManufacturerItemDescription><SoldByWeight/><Quantity>600.00</Quantity><UnitOfMeasure>גרם     </UnitOfMeasure><QtyInPackage>לא ידוע</QtyInPackage><UnitOfMeasurePrice>0.0332</UnitOfMeasurePrice><AllowDiscount>1</AllowDiscount><ItemStatus>1</ItemStatus><ItemPrice>19.90</ItemPrice></item><item><PriceUpdateDate>2015-11-17 07:38:33</PriceUpdateDate><ItemCode>7290000129457</ItemCode><ItemType>1</ItemType><ItemName>רוטב פטריות 28 גרם</ItemName><ManufacturerName>קנור</ManufacturerName><ManufactureCountry>ישראל</ManufactureCountry><ManufacturerItemDescription>רוטב פטריות 28 גרם</ManufacturerItemDescription><SoldByWeight/><Quantity>28.00</Quantity><UnitOfMeasure>גרם     </UnitOfMeasure><QtyInPackage>לא ידוע</QtyInPackage><UnitOfMeasurePrice>0.1929</UnitOfMeasurePrice><AllowDiscount>1</AllowDiscount><ItemStatus>1</ItemStatus><ItemPrice>5.40</ItemPrice></item><item><PriceUpdateDate>2015-11-17 07:38:33</PriceUpdateDate><ItemCode>7290000134147</ItemCode><ItemType>1</ItemType><ItemName>מוסקט טחון 40 גרם</ItemName><ManufacturerName>תבליני טעם וריח</ManufacturerName><ManufactureCountry>ישראל</ManufactureCountry><ManufacturerItemDescription>מוסקט טחון 40 גר פלסטיק ק</ManufacturerItemDescription><SoldByWeight/><Quantity>40.00</Quantity><UnitOfMeasure>גרם     </UnitOfMeasure><QtyInPackage>לא ידוע</QtyInPackage><UnitOfMeasurePrice>0.3650</UnitOfMeasurePrice><AllowDiscount>1</AllowDiscount><ItemStatus>1</ItemStatus><ItemPrice>14.60</ItemPrice></item><item><PriceUpdateDate>2015-11-17 07:38:33</PriceUpdateDate><ItemCode>7290000134307</ItemCode><ItemType>1</ItemType><ItemName>קינמון 50 גרם</ItemName><ManufacturerName>טעם וריח</ManufacturerName><ManufactureCountry>ישראל</ManufactureCountry><ManufacturerItemDescription>קינמון טחון 50 גר שקית</ManufacturerItemDescription><SoldByWeight/><Quantity>50.00</Quantity><UnitOfMeasure>גרם     </UnitOfMeasure><QtyInPackage>לא ידוע</QtyInPackage><UnitOfMeasurePrice>0.0940</UnitOfMeasurePrice><AllowDiscount>1</AllowDiscount><ItemStatus>1</ItemStatus><ItemPrice>4.70</ItemPrice></item><item><PriceUpdateDate>2015-10-22 09:58:50</PriceUpdateDate><ItemCode>7290000134376</ItemCode><ItemType>1</ItemType><ItemName>פפריקה מתוקה בשמן</ItemName><ManufacturerName>תבליני טעם וריח</ManufacturerName><ManufactureCountry>ישראל</ManufactureCountry><ManufacturerItemDescription>פפריקה מתוקה בשמן</ManufacturerItemDescription><SoldByWeight/><Quantity>100.00</Quantity><UnitOfMeasure>גרם     </UnitOfMeasure><QtyInPackage>לא ידוע</QtyInPackage><UnitOfMeasurePrice>0.1220</UnitOfMeasurePrice><AllowDiscount>1</AllowDiscount><ItemStatus>1</ItemStatus><ItemPrice>12.20</ItemPrice></item><item><PriceUpdateDate>2016-07-15 11:59:07</PriceUpdateDate><ItemCode>7290000136004</ItemCode><ItemType>1</ItemType><ItemName>משקה ג'אמפ לימונדה 1</ItemName><ManufacturerName>גאמפ</ManufacturerName><ManufactureCountry>ישראל</ManufactureCountry><ManufacturerItemDescription>משקל גאמפ תפוזים 1.5 ל</ManufacturerItemDescription><SoldByWeight/><Quantity>1500.00</Quantity><UnitOfMeasure>מ"ל</UnitOfMeasure><QtyInPackage>לא ידוע</QtyInPackage><UnitOfMeasurePrice>0.0046</UnitOfMeasurePrice><AllowDiscount>1</AllowDiscount><ItemStatus>1</ItemStatus><ItemPrice>6.90</ItemPrice></item><item><PriceUpdateDate>2016-05-31 09:33:28</PriceUpdateDate><ItemCode>7290000137513</ItemCode><ItemType>1</ItemType><ItemName>גלידונית וניל בציפוי</ItemName><ManufacturerName>קרמיסימו</ManufacturerName><ManufactureCountry>ישראל</ManufactureCountry><ManufacturerItemDescription>גלידונית</ManufacturerItemDescription><SoldByWeight/><Quantity>630.00</Quantity><UnitOfMeasure>גרם     </UnitOfMeasure><QtyInPackage>לא ידוע</QtyInPackage><UnitOfMeasurePrice>0.0681</UnitOfMeasurePrice><AllowDiscount>1</AllowDiscount><ItemStatus>1</ItemStatus><ItemPrice>42.90</ItemPrice></item><item><PriceUpdateDate>2016-03-16 13:26:05</PriceUpdateDate><ItemCode>7290000143262</ItemCode><ItemType>1</ItemType><ItemName>שמפו הוואי לילדים 70</ItemName><ManufacturerName>הוואי</ManufacturerName><ManufactureCountry>ישראל</ManufactureCountry><ManufacturerItemDescription>שמפו הוואי לילדים 70</ManufacturerItemDescription><SoldByWeight/><Quantity>700.00</Quantity><UnitOfMeasure>מ"ל</UnitOfMeasure><QtyInPackage>לא ידוע</QtyInPackage><UnitOfMeasurePrice>0.0141</UnitOfMeasurePrice><AllowDiscount>0</AllowDiscount><ItemStatus>1</ItemStatus><ItemPrice>9.90</ItemPrice></item><item><PriceUpdateDate>2016-06-07 14:08:21</PriceUpdateDate><ItemCode>7290000144160</ItemCode><ItemType>1</ItemType><ItemName>שמן זית כתית מעולה א</ItemName><ManufacturerName>עץ הזית</ManufacturerName><ManufactureCountry>ישראל</ManufactureCountry><ManufacturerItemDescription>שמן זית כתית מעולה א</ManufacturerItemDescription><SoldByWeight/><Quantity>750.00</Quantity><UnitOfMeasure>מ"ל</UnitOfMeasure><QtyInPackage>לא ידוע</QtyInPackage><UnitOfMeasurePrice>0.0532</UnitOfMeasurePrice><AllowDiscount>1</AllowDiscount><ItemStatus>1</ItemStatus><ItemPrice>39.90</ItemPrice></item><item><PriceUpdateDate>2016-02-01 20:38:09</PriceUpdateDate><ItemCode>7290000144474</ItemCode><ItemType>1</ItemType><ItemName>שמן בריאות קנולה 1 ל</ItemName><ManufacturerName>עץ הזית</ManufacturerName><ManufactureCountry>ישראל</ManufactureCountry><ManufacturerItemDescription>שמן קנולה בריאות 1 ליטר</ManufacturerItemDescription><SoldByWeight/><Quantity>1000.00</Quantity><UnitOfMeasure>מ"ל</UnitOfMeasure><QtyInPackage>לא ידוע</QtyInPackage><UnitOfMeasurePrice>0.0159</UnitOfMeasurePrice><AllowDiscount>1</AllowDiscount><ItemStatus>1</ItemStatus><ItemPrice>15.90</ItemPrice></item><item><PriceUpdateDate>2016-06-27 19:05:37</PriceUpdateDate><ItemCode>7290000146997</ItemCode><ItemType>1</ItemType><ItemName>משחת שיניים טום וג'ר</ItemName><ManufacturerName>טום אנד גרי</ManufacturerName><ManufactureCountry>ישראל</ManufactureCountry><ManufacturerItemDescription>משחת שיניים טום וג'ר</ManufacturerItemDescription><SoldByWeight/><Quantity>1.00</Quantity><UnitOfMeasure>יח'</UnitOfMeasure><QtyInPackage>לא ידוע</QtyInPackage><UnitOfMeasurePrice>9.9000</UnitOfMeasurePrice><AllowDiscount>1</AllowDiscount><ItemStatus>1</ItemStatus><ItemPrice>9.90</ItemPrice></item><item><PriceUpdateDate>2016-06-27 19:05:37</PriceUpdateDate><ItemCode>7290000149615</ItemCode><ItemType>1</ItemType><ItemName>סבון מוצק נקה-7 רביע</ItemName><ManufacturerName>נקה 7</ManufacturerName><ManufactureCountry>ישראל</ManufactureCountry><ManufacturerItemDescription>סבון מוצק נקה-7 רביע</ManufacturerItemDescription><SoldByWeight/><Quantity>400.00</Quantity><UnitOfMeasure>גרם     </UnitOfMeasure><QtyInPackage>לא ידוע</QtyInPackage><UnitOfMeasurePrice>0.0323</UnitOfMeasurePrice><AllowDiscount>1</AllowDiscount><ItemStatus>1</ItemStatus><ItemPrice>12.90</ItemPrice></item><item><PriceUpdateDate>2015-11-17 07:38:35</PriceUpdateDate><ItemCode>7290000149844</ItemCode><ItemType>1</ItemType><ItemName>סבון כביסה סינטבון א</ItemName><ManufacturerName>סינטבון</ManufacturerName><ManufactureCountry>ישראל</ManufactureCountry><ManufacturerItemDescription>סבון כביסה סינטבון א</ManufacturerItemDescription><SoldByWeight/><Quantity>230.00</Quantity><UnitOfMeasure>גרם     </UnitOfMeasure><QtyInPackage>לא ידוע</QtyInPackage><UnitOfMeasurePrice>0.0452</UnitOfMeasurePrice><AllowDiscount>1</AllowDiscount><ItemStatus>1</ItemStatus><ItemPrice>10.40</ItemPrice></item><item><PriceUpdateDate>2016-06-28 06:23:37</PriceUpdateDate><ItemCode>7290000151472</ItemCode><ItemType>1</ItemType><ItemName>מב נקניק עוף טוב פסט</ItemName><ManufacturerName>עוף טוב</ManufacturerName><ManufactureCountry>ישראל</ManufactureCountry><ManufacturerItemDescription>פסטרמה אמריקאית 300 גר</ManufacturerItemDescription><SoldByWeight/><Quantity>300.00</Quantity><UnitOfMeasure>גרם     </UnitOfMeasure><QtyInPackage>לא ידוע</QtyInPackage><UnitOfMeasurePrice>0.0730</UnitOfMeasurePrice><AllowDiscount>1</AllowDiscount><ItemStatus>1</ItemStatus><ItemPrice>21.90</ItemPrice></item><item><PriceUpdateDate>2016-08-02 06:31:14</PriceUpdateDate><ItemCode>7290000152288</ItemCode><ItemType>1</ItemType><ItemName>נקניקיות עוף 400 גרם</ItemName><ManufacturerName>עוף טוב</ManufacturerName><ManufactureCountry>ישראל</ManufactureCountry><ManufacturerItemDescription>נקניקיות עוף עוף טוב 400</ManufacturerItemDescription><SoldByWeight/><Quantity>400.00</Quantity><UnitOfMeasure>גרם     </UnitOfMeasure><QtyInPackage>לא ידוע</QtyInPackage><UnitOfMeasurePrice>0.0298</UnitOfMeasurePrice><AllowDiscount>1</AllowDiscount><ItemStatus>1</ItemStatus><ItemPrice>11.90</ItemPrice></item><item><PriceUpdateDate>2016-05-05 12:30:21</PriceUpdateDate><ItemCode>7290000158235</ItemCode><ItemType>1</ItemType><ItemName>עוף טוב שניצל עוף דק</ItemName><ManufacturerName>עוף טוב</ManufacturerName><ManufactureCountry>ישראל</ManufactureCountry><ManufacturerItemDescription>שניצל עוף דק ציפס 700 גר</ManufacturerItemDescription><SoldByWeight/><Quantity>700.00</Quantity><UnitOfMeasure>גרם     </UnitOfMeasure><QtyInPackage>לא ידוע</QtyInPackage><UnitOfMeasurePrice>0.0570</UnitOfMeasurePrice><AllowDiscount>1</AllowDiscount><ItemStatus>1</ItemStatus><ItemPrice>39.90</ItemPrice></item><item><PriceUpdateDate>2016-08-02 06:36:12</PriceUpdateDate><ItemCode>7290000158273</ItemCode><ItemType>1</ItemType><ItemName>מב שניצל עוף אמיתי מ</ItemName><ManufacturerName>עוף טוב</ManufacturerName><ManufactureCountry>ישראל</ManufactureCountry><ManufacturerItemDescription>שניצל עוף ציפוי מעודן</ManufacturerItemDescription><SoldByWeight/><Quantity>700.00</Quantity><UnitOfMeasure>גרם     </UnitOfMeasure><QtyInPackage>לא ידוע</QtyInPackage><UnitOfMeasurePrice>0.0413</UnitOfMeasurePrice><AllowDiscount>1</AllowDiscount><ItemStatus>1</ItemStatus><ItemPrice>28.90</ItemPrice></item><item><PriceUpdateDate>2016-08-03 19:12:00</PriceUpdateDate><ItemCode>7290000159447</ItemCode><ItemType>1</ItemType><ItemName>מב שניצל עןף מיני די</ItemName><ManufacturerName>עוף טוב</ManufacturerName><ManufactureCountry>לא ידוע</ManufactureCountry><ManufacturerItemDescription>מב שניצל עןף מיני די</ManufacturerItemDescription><SoldByWeight/><Quantity>400.00</Quantity><UnitOfMeasure>גרם     </UnitOfMeasure><QtyInPackage>לא ידוע</QtyInPackage><UnitOfMeasurePrice>0.0298</UnitOfMeasurePrice><AllowDiscount>1</AllowDiscount><ItemStatus>1</ItemStatus><ItemPrice>11.90</ItemPrice></item><item><PriceUpdateDate>2015-11-12 11:29:32</PriceUpdateDate><ItemCode>7290000161150</ItemCode><ItemType>1</ItemType><ItemName>גולדבנד גביע 250 גרם</ItemName><ManufacturerName>גולדבנד</ManufacturerName><ManufactureCountry>ישראל</ManufactureCountry><ManufacturerItemDescription>גולדבנד גביע 250 גרם</ManufacturerItemDescription><SoldByWeight/><Quantity>250.00</Quantity><UnitOfMeasure>גרם     </UnitOfMeasure><QtyInPackage>לא ידוע</QtyInPackage><UnitOfMeasurePrice>0.0372</UnitOfMeasurePrice><AllowDiscount>1</AllowDiscount><ItemStatus>1</ItemStatus><ItemPrice>9.30</ItemPrice></item><item><PriceUpdateDate>2015-11-12 11:29:32</PriceUpdateDate><ItemCode>7290000161167</ItemCode><ItemType>1</ItemType><ItemName>מחמאה גביע 250 גרם</ItemName><ManufacturerName>מחמאה</ManufacturerName><ManufactureCountry>ישראל</ManufactureCountry><ManufacturerItemDescription>מחמאה גביע 250 גרם</ManufacturerItemDescription><SoldByWeight/><Quantity>250.00</Quantity><UnitOfMeasure>גרם     </UnitOfMeasure><QtyInPackage>לא ידוע</QtyInPackage><UnitOfMeasurePrice>0.0352</UnitOfMeasurePrice><AllowDiscount>1</AllowDiscount><ItemStatus>1</ItemStatus><ItemPrice>8.80</ItemPrice></item><item><PriceUpdateDate>2016-05-01 07:23:08</PriceUpdateDate><ItemCode>7290000161358</ItemCode><ItemType>1</ItemType><ItemName>מיונז אמיתי משמן קנו</ItemName><ManufacturerName>תלמה</ManufacturerName><ManufactureCountry>ישראל</ManufactureCountry><ManufacturerItemDescription>מיונז אמיתי משמן קנו</ManufacturerItemDescription><SoldByWeight/><Quantity>500.00</Quantity><UnitOfMeasure>גרם     </UnitOfMeasure><QtyInPackage>לא ידוע</QtyInPackage><UnitOfMeasurePrice>0.0318</UnitOfMeasurePrice><AllowDiscount>1</AllowDiscount><ItemStatus>1</ItemStatus><ItemPrice>15.90</ItemPrice></item><item><PriceUpdateDate>2015-01-27 06:47:06</PriceUpdateDate><ItemCode>7290000162012</ItemCode><ItemType>1</ItemType><ItemName>דגל לרכב</ItemName><ManufacturerName>לא ממותג</ManufacturerName><ManufactureCountry>ישראל</ManufactureCountry><ManufacturerItemDescription>דגל לרכב</ManufacturerItemDescription><SoldByWeight/><Quantity>0.00</Quantity><UnitOfMeasure>יח'</UnitOfMeasure><QtyInPackage>לא ידוע</QtyInPackage><UnitOfMeasurePrice>0.0000</UnitOfMeasurePrice><AllowDiscount>1</AllowDiscount><ItemStatus>1</ItemStatus><ItemPrice>5.00</ItemPrice></item><item><PriceUpdateDate>2016-04-01 07:46:10</PriceUpdateDate><ItemCode>7290000165691</ItemCode><ItemType>1</ItemType><ItemName>מרכך פינוק שמן אבוקד</ItemName><ManufacturerName>פינוק</ManufacturerName><ManufactureCountry>ישראל</ManufactureCountry><ManufacturerItemDescription>מרכך פינוק שמן אבוקד</ManufacturerItemDescription><SoldByWeight/><Quantity>700.00</Quantity><UnitOfMeasure>מ"ל</UnitOfMeasure><QtyInPackage>לא ידוע</QtyInPackage><UnitOfMeasurePrice>0.0184</UnitOfMeasurePrice><AllowDiscount>1</AllowDiscount><ItemStatus>1</ItemStatus><ItemPrice>12.90</ItemPrice></item><item><PriceUpdateDate>2016-08-02 06:36:12</PriceUpdateDate><ItemCode>7290000165707</ItemCode><ItemType>1</ItemType><ItemName>מב תחליב רחצה פינוק</ItemName><ManufacturerName>פינוק</ManufacturerName><ManufactureCountry>ישראל</ManufactureCountry><ManufacturerItemDescription>מב תחליב רחצה פינוק</ManufacturerItemDescription><SoldByWeight/><Quantity>700.00</Quantity><UnitOfMeasure>מ"ל</UnitOfMeasure><QtyInPackage>לא ידוע</QtyInPackage><UnitOfMeasurePrice>0.0141</UnitOfMeasurePrice><AllowDiscount>1</AllowDiscount><ItemStatus>1</ItemStatus><ItemPrice>9.90</ItemPrice></item><item><PriceUpdateDate>2015-10-22 09:58:51</PriceUpdateDate><ItemCode>7290000166414</ItemCode><ItemType>1</ItemType><ItemName>מזולה לאפיה ללא מלח</ItemName><ManufacturerName>מזולה</ManufacturerName><ManufactureCountry>ישראל</ManufactureCountry><ManufacturerItemDescription>מזולה לאפיה ללא מלח</ManufacturerItemDescription><SoldByWeight/><Quantity>200.00</Quantity><UnitOfMeasure>גרם     </UnitOfMeasure><QtyInPackage>לא ידוע</QtyInPackage><UnitOfMeasurePrice>0.0355</UnitOfMeasurePrice><AllowDiscount>1</AllowDiscount><ItemStatus>1</ItemStatus><ItemPrice>7.10</ItemPrice></item><item><PriceUpdateDate>2015-10-22 09:58:51</PriceUpdateDate><ItemCode>7290000166421</ItemCode><ItemType>1</ItemType><ItemName>מזולה לאפיה טעם חמאה</ItemName><ManufacturerName>מזולה</ManufacturerName><ManufactureCountry>ישראל</ManufactureCountry><ManufacturerItemDescription>מזולה לאפיה טעם חמאה</ManufacturerItemDescription><SoldByWeight/><Quantity>200.00</Quantity><UnitOfMeasure>גרם     </UnitOfMeasure><QtyInPackage>לא ידוע</QtyInPackage><UnitOfMeasurePrice>0.0355</UnitOfMeasurePrice><AllowDiscount>1</AllowDiscount><ItemStatus>1</ItemStatus><ItemPrice>7.10</ItemPrice></item><item><PriceUpdateDate>2016-05-31 09:33:29</PriceUpdateDate><ItemCode>7290000166605</ItemCode><ItemType>1</ItemType><ItemName>סיף פנטסטיק לניקוי כ</ItemName><ManufacturerName>סיף</ManufacturerName><ManufactureCountry>ישראל</ManufactureCountry><ManufacturerItemDescription>סיף פנטסטיק לניקוי כ</ManufacturerItemDescription><SoldByWeight/><Quantity>4000.00</Quantity><UnitOfMeasure>מ"ל</UnitOfMeasure><QtyInPackage>לא ידוע</QtyInPackage><UnitOfMeasurePrice>0.0055</UnitOfMeasurePrice><AllowDiscount>1</AllowDiscount><ItemStatus>1</ItemStatus><ItemPrice>21.90</ItemPrice></item><item><PriceUpdateDate>2015-10-13 09:48:07</PriceUpdateDate><ItemCode>7290000167039</ItemCode><ItemType>1</ItemType><ItemName>חטיף כיפלי מעושן 70</ItemName><ManufacturerName>כיפלי</ManufacturerName><ManufactureCountry>ישראל</ManufactureCountry><ManufacturerItemDescription>חטיף כיפלי מעושן 70</ManufacturerItemDescription><SoldByWeight/><Quantity>70.00</Quantity><UnitOfMeasure>גרם     </UnitOfMeasure><QtyInPackage>לא ידוע</QtyInPackage><UnitOfMeasurePrice>0.0971</UnitOfMeasurePrice><AllowDiscount>1</AllowDiscount><ItemStatus>1</ItemStatus><ItemPrice>6.80</ItemPrice></item><item><PriceUpdateDate>2016-05-31 09:33:29</PriceUpdateDate><ItemCode>7290000168173</ItemCode><ItemType>1</ItemType><ItemName>ברנפלקס קראנצ'ים 375</ItemName><ManufacturerName>ברנפלקס - תלמה</ManufacturerName><ManufactureCountry>ישראל</ManufactureCountry><ManufacturerItemDescription>ברנפלקס קראנצ'ים 375</ManufacturerItemDescription><SoldByWeight/><Quantity>375.00</Quantity><UnitOfMeasure>גרם     </UnitOfMeasure><QtyInPackage>לא ידוע</QtyInPackage><UnitOfMeasurePrice>0.0531</UnitOfMeasurePrice><AllowDiscount>1</AllowDiscount><ItemStatus>1</ItemStatus><ItemPrice>19.90</ItemPrice></item><item><PriceUpdateDate>2016-08-10 11:21:41</PriceUpdateDate><ItemCode>7290000168739</ItemCode><ItemType>1</ItemType><ItemName>קורנפלקס קקאו פתיתי</ItemName><ManufacturerName>תלמה</ManufacturerName><ManufactureCountry>ישראל</ManufactureCountry><ManufacturerItemDescription>קורנפלקס בציפוי קקאו 500</ManufacturerItemDescription><SoldByWeight/><Quantity>500.00</Quantity><UnitOfMeasure>גרם     </UnitOfMeasure><QtyInPackage>לא ידוע</QtyInPackage><UnitOfMeasurePrice>0.0438</UnitOfMeasurePrice><AllowDiscount>1</AllowDiscount><ItemStatus>1</ItemStatus><ItemPrice>21.90</ItemPrice></item><item><PriceUpdateDate>2015-10-13 09:48:07</PriceUpdateDate><ItemCode>7290000169521</ItemCode><ItemType>1</ItemType><ItemName>מרק נמס בכוס ירקות 5</ItemName><ManufacturerName>קנור</ManufacturerName><ManufactureCountry>ישראל</ManufactureCountry><ManufacturerItemDescription>מרק נמס בכוס ירקות קרוטונ</ManufacturerItemDescription><SoldByWeight/><Quantity>14.00</Quantity><UnitOfMeasure>גרם     </UnitOfMeasure><QtyInPackage>לא ידוע</QtyInPackage><UnitOfMeasurePrice>0.5929</UnitOfMeasurePrice><AllowDiscount>1</AllowDiscount><ItemStatus>1</ItemStatus><ItemPrice>8.30</ItemPrice></item><item><PriceUpdateDate>2016-05-31 09:33:29</PriceUpdateDate><ItemCode>7290000170053</ItemCode><ItemType>1</ItemType><ItemName>שוקולד פרה חלב 100 ג</ItemName><ManufacturerName>פרה</ManufacturerName><ManufactureCountry>ישראל</ManufactureCountry><ManufacturerItemDescription>שוקולד פרה חלב שטוח 100 ג</ManufacturerItemDescription><SoldByWeight/><Quantity>100.00</Quantity><UnitOfMeasure>גרם     </UnitOfMeasure><QtyInPackage>לא ידוע</QtyInPackage><UnitOfMeasurePrice>0.0540</UnitOfMeasurePrice><AllowDiscount>0</AllowDiscount><ItemStatus>1</ItemStatus><ItemPrice>5.40</ItemPrice></item><item><PriceUpdateDate>2016-05-31 09:33:29</PriceUpdateDate><ItemCode>7290000170077</ItemCode><ItemType>1</ItemType><ItemName>שוקולד פרה מריר 100</ItemName><ManufacturerName>פרה</ManufacturerName><ManufactureCountry>ישראל</ManufactureCountry><ManufacturerItemDescription>שוקולד פרה מריר שטוח 100</ManufacturerItemDescription><SoldByWeight/><Quantity>100.00</Quantity><UnitOfMeasure>גרם     </UnitOfMeasure><QtyInPackage>לא ידוע</QtyInPackage><UnitOfMeasurePrice>0.0540</UnitOfMeasurePrice><AllowDiscount>0</AllowDiscount><ItemStatus>1</ItemStatus><ItemPrice>5.40</ItemPrice></item><item><PriceUpdateDate>2016-02-16 10:18:31</PriceUpdateDate><ItemCode>7290000170275</ItemCode><ItemType>1</ItemType><ItemName>שוקולד פרה קרם נוגט</ItemName><ManufacturerName>פרה</ManufacturerName><ManufactureCountry>ישראל</ManufactureCountry><ManufacturerItemDescription>שוקולד פרה קרם נוגט 100 ג</ManufacturerItemDescription><SoldByWeight/><Quantity>100.00</Quantity><UnitOfMeasure>גרם     </UnitOfMeasure><QtyInPackage>לא ידוע</QtyInPackage><UnitOfMeasurePrice>0.0690</UnitOfMeasurePrice><AllowDiscount>0</AllowDiscount><ItemStatus>1</ItemStatus><ItemPrice>6.90</ItemPrice></item><item><PriceUpdateDate>2016-05-31 09:33:29</PriceUpdateDate><ItemCode>7290000174044</ItemCode><ItemType>1</ItemType><ItemName>בפלות שוקולד 1 ק"ג ע</ItemName><ManufacturerName>עלית</ManufacturerName><ManufactureCountry>ישראל</ManufactureCountry><ManufacturerItemDescription>בפלות שוקולד 1 ק"ג ע</ManufacturerItemDescription><SoldByWeight/><Quantity>1000.00</Quantity><UnitOfMeasure>גרם     </UnitOfMeasure><QtyInPackage>לא ידוע</QtyInPackage><UnitOfMeasurePrice>0.0193</UnitOfMeasurePrice><AllowDiscount>1</AllowDiscount><ItemStatus>1</ItemStatus><ItemPrice>19.30</ItemPrice></item><item><PriceUpdateDate>2016-05-31 09:33:29</PriceUpdateDate><ItemCode>7290000174723</ItemCode><ItemType>1</ItemType><ItemName>אבקת שוקולית 500 גרם</ItemName><ManufacturerName>שוקולית</ManufacturerName><ManufactureCountry>ישראל</ManufactureCountry><ManufacturerItemDescription>שוקולית עלית 500 גרם</ManufacturerItemDescription><SoldByWeight/><Quantity>500.00</Quantity><UnitOfMeasure>גרם     </UnitOfMeasure><QtyInPackage>לא ידוע</QtyInPackage><UnitOfMeasurePrice>0.0270</UnitOfMeasurePrice><AllowDiscount>1</AllowDiscount><ItemStatus>1</ItemStatus><ItemPrice>13.50</ItemPrice></item><item><PriceUpdateDate>2016-03-16 13:26:05</PriceUpdateDate><ItemCode>7290000176062</ItemCode><ItemType>1</ItemType><ItemName>קפה טורקי עלית בשקית</ItemName><ManufacturerName>עלית</ManufacturerName><ManufactureCountry>ישראל</ManufactureCountry><ManufacturerItemDescription>קפה טורקי בצלופן 100 גרם</ManufacturerItemDescription><SoldByWeight/><Quantity>100.00</Quantity><UnitOfMeasure>גרם     </UnitOfMeasure><QtyInPackage>לא ידוע</QtyInPackage><UnitOfMeasurePrice>0.0880</UnitOfMeasurePrice><AllowDiscount>0</AllowDiscount><ItemStatus>1</ItemStatus><ItemPrice>8.80</ItemPrice></item><item><PriceUpdateDate>2016-02-16 10:18:31</PriceUpdateDate><ItemCode>7290000176079</ItemCode><ItemType>1</ItemType><ItemName>קפה טורקי עלית עם הל</ItemName><ManufacturerName>טורקי עלית</ManufacturerName><ManufactureCountry>ישראל</ManufactureCountry><ManufacturerItemDescription>קפה עם הל 100 גר</ManufacturerItemDescription><SoldByWeight/><Quantity>100.00</Quantity><UnitOfMeasure>גרם     </UnitOfMeasure><QtyInPackage>לא ידוע</QtyInPackage><UnitOfMeasurePrice>0.0990</UnitOfMeasurePrice><AllowDiscount>1</AllowDiscount><ItemStatus>1</ItemStatus><ItemPrice>9.90</ItemPrice></item><item><PriceUpdateDate>2016-06-01 10:34:09</PriceUpdateDate><ItemCode>7290000176413</ItemCode><ItemType>1</ItemType><ItemName>קפה נמס עלית 50 גרם</ItemName><ManufacturerName>עלית נמס</ManufacturerName><ManufactureCountry>ישראל</ManufactureCountry><ManufacturerItemDescription>קפה נמס עלית 50 גר</ManufacturerItemDescription><SoldByWeight/><Quantity>14.00</Quantity><UnitOfMeasure>גרם     </UnitOfMeasure><QtyInPackage>לא ידוע</QtyInPackage><UnitOfMeasurePrice>0.7071</UnitOfMeasurePrice><AllowDiscount>0</AllowDiscount><ItemStatus>1</ItemStatus><ItemPrice>9.90</ItemPrice></item><item><PriceUpdateDate>2016-03-16 13:25:37</PriceUpdateDate><ItemCode>7290000176420</ItemCode><ItemType>1</ItemType><ItemName>קפה נמס עלית 200 גרם</ItemName><ManufacturerName>עלית נמס</ManufacturerName><ManufactureCountry>ישראל</ManufactureCountry><ManufacturerItemDescription>קפה נמס עלית פחית 200 גר</ManufacturerItemDescription><SoldByWeight/><Quantity>200.00</Quantity><UnitOfMeasure>גרם     </UnitOfMeasure><QtyInPackage>לא ידוע</QtyInPackage><UnitOfMeasurePrice>0.0995</UnitOfMeasurePrice><AllowDiscount>1</AllowDiscount><ItemStatus>1</ItemStatus><ItemPrice>19.90</ItemPrice></item><item><PriceUpdateDate>2016-05-31 09:30:47</PriceUpdateDate><ItemCode>7290000177694</ItemCode><ItemType>1</ItemType><ItemName>קפה טורקי עלית בואקו</ItemName><ManufacturerName>עלית</ManufacturerName><ManufactureCountry>ישראל</ManufactureCountry><ManufacturerItemDescription>קפה טורקי קלוי טחוןבואקום</ManufacturerItemDescription><SoldByWeight/><Quantity>200.00</Quantity><UnitOfMeasure>גרם     </UnitOfMeasure><QtyInPackage>לא ידוע</QtyInPackage><UnitOfMeasurePrice>0.0945</UnitOfMeasurePrice><AllowDiscount>1</AllowDiscount><ItemStatus>1</ItemStatus><ItemPrice>18.90</ItemPrice></item><item><PriceUpdateDate>2015-10-01 00:27:08</PriceUpdateDate><ItemCode>7290000178707</ItemCode><ItemType>1</ItemType><ItemName>חטיף תפוציפס טבעי 50</ItemName><ManufacturerName>תפוצ'יפס</ManufacturerName><ManufactureCountry>ישראל</ManufactureCountry><ManufacturerItemDescription>תפוציפס מלוח 50 גר</ManufacturerItemDescription><SoldByWeight/><Quantity>14.00</Quantity><UnitOfMeasure>גרם     </UnitOfMeasure><QtyInPackage>לא ידוע</QtyInPackage><UnitOfMeasurePrice>0.2786</UnitOfMeasurePrice><AllowDiscount>1</AllowDiscount><ItemStatus>1</ItemStatus><ItemPrice>3.90</ItemPrice></item><item><PriceUpdateDate>2016-06-27 19:05:38</PriceUpdateDate><ItemCode>7290000178721</ItemCode><ItemType>1</ItemType><ItemName>תפוצ'יפס טבעי 200 גר</ItemName><ManufacturerName>תפוצ'יפס</ManufacturerName><ManufactureCountry>ישראל</ManufactureCountry><ManufacturerItemDescription>תפוציפס מלוח 200 גר</ManufacturerItemDescription><SoldByWeight/><Quantity>200.00</Quantity><UnitOfMeasure>גרם     </UnitOfMeasure><QtyInPackage>לא ידוע</QtyInPackage><UnitOfMeasurePrice>0.0610</UnitOfMeasurePrice><AllowDiscount>1</AllowDiscount><ItemStatus>1</ItemStatus><ItemPrice>12.20</ItemPrice></item><item><PriceUpdateDate>2016-05-31 09:33:30</PriceUpdateDate><ItemCode>7290000187921</ItemCode><ItemType>1</ItemType><ItemName>נ.טואלט לילי קלאסיק</ItemName><ManufacturerName>לילי</ManufacturerName><ManufactureCountry>ישראל</ManufactureCountry><ManufacturerItemDescription>נייר טואלט לילי לבן 32 יח</ManufacturerItemDescription><SoldByWeight/><Quantity>589.00</Quantity><UnitOfMeasure>מטר</UnitOfMeasure><QtyInPackage>לא ידוע</QtyInPackage><UnitOfMeasurePrice>0.0657</UnitOfMeasurePrice><AllowDiscount>1</AllowDiscount><ItemStatus>1</ItemStatus><ItemPrice>38.70</ItemPrice></item><item><PriceUpdateDate>2016-08-02 06:31:14</PriceUpdateDate><ItemCode>7290000187938</ItemCode><ItemType>1</ItemType><ItemName>נייר טואלט לילי פסטל</ItemName><ManufacturerName>לילי</ManufacturerName><ManufactureCountry>ישראל</ManufactureCountry><ManufacturerItemDescription>נייר טואלט לילי פסטל</ManufacturerItemDescription><SoldByWeight/><Quantity>589.00</Quantity><UnitOfMeasure>מטר</UnitOfMeasure><QtyInPackage>לא ידוע</QtyInPackage><UnitOfMeasurePrice>0.0691</UnitOfMeasurePrice><AllowDiscount>1</AllowDiscount><ItemStatus>1</ItemStatus><ItemPrice>40.70</ItemPrice></item><item><PriceUpdateDate>2016-01-05 06:05:41</PriceUpdateDate><ItemCode>7290000188355</ItemCode><ItemType>1</ItemType><ItemName>מב מגבת נייר ניקול ש</ItemName><ManufacturerName>ניקול</ManufacturerName><ManufactureCountry>ישראל</ManufactureCountry><ManufacturerItemDescription>מגבת נייר ניקול</ManufacturerItemDescription><SoldByWeight/><Quantity>6.00</Quantity><UnitOfMeasure>מטר</UnitOfMeasure><QtyInPackage>לא ידוע</QtyInPackage><UnitOfMeasurePrice>1.6500</UnitOfMeasurePrice><AllowDiscount>1</AllowDiscount><ItemStatus>1</ItemStatus><ItemPrice>9.90</ItemPrice></item><item><PriceUpdateDate>2016-08-02 06:36:12</PriceUpdateDate><ItemCode>7290000189116</ItemCode><ItemType>1</ItemType><ItemName>מב מגשיות אלומיניום</ItemName><ManufacturerName>ניקול</ManufacturerName><ManufactureCountry>ישראל</ManufactureCountry><ManufacturerItemDescription>מב מגשיות אלומיניום</ManufacturerItemDescription><SoldByWeight/><Quantity>5.00</Quantity><UnitOfMeasure>יח'</UnitOfMeasure><QtyInPackage>לא ידוע</QtyInPackage><UnitOfMeasurePrice>2.1800</UnitOfMeasurePrice><AllowDiscount>1</AllowDiscount><ItemStatus>1</ItemStatus><ItemPrice>10.90</ItemPrice></item><item><PriceUpdateDate>2016-08-02 06:36:12</PriceUpdateDate><ItemCode>7290000189208</ItemCode><ItemType>1</ItemType><ItemName>מב מטלית הקסם לשיש נ</ItemName><ManufacturerName>ניקול</ManufacturerName><ManufactureCountry>סין</ManufactureCountry><ManufacturerItemDescription>דאודורנט        ורט50גרם</ManufacturerItemDescription><SoldByWeight/><Quantity>1.00</Quantity><UnitOfMeasure>יח'</UnitOfMeasure><QtyInPackage>לא ידוע</QtyInPackage><UnitOfMeasurePrice>5.0000</UnitOfMeasurePrice><AllowDiscount>1</AllowDiscount><ItemStatus>1</ItemStatus><ItemPrice>5.00</ItemPrice></item><item><PriceUpdateDate>2016-08-02 06:36:12</PriceUpdateDate><ItemCode>7290000189598</ItemCode><ItemType>1</ItemType><ItemName>מב מטליות לחות חד"פ</ItemName><ManufacturerName>ניקול</ManufacturerName><ManufactureCountry>ישראל</ManufactureCountry><ManufacturerItemDescription>מגבוני ניקול לניקוי כללי5</ManufacturerItemDescription><SoldByWeight/><Quantity>50.00</Quantity><UnitOfMeasure>יח'</UnitOfMeasure><QtyInPackage>לא ידוע</QtyInPackage><UnitOfMeasurePrice>0.2180</UnitOfMeasurePrice><AllowDiscount>1</AllowDiscount><ItemStatus>1</ItemStatus><ItemPrice>10.90</ItemPrice></item><item><PriceUpdateDate>2016-05-31 09:33:30</PriceUpdateDate><ItemCode>7290000189871</ItemCode><ItemType>1</ItemType><ItemName>אשפתון 60 שקיות ניקו</ItemName><ManufacturerName>ניקול</ManufacturerName><ManufactureCountry>ישראל</ManufactureCountry><ManufacturerItemDescription>ש.אשפה מתכלות 60 יח</ManufacturerItemDescription><SoldByWeight/><Quantity>60.00</Quantity><UnitOfMeasure>חב'</UnitOfMeasure><QtyInPackage>לא ידוע</QtyInPackage><UnitOfMeasurePrice>0.3650</UnitOfMeasurePrice><AllowDiscount>1</AllowDiscount><ItemStatus>1</ItemStatus><ItemPrice>21.90</ItemPrice></item><item><PriceUpdateDate>2016-05-01 07:23:10</PriceUpdateDate><ItemCode>7290000190150</ItemCode><ItemType>1</ItemType><ItemName>מפיות ניקול 3  שכבות</ItemName><ManufacturerName>ניקול</ManufacturerName><ManufactureCountry>ישראל</ManufactureCountry><ManufacturerItemDescription>מפיות ניקול 3  שכבות</ManufacturerItemDescription><SoldByWeight/><Quantity>20.00</Quantity><UnitOfMeasure>חב'</UnitOfMeasure><QtyInPackage>לא ידוע</QtyInPackage><UnitOfMeasurePrice>0.5750</UnitOfMeasurePrice><AllowDiscount>1</AllowDiscount><ItemStatus>1</ItemStatus><ItemPrice>11.50</ItemPrice></item><item><PriceUpdateDate>2015-11-17 07:38:39</PriceUpdateDate><ItemCode>7290000191225</ItemCode><ItemType>1</ItemType><ItemName>חיתולי האגיס ליטל בי</ItemName><ManufacturerName>האגיס</ManufacturerName><ManufactureCountry>לא ידוע</ManufactureCountry><ManufacturerItemDescription>חיתולי האגיס ליטל בי</ManufacturerItemDescription><SoldByWeight/><Quantity>46.00</Quantity><UnitOfMeasure>בודד</UnitOfMeasure><QtyInPackage>לא ידוע</QtyInPackage><UnitOfMeasurePrice>0.8630</UnitOfMeasurePrice><AllowDiscount>1</AllowDiscount><ItemStatus>1</ItemStatus><ItemPrice>39.70</ItemPrice></item><item><PriceUpdateDate>2016-05-05 12:30:22</PriceUpdateDate><ItemCode>7290000191546</ItemCode><ItemType>1</ItemType><ItemName>מב מארז שלישייה מגבו</ItemName><ManufacturerName>לילי</ManufacturerName><ManufactureCountry>ישראל</ManufactureCountry><ManufacturerItemDescription>מגבוני לילי צבעוני בניילו</ManufacturerItemDescription><SoldByWeight/><Quantity>0.00</Quantity><UnitOfMeasure>יח'</UnitOfMeasure><QtyInPackage>לא ידוע</QtyInPackage><UnitOfMeasurePrice>0.0000</UnitOfMeasurePrice><AllowDiscount>1</AllowDiscount><ItemStatus>1</ItemStatus><ItemPrice>8.90</ItemPrice></item><item><PriceUpdateDate>2015-11-17 07:38:39</PriceUpdateDate><ItemCode>7290000193014</ItemCode><ItemType>1</ItemType><ItemName>תחבושות לילי אינטרלו</ItemName><ManufacturerName>לילי</ManufacturerName><ManufactureCountry>ישראל</ManufactureCountry><ManufacturerItemDescription>תחבושות לילי אינטרלו</ManufacturerItemDescription><SoldByWeight/><Quantity>50.00</Quantity><UnitOfMeasure>בודד</UnitOfMeasure><QtyInPackage>לא ידוע</QtyInPackage><UnitOfMeasurePrice>0.2500</UnitOfMeasurePrice><AllowDiscount>1</AllowDiscount><ItemStatus>1</ItemStatus><ItemPrice>12.50</ItemPrice></item><item><PriceUpdateDate>2015-10-22 09:58:52</PriceUpdateDate><ItemCode>7290000193083</ItemCode><ItemType>1</ItemType><ItemName>תחבושות נובה לי 28 י</ItemName><ManufacturerName>לא ידוע</ManufacturerName><ManufactureCountry>ישראל</ManufactureCountry><ManufacturerItemDescription>תחבושות נובה לי בודד 28 י</ManufacturerItemDescription><SoldByWeight/><Quantity>28.00</Quantity><UnitOfMeasure>בודד</UnitOfMeasure><QtyInPackage>לא ידוע</QtyInPackage><UnitOfMeasurePrice>0.4714</UnitOfMeasurePrice><AllowDiscount>1</AllowDiscount><ItemStatus>1</ItemStatus><ItemPrice>13.20</ItemPrice></item><item><PriceUpdateDate>2016-01-05 06:03:45</PriceUpdateDate><ItemCode>7290000193540</ItemCode><ItemType>1</ItemType><ItemName>מגן תחתון  לילי לונג</ItemName><ManufacturerName>לילי</ManufacturerName><ManufactureCountry>ישראל</ManufactureCountry><ManufacturerItemDescription>מגן תחתון  לילי לונג</ManufacturerItemDescription><SoldByWeight/><Quantity>52.00</Quantity><UnitOfMeasure>בודד</UnitOfMeasure><QtyInPackage>לא ידוע</QtyInPackage><UnitOfMeasurePrice>0.3788</UnitOfMeasurePrice><AllowDiscount>1</AllowDiscount><ItemStatus>1</ItemStatus><ItemPrice>19.70</ItemPrice></item><item><PriceUpdateDate>2016-01-05 06:03:45</PriceUpdateDate><ItemCode>7290000193793</ItemCode><ItemType>1</ItemType><ItemName>תחבושות לילי נורמל 2</ItemName><ManufacturerName>לא ידוע</ManufacturerName><ManufactureCountry>ישראל</ManufactureCountry><ManufacturerItemDescription>תחבושות לילי נורמל 2</ManufacturerItemDescription><SoldByWeight/><Quantity>24.00</Quantity><UnitOfMeasure>בודד</UnitOfMeasure><QtyInPackage>לא ידוע</QtyInPackage><UnitOfMeasurePrice>0.8208</UnitOfMeasurePrice><AllowDiscount>1</AllowDiscount><ItemStatus>1</ItemStatus><ItemPrice>19.70</ItemPrice></item><item><PriceUpdateDate>2016-06-27 19:05:39</PriceUpdateDate><ItemCode>7290000196039</ItemCode><ItemType>1</ItemType><ItemName>זוג מפות שולחן חד"פ</ItemName><ManufacturerName>ניקול</ManufacturerName><ManufactureCountry>ישראל</ManufactureCountry><ManufacturerItemDescription>מפות ניקול זוג</ManufacturerItemDescription><SoldByWeight/><Quantity>2.00</Quantity><UnitOfMeasure>יח'</UnitOfMeasure><QtyInPackage>לא ידוע</QtyInPackage><UnitOfMeasurePrice>7.6000</UnitOfMeasurePrice><AllowDiscount>1</AllowDiscount><ItemStatus>1</ItemStatus><ItemPrice>15.20</ItemPrice></item><item><PriceUpdateDate>2016-05-01 07:23:10</PriceUpdateDate><ItemCode>7290000197326</ItemCode><ItemType>1</ItemType><ItemName>זוג רדיד אלומיניום ק</ItemName><ManufacturerName>ניקול</ManufacturerName><ManufactureCountry>ישראל</ManufactureCountry><ManufacturerItemDescription>רדיד אלומיניום 7.5*30 זוג</ManufacturerItemDescription><SoldByWeight/><Quantity>2.00</Quantity><UnitOfMeasure>יח'</UnitOfMeasure><QtyInPackage>לא ידוע</QtyInPackage><UnitOfMeasurePrice>5.4500</UnitOfMeasurePrice><AllowDiscount>1</AllowDiscount><ItemStatus>1</ItemStatus><ItemPrice>10.90</ItemPrice></item><item><PriceUpdateDate>2016-05-31 09:33:30</PriceUpdateDate><ItemCode>7290000197463</ItemCode><ItemType>1</ItemType><ItemName>חיתולי האגיס פרידום</ItemName><ManufacturerName>האגיס</ManufacturerName><ManufactureCountry>לא ידוע</ManufactureCountry><ManufacturerItemDescription>חיתולי האגיס פרידום</ManufacturerItemDescription><SoldByWeight/><Quantity>42.00</Quantity><UnitOfMeasure>בודד</UnitOfMeasure><QtyInPackage>לא ידוע</QtyInPackage><UnitOfMeasurePrice>1.0214</UnitOfMeasurePrice><AllowDiscount>1</AllowDiscount><ItemStatus>1</ItemStatus><ItemPrice>42.90</ItemPrice></item><item><PriceUpdateDate>2016-08-02 06:36:13</PriceUpdateDate><ItemCode>7290000197753</ItemCode><ItemType>1</ItemType><ItemName>מב זוג ניילון נצמד נ</ItemName><ManufacturerName>ניקול</ManufacturerName><ManufactureCountry>ישראל</ManufactureCountry><ManufacturerItemDescription>ניילונית ניקול זוג</ManufacturerItemDescription><SoldByWeight/><Quantity>60.00</Quantity><UnitOfMeasure>מטר</UnitOfMeasure><QtyInPackage>לא ידוע</QtyInPackage><UnitOfMeasurePrice>0.1817</UnitOfMeasurePrice><AllowDiscount>1</AllowDiscount><ItemStatus>1</ItemStatus><ItemPrice>10.90</ItemPrice></item><item><PriceUpdateDate>2016-05-31 09:33:30</PriceUpdateDate><ItemCode>7290000201849</ItemCode><ItemType>1</ItemType><ItemName>טיטולים פרמיום שלב 4</ItemName><ManufacturerName>טיטולים פרמיום</ManufacturerName><ManufactureCountry>ישראל</ManufactureCountry><ManufacturerItemDescription>טיטולים פרמיום שלב 4</ManufacturerItemDescription><SoldByWeight/><Quantity>42.00</Quantity><UnitOfMeasure>בודד</UnitOfMeasure><QtyInPackage>לא ידוע</QtyInPackage><UnitOfMeasurePrice>0.7833</UnitOfMeasurePrice><AllowDiscount>1</AllowDiscount><ItemStatus>1</ItemStatus><ItemPrice>32.90</ItemPrice></item><item><PriceUpdateDate>2016-05-05 12:30:22</PriceUpdateDate><ItemCode>7290000204215</ItemCode><ItemType>1</ItemType><ItemName>כרית יפנית שישייה ני</ItemName><ManufacturerName>ניקול</ManufacturerName><ManufactureCountry>ישראל</ManufactureCountry><ManufacturerItemDescription>כרית יפנית 2+4 ניקול</ManufacturerItemDescription><SoldByWeight/><Quantity>0.00</Quantity><UnitOfMeasure>יח'</UnitOfMeasure><QtyInPackage>לא ידוע</QtyInPackage><UnitOfMeasurePrice>0.0000</UnitOfMeasurePrice><AllowDiscount>1</AllowDiscount><ItemStatus>1</ItemStatus><ItemPrice>10.90</ItemPrice></item><item><PriceUpdateDate>2016-05-05 12:30:22</PriceUpdateDate><ItemCode>7290000204253</ItemCode><ItemType>1</ItemType><ItemName>מטליות רב שימושי ניק</ItemName><ManufacturerName>ניקול</ManufacturerName><ManufactureCountry>ישראל</ManufactureCountry><ManufacturerItemDescription>מטלית ניקול</ManufacturerItemDescription><SoldByWeight/><Quantity>1.00</Quantity><UnitOfMeasure>יח'</UnitOfMeasure><QtyInPackage>לא ידוע</QtyInPackage><UnitOfMeasurePrice>10.9000</UnitOfMeasurePrice><AllowDiscount>1</AllowDiscount><ItemStatus>1</ItemStatus><ItemPrice>10.90</ItemPrice></item><item><PriceUpdateDate>2016-08-02 06:36:13</PriceUpdateDate><ItemCode>7290000204307</ItemCode><ItemType>1</ItemType><ItemName>מב מטליות רב שימושיו</ItemName><ManufacturerName>ניקול</ManufacturerName><ManufactureCountry>ישראל</ManufactureCountry><ManufacturerItemDescription>מב מטליות רב שימושיו</ManufacturerItemDescription><SoldByWeight/><Quantity>40.00</Quantity><UnitOfMeasure>חב'</UnitOfMeasure><QtyInPackage>לא ידוע</QtyInPackage><UnitOfMeasurePrice>0.4225</UnitOfMeasurePrice><AllowDiscount>1</AllowDiscount><ItemStatus>1</ItemStatus><ItemPrice>16.90</ItemPrice></item><item><PriceUpdateDate>2016-08-02 06:36:13</PriceUpdateDate><ItemCode>7290000204611</ItemCode><ItemType>1</ItemType><ItemName>מב ניקול ספוגית הקסם</ItemName><ManufacturerName>ניקול</ManufacturerName><ManufactureCountry>ישראל</ManufactureCountry><ManufacturerItemDescription>ספוגית הקסם</ManufacturerItemDescription><SoldByWeight/><Quantity>0.00</Quantity><UnitOfMeasure>יח'</UnitOfMeasure><QtyInPackage>לא ידוע</QtyInPackage><UnitOfMeasurePrice>0.0000</UnitOfMeasurePrice><AllowDiscount>1</AllowDiscount><ItemStatus>1</ItemStatus><ItemPrice>10.90</ItemPrice></item><item><PriceUpdateDate>2016-04-08 08:37:39</PriceUpdateDate><ItemCode>7290000207162</ItemCode><ItemType>1</ItemType><ItemName>רסק עגבניות יכין 100</ItemName><ManufacturerName>יכין</ManufacturerName><ManufactureCountry>ישראל</ManufactureCountry><ManufacturerItemDescription>רסק עגבניות יכין 100</ManufacturerItemDescription><SoldByWeight/><Quantity>100.00</Quantity><UnitOfMeasure>גרם     </UnitOfMeasure><QtyInPackage>לא ידוע</QtyInPackage><UnitOfMeasurePrice>0.0200</UnitOfMeasurePrice><AllowDiscount>0</AllowDiscount><ItemStatus>1</ItemStatus><ItemPrice>2.00</ItemPrice></item><item><PriceUpdateDate>2015-01-27 06:47:43</PriceUpdateDate><ItemCode>7290000207438</ItemCode><ItemType>1</ItemType><ItemName>קוביות עגבניות A2.5</ItemName><ManufacturerName>יכין</ManufacturerName><ManufactureCountry>ישראל</ManufactureCountry><ManufacturerItemDescription>קוביות עגבניות A2.5</ManufacturerItemDescription><SoldByWeight/><Quantity>800.00</Quantity><UnitOfMeasure>גרם     </UnitOfMeasure><QtyInPackage>לא ידוע</QtyInPackage><UnitOfMeasurePrice>0.0115</UnitOfMeasurePrice><AllowDiscount>1</AllowDiscount><ItemStatus>1</ItemStatus><ItemPrice>9.20</ItemPrice></item><item><PriceUpdateDate>2015-11-17 07:38:42</PriceUpdateDate><ItemCode>7290000208114</ItemCode><ItemType>1</ItemType><ItemName>אפונה וגזר A2 550 גר</ItemName><ManufacturerName>לא ממותג</ManufacturerName><ManufactureCountry>ישראל</ManufactureCountry><ManufacturerItemDescription>אפונה וגזר 550 גרם יכין</ManufacturerItemDescription><SoldByWeight/><Quantity>330.00</Quantity><UnitOfMeasure>גרם     </UnitOfMeasure><QtyInPackage>לא ידוע</QtyInPackage><UnitOfMeasurePrice>0.0255</UnitOfMeasurePrice><AllowDiscount>0</AllowDiscount><ItemStatus>1</ItemStatus><ItemPrice>8.40</ItemPrice></item><item><PriceUpdateDate>2015-11-17 07:38:42</PriceUpdateDate><ItemCode>7290000208213</ItemCode><ItemType>1</ItemType><ItemName>שעועית אפויה A2 560</ItemName><ManufacturerName>יכין</ManufacturerName><ManufactureCountry>ישראל</ManufactureCountry><ManufacturerItemDescription>שעועית אפויה A2 560</ManufacturerItemDescription><SoldByWeight/><Quantity>560.00</Quantity><UnitOfMeasure>גרם     </UnitOfMeasure><QtyInPackage>לא ידוע</QtyInPackage><UnitOfMeasurePrice>0.0157</UnitOfMeasurePrice><AllowDiscount>0</AllowDiscount><ItemStatus>1</ItemStatus><ItemPrice>8.80</ItemPrice></item><item><PriceUpdateDate>2015-11-17 07:38:42</PriceUpdateDate><ItemCode>7290000208220</ItemCode><ItemType>1</ItemType><ItemName>צ'ילי שעועית אפויה 3</ItemName><ManufacturerName>לא ידוע</ManufacturerName><ManufactureCountry>ישראל</ManufactureCountry><ManufacturerItemDescription>צ'ילי שעועית אפויה 3</ManufacturerItemDescription><SoldByWeight/><Quantity>335.00</Quantity><UnitOfMeasure>גרם     </UnitOfMeasure><QtyInPackage>לא ידוע</QtyInPackage><UnitOfMeasurePrice>0.0266</UnitOfMeasurePrice><AllowDiscount>1</AllowDiscount><ItemStatus>1</ItemStatus><ItemPrice>8.90</ItemPrice></item><item><PriceUpdateDate>2016-05-31 09:33:30</PriceUpdateDate><ItemCode>7290000208329</ItemCode><ItemType>1</ItemType><ItemName>תירס גרעינים A2 560</ItemName><ManufacturerName>יכין</ManufacturerName><ManufactureCountry>ישראל</ManufactureCountry><ManufacturerItemDescription>תירס גרעינים560 גר .יכין</ManufacturerItemDescription><SoldByWeight/><Quantity>335.00</Quantity><UnitOfMeasure>גרם     </UnitOfMeasure><QtyInPackage>לא ידוע</QtyInPackage><UnitOfMeasurePrice>0.0176</UnitOfMeasurePrice><AllowDiscount>1</AllowDiscount><ItemStatus>1</ItemStatus><ItemPrice>5.90</ItemPrice></item><item><PriceUpdateDate>2015-10-13 09:48:08</PriceUpdateDate><ItemCode>7290000208336</ItemCode><ItemType>1</ItemType><ItemName>רסק 22% יכין 260 גרם</ItemName><ManufacturerName>יכין</ManufacturerName><ManufactureCountry>ישראל</ManufactureCountry><ManufacturerItemDescription>רסק עגבניות 260 22% ג</ManufacturerItemDescription><SoldByWeight/><Quantity>260.00</Quantity><UnitOfMeasure>גרם     </UnitOfMeasure><QtyInPackage>לא ידוע</QtyInPackage><UnitOfMeasurePrice>0.0208</UnitOfMeasurePrice><AllowDiscount>1</AllowDiscount><ItemStatus>1</ItemStatus><ItemPrice>5.40</ItemPrice></item><item><PriceUpdateDate>2016-05-31 09:33:31</PriceUpdateDate><ItemCode>7290000208428</ItemCode><ItemType>1</ItemType><ItemName>חומוס גרעינים A2 560</ItemName><ManufacturerName>יכין</ManufacturerName><ManufactureCountry>ישראל</ManufactureCountry><ManufacturerItemDescription>חומוס560 גר .יכין</ManufacturerItemDescription><SoldByWeight/><Quantity>290.00</Quantity><UnitOfMeasure>גרם     </UnitOfMeasure><QtyInPackage>לא ידוע</QtyInPackage><UnitOfMeasurePrice>0.0203</UnitOfMeasurePrice><AllowDiscount>0</AllowDiscount><ItemStatus>1</ItemStatus><ItemPrice>5.90</ItemPrice></item><item><PriceUpdateDate>2016-03-01 06:24:27</PriceUpdateDate><ItemCode>7290000208480</ItemCode><ItemType>1</ItemType><ItemName>תירס A3 בטעם חמאה 60</ItemName><ManufacturerName>יכין</ManufacturerName><ManufactureCountry>ישראל</ManufactureCountry><ManufacturerItemDescription>תירס A3 בטעם חמאה 60</ManufacturerItemDescription><SoldByWeight/><Quantity>600.00</Quantity><UnitOfMeasure>גרם     </UnitOfMeasure><QtyInPackage>לא ידוע</QtyInPackage><UnitOfMeasurePrice>0.0153</UnitOfMeasurePrice><AllowDiscount>1</AllowDiscount><ItemStatus>1</ItemStatus><ItemPrice>9.20</ItemPrice></item><item><PriceUpdateDate>2016-03-01 06:24:27</PriceUpdateDate><ItemCode>7290000208534</ItemCode><ItemType>1</ItemType><ItemName>תירס קיד A2 600 גרם</ItemName><ManufacturerName>לא ממותג</ManufacturerName><ManufactureCountry>ישראל</ManufactureCountry><ManufacturerItemDescription>תירס קיד A2 600 גרם</ManufacturerItemDescription><SoldByWeight/><Quantity>335.00</Quantity><UnitOfMeasure>גרם     </UnitOfMeasure><QtyInPackage>לא ידוע</QtyInPackage><UnitOfMeasurePrice>0.0281</UnitOfMeasurePrice><AllowDiscount>1</AllowDiscount><ItemStatus>1</ItemStatus><ItemPrice>9.40</ItemPrice></item><item><PriceUpdateDate>2015-10-22 09:58:53</PriceUpdateDate><ItemCode>7290000208855</ItemCode><ItemType>1</ItemType><ItemName>רוטב פסטה יכין 260 ג</ItemName><ManufacturerName>לא ידוע</ManufacturerName><ManufactureCountry>ישראל</ManufactureCountry><ManufacturerItemDescription>רוטב פסטה יכין 260 ג</ManufacturerItemDescription><SoldByWeight/><Quantity>260.00</Quantity><UnitOfMeasure>גרם     </UnitOfMeasure><QtyInPackage>לא ידוע</QtyInPackage><UnitOfMeasurePrice>0.0258</UnitOfMeasurePrice><AllowDiscount>1</AllowDiscount><ItemStatus>1</ItemStatus><ItemPrice>6.70</ItemPrice></item><item><PriceUpdateDate>2015-10-13 09:48:08</PriceUpdateDate><ItemCode>7290000208947</ItemCode><ItemType>1</ItemType><ItemName>עגבניות מרוסקות יכין</ItemName><ManufacturerName>יכין</ManufacturerName><ManufactureCountry>ישראל</ManufactureCountry><ManufacturerItemDescription>עגבניות מרוסקות 260 גרם</ManufacturerItemDescription><SoldByWeight/><Quantity>260.00</Quantity><UnitOfMeasure>גרם     </UnitOfMeasure><QtyInPackage>לא ידוע</QtyInPackage><UnitOfMeasurePrice>0.0254</UnitOfMeasurePrice><AllowDiscount>0</AllowDiscount><ItemStatus>1</ItemStatus><ItemPrice>6.60</ItemPrice></item><item><PriceUpdateDate>2016-06-27 19:05:39</PriceUpdateDate><ItemCode>7290000209012</ItemCode><ItemType>1</ItemType><ItemName>חומץ יכין 1 ליטר</ItemName><ManufacturerName>יכין</ManufacturerName><ManufactureCountry>ישראל</ManufactureCountry><ManufacturerItemDescription>חומץ יכין 1 ליטר</ManufacturerItemDescription><SoldByWeight/><Quantity>1000.00</Quantity><UnitOfMeasure>מ"ל</UnitOfMeasure><QtyInPackage>לא ידוע</QtyInPackage><UnitOfMeasurePrice>0.0071</UnitOfMeasurePrice><AllowDiscount>1</AllowDiscount><ItemStatus>1</ItemStatus><ItemPrice>7.10</ItemPrice></item><item><PriceUpdateDate>2015-10-13 09:48:08</PriceUpdateDate><ItemCode>7290000209708</ItemCode><ItemType>1</ItemType><ItemName>עגבניות מרוסקות בזיל</ItemName><ManufacturerName>יכין</ManufacturerName><ManufactureCountry>ישראל</ManufactureCountry><ManufacturerItemDescription>עגבניות מרוסקות בזיל</ManufacturerItemDescription><SoldByWeight/><Quantity>260.00</Quantity><UnitOfMeasure>גרם     </UnitOfMeasure><QtyInPackage>לא ידוע</QtyInPackage><UnitOfMeasurePrice>0.0254</UnitOfMeasurePrice><AllowDiscount>0</AllowDiscount><ItemStatus>1</ItemStatus><ItemPrice>6.60</ItemPrice></item><item><PriceUpdateDate>2015-01-27 06:47:43</PriceUpdateDate><ItemCode>7290000209715</ItemCode><ItemType>1</ItemType><ItemName>רסק עגבניות 22% A2 5</ItemName><ManufacturerName>לא ידוע</ManufacturerName><ManufactureCountry>ישראל</ManufactureCountry><ManufacturerItemDescription>רסק עגבניות 22% A2 5</ManufacturerItemDescription><SoldByWeight/><Quantity>560.00</Quantity><UnitOfMeasure>גרם     </UnitOfMeasure><QtyInPackage>לא ידוע</QtyInPackage><UnitOfMeasurePrice>0.0146</UnitOfMeasurePrice><AllowDiscount>1</AllowDiscount><ItemStatus>1</ItemStatus><ItemPrice>8.20</ItemPrice></item><item><PriceUpdateDate>2016-05-31 09:33:31</PriceUpdateDate><ItemCode>7290000209722</ItemCode><ItemType>1</ItemType><ItemName>רסק פריכוז 28% A2 58</ItemName><ManufacturerName>יכין</ManufacturerName><ManufactureCountry>ישראל</ManufactureCountry><ManufacturerItemDescription>רסק עגבניות פריכוז 580 יכ</ManufacturerItemDescription><SoldByWeight/><Quantity>580.00</Quantity><UnitOfMeasure>גרם     </UnitOfMeasure><QtyInPackage>לא ידוע</QtyInPackage><UnitOfMeasurePrice>0.0134</UnitOfMeasurePrice><AllowDiscount>1</AllowDiscount><ItemStatus>1</ItemStatus><ItemPrice>7.80</ItemPrice></item><item><PriceUpdateDate>2015-10-13 09:48:08</PriceUpdateDate><ItemCode>7290000209913</ItemCode><ItemType>1</ItemType><ItemName>עגבניות קוביות 260 ג</ItemName><ManufacturerName>לא ידוע</ManufacturerName><ManufactureCountry>ישראל</ManufactureCountry><ManufacturerItemDescription>עגבניות קוביות 260 ג</ManufacturerItemDescription><SoldByWeight/><Quantity>260.00</Quantity><UnitOfMeasure>גרם     </UnitOfMeasure><QtyInPackage>לא ידוע</QtyInPackage><UnitOfMeasurePrice>0.0254</UnitOfMeasurePrice><AllowDiscount>0</AllowDiscount><ItemStatus>1</ItemStatus><ItemPrice>6.60</ItemPrice></item><item><PriceUpdateDate>2015-10-22 09:58:53</PriceUpdateDate><ItemCode>7290000209951</ItemCode><ItemType>1</ItemType><ItemName>רוטב לפיצה 260 גרם</ItemName><ManufacturerName>יכין</ManufacturerName><ManufactureCountry>ישראל</ManufactureCountry><ManufacturerItemDescription>רוטב פיצה 260 גרם</ManufacturerItemDescription><SoldByWeight/><Quantity>260.00</Quantity><UnitOfMeasure>גרם     </UnitOfMeasure><QtyInPackage>לא ידוע</QtyInPackage><UnitOfMeasurePrice>0.0258</UnitOfMeasurePrice><AllowDiscount>1</AllowDiscount><ItemStatus>1</ItemStatus><ItemPrice>6.70</ItemPrice></item><item><PriceUpdateDate>2015-01-27 06:47:43</PriceUpdateDate><ItemCode>7290000210469</ItemCode><ItemType>1</ItemType><ItemName>עגבניות שלמות 800 גר</ItemName><ManufacturerName>יכין</ManufacturerName><ManufactureCountry>ישראל</ManufactureCountry><ManufacturerItemDescription>עגבניות שלמות 800 גר</ManufacturerItemDescription><SoldByWeight/><Quantity>465.00</Quantity><UnitOfMeasure>גרם     </UnitOfMeasure><QtyInPackage>לא ידוע</QtyInPackage><UnitOfMeasurePrice>0.0206</UnitOfMeasurePrice><AllowDiscount>1</AllowDiscount><ItemStatus>1</ItemStatus><ItemPrice>9.60</ItemPrice></item><item><PriceUpdateDate>2015-10-22 09:58:53</PriceUpdateDate><ItemCode>7290000211312</ItemCode><ItemType>1</ItemType><ItemName>אורז מלא 1 ק'ג</ItemName><ManufacturerName>סוגת</ManufacturerName><ManufactureCountry>ישראל</ManufactureCountry><ManufacturerItemDescription>אורז מלא אחד אחד1 קג</ManufacturerItemDescription><SoldByWeight/><Quantity>1000.00</Quantity><UnitOfMeasure>גרם     </UnitOfMeasure><QtyInPackage>לא ידוע</QtyInPackage><UnitOfMeasurePrice>0.0114</UnitOfMeasurePrice><AllowDiscount>1</AllowDiscount><ItemStatus>1</ItemStatus><ItemPrice>11.40</ItemPrice></item><item><PriceUpdateDate>2015-11-17 07:38:42</PriceUpdateDate><ItemCode>7290000211374</ItemCode><ItemType>1</ItemType><ItemName>קמח מלא סוגת  1 ק'ג</ItemName><ManufacturerName>סוגת</ManufacturerName><ManufactureCountry>ישראל</ManufactureCountry><ManufacturerItemDescription>קמח מלא 1 קג</ManufacturerItemDescription><SoldByWeight/><Quantity>1000.00</Quantity><UnitOfMeasure>גרם     </UnitOfMeasure><QtyInPackage>לא ידוע</QtyInPackage><UnitOfMeasurePrice>0.0094</UnitOfMeasurePrice><AllowDiscount>1</AllowDiscount><ItemStatus>1</ItemStatus><ItemPrice>9.40</ItemPrice></item><item><PriceUpdateDate>2016-03-16 13:26:05</PriceUpdateDate><ItemCode>7290000211442</ItemCode><ItemType>1</ItemType><ItemName>אורז פרסי קלאסי 1 קג</ItemName><ManufacturerName>וילי פוד</ManufacturerName><ManufactureCountry>ישראל</ManufactureCountry><ManufacturerItemDescription>אורז פרסי אחד אחד1 קג</ManufacturerItemDescription><SoldByWeight/><Quantity>1000.00</Quantity><UnitOfMeasure>גרם     </UnitOfMeasure><QtyInPackage>לא ידוע</QtyInPackage><UnitOfMeasurePrice>0.0088</UnitOfMeasurePrice><AllowDiscount>1</AllowDiscount><ItemStatus>1</ItemStatus><ItemPrice>8.80</ItemPrice></item><item><PriceUpdateDate>2016-03-16 13:25:38</PriceUpdateDate><ItemCode>7290000211503</ItemCode><ItemType>1</ItemType><ItemName>סוכר 1 ק"ג</ItemName><ManufacturerName>סוגת</ManufacturerName><ManufactureCountry>ישראל</ManufactureCountry><ManufacturerItemDescription>סוכר לבן ארוז בשקית 1 קג</ManufacturerItemDescription><SoldByWeight/><Quantity>1000.00</Quantity><UnitOfMeasure>גרם     </UnitOfMeasure><QtyInPackage>לא ידוע</QtyInPackage><UnitOfMeasurePrice>0.0039</UnitOfMeasurePrice><AllowDiscount>1</AllowDiscount><ItemStatus>1</ItemStatus><ItemPrice>3.90</ItemPrice></item><item><PriceUpdateDate>2015-10-22 09:58:53</PriceUpdateDate><ItemCode>7290000211985</ItemCode><ItemType>1</ItemType><ItemName>אורז סוגת עגול 1  ק"</ItemName><ManufacturerName>סוגת</ManufacturerName><ManufactureCountry>ישראל</ManufactureCountry><ManufacturerItemDescription>אורז עגול1 קג</ManufacturerItemDescription><SoldByWeight/><Quantity>1000.00</Quantity><UnitOfMeasure>גרם     </UnitOfMeasure><QtyInPackage>לא ידוע</QtyInPackage><UnitOfMeasurePrice>0.0119</UnitOfMeasurePrice><AllowDiscount>1</AllowDiscount><ItemStatus>1</ItemStatus><ItemPrice>11.90</ItemPrice></item><item><PriceUpdateDate>2016-06-28 06:23:38</PriceUpdateDate><ItemCode>7290000212401</ItemCode><ItemType>1</ItemType><ItemName>וופל מצופית 400 גרם</ItemName><ManufacturerName>מנעמים</ManufacturerName><ManufactureCountry>ישראל</ManufactureCountry><ManufacturerItemDescription>מצופית 400 גרם</ManufacturerItemDescription><SoldByWeight/><Quantity>400.00</Quantity><UnitOfMeasure>גרם     </UnitOfMeasure><QtyInPackage>לא ידוע</QtyInPackage><UnitOfMeasurePrice>0.0248</UnitOfMeasurePrice><AllowDiscount>1</AllowDiscount><ItemStatus>1</ItemStatus><ItemPrice>9.90</ItemPrice></item><item><PriceUpdateDate>2015-10-13 09:47:36</PriceUpdateDate><ItemCode>7290000212922</ItemCode><ItemType>1</ItemType><ItemName>לחמניה מונדלך מתוק 8</ItemName><ManufacturerName>אנג'ל</ManufacturerName><ManufactureCountry>ישראל</ManufactureCountry><ManufacturerItemDescription>לחמניה מונדלך מתוק 8</ManufacturerItemDescription><SoldByWeight/><Quantity>14.00</Quantity><UnitOfMeasure>גרם     </UnitOfMeasure><QtyInPackage>לא ידוע</QtyInPackage><UnitOfMeasurePrice>0.2500</UnitOfMeasurePrice><AllowDiscount>1</AllowDiscount><ItemStatus>1</ItemStatus><ItemPrice>3.50</ItemPrice></item><item><PriceUpdateDate>2015-11-17 07:38:42</PriceUpdateDate><ItemCode>7290000218502</ItemCode><ItemType>1</ItemType><ItemName>שימורי חמין 600 גרם</ItemName><ManufacturerName>לא ידוע</ManufacturerName><ManufactureCountry>ישראל</ManufactureCountry><ManufacturerItemDescription>חמין בקופסאות א 568 /2גר</ManufacturerItemDescription><SoldByWeight/><Quantity>600.00</Quantity><UnitOfMeasure>גרם     </UnitOfMeasure><QtyInPackage>לא ידוע</QtyInPackage><UnitOfMeasurePrice>0.0192</UnitOfMeasurePrice><AllowDiscount>1</AllowDiscount><ItemStatus>1</ItemStatus><ItemPrice>11.50</ItemPrice></item><item><PriceUpdateDate>2016-05-31 09:33:31</PriceUpdateDate><ItemCode>7290000238029</ItemCode><ItemType>1</ItemType><ItemName>בצק עלים מרודד 1 ק'ג</ItemName><ManufacturerName>מעדנות</ManufacturerName><ManufactureCountry>ישראל</ManufactureCountry><ManufacturerItemDescription>בצק עלים 1 קג</ManufacturerItemDescription><SoldByWeight/><Quantity>1000.00</Quantity><UnitOfMeasure>גרם     </UnitOfMeasure><QtyInPackage>לא ידוע</QtyInPackage><UnitOfMeasurePrice>0.0199</UnitOfMeasurePrice><AllowDiscount>1</AllowDiscount><ItemStatus>1</ItemStatus><ItemPrice>19.90</ItemPrice></item><item><PriceUpdateDate>2016-08-02 06:31:15</PriceUpdateDate><ItemCode>7290000238036</ItemCode><ItemType>1</ItemType><ItemName>מלווח מעדנות 700 גרם</ItemName><ManufacturerName>מעדנות</ManufacturerName><ManufactureCountry>ישראל</ManufactureCountry><ManufacturerItemDescription>מלווח 700 גר</ManufacturerItemDescription><SoldByWeight/><Quantity>700.00</Quantity><UnitOfMeasure>גרם     </UnitOfMeasure><QtyInPackage>לא ידוע</QtyInPackage><UnitOfMeasurePrice>0.0270</UnitOfMeasurePrice><AllowDiscount>1</AllowDiscount><ItemStatus>1</ItemStatus><ItemPrice>18.90</ItemPrice></item><item><PriceUpdateDate>2016-05-31 09:33:31</PriceUpdateDate><ItemCode>7290000238173</ItemCode><ItemType>1</ItemType><ItemName>בורקס גבינה 800 גרם</ItemName><ManufacturerName>מעדנות</ManufacturerName><ManufactureCountry>ישראל</ManufactureCountry><ManufacturerItemDescription>בורקס גבינה 800 גרם</ManufacturerItemDescription><SoldByWeight/><Quantity>800.00</Quantity><UnitOfMeasure>גרם     </UnitOfMeasure><QtyInPackage>לא ידוע</QtyInPackage><UnitOfMeasurePrice>0.0249</UnitOfMeasurePrice><AllowDiscount>1</AllowDiscount><ItemStatus>1</ItemStatus><ItemPrice>19.90</ItemPrice></item><item><PriceUpdateDate>2016-08-02 06:31:15</PriceUpdateDate><ItemCode>7290000238180</ItemCode><ItemType>1</ItemType><ItemName>בורקס תפו"א מעדנות 8</ItemName><ManufacturerName>מעדנות</ManufacturerName><ManufactureCountry>ישראל</ManufactureCountry><ManufacturerItemDescription>בורקס תפוא800 גר .יחידה</ManufacturerItemDescription><SoldByWeight/><Quantity>800.00</Quantity><UnitOfMeasure>גרם     </UnitOfMeasure><QtyInPackage>לא ידוע</QtyInPackage><UnitOfMeasurePrice>0.0308</UnitOfMeasurePrice><AllowDiscount>1</AllowDiscount><ItemStatus>1</ItemStatus><ItemPrice>24.60</ItemPrice></item><item><PriceUpdateDate>2015-12-07 07:22:40</PriceUpdateDate><ItemCode>7290000243115</ItemCode><ItemType>1</ItemType><ItemName>שמן סויה מגד 1 ליטר</ItemName><ManufacturerName>מגד</ManufacturerName><ManufactureCountry>ישראל</ManufactureCountry><ManufacturerItemDescription>שמן סויה מגד 1 ליטר</ManufacturerItemDescription><SoldByWeight/><Quantity>1000.00</Quantity><UnitOfMeasure>מ"ל</UnitOfMeasure><QtyInPackage>לא ידוע</QtyInPackage><UnitOfMeasurePrice>0.0089</UnitOfMeasurePrice><AllowDiscount>1</AllowDiscount><ItemStatus>1</ItemStatus><ItemPrice>8.90</ItemPrice></item><item><PriceUpdateDate>2016-05-01 07:23:11</PriceUpdateDate><ItemCode>7290000243566</ItemCode><ItemType>1</ItemType><ItemName>שמן קנולה בריאות "עץ</ItemName><ManufacturerName>עץ הזית</ManufacturerName><ManufactureCountry>ישראל</ManufactureCountry><ManufacturerItemDescription>שמן קנולה בריאות "עץ</ManufacturerItemDescription><SoldByWeight/><Quantity>750.00</Quantity><UnitOfMeasure>מ"ל</UnitOfMeasure><QtyInPackage>לא ידוע</QtyInPackage><UnitOfMeasurePrice>0.0185</UnitOfMeasurePrice><AllowDiscount>1</AllowDiscount><ItemStatus>1</ItemStatus><ItemPrice>13.90</ItemPrice></item><item><PriceUpdateDate>2016-02-08 07:25:31</PriceUpdateDate><ItemCode>7290000245508</ItemCode><ItemType>1</ItemType><ItemName>אבקת כביסה סוד שושן</ItemName><ManufacturerName>סוד</ManufacturerName><ManufactureCountry>ישראל</ManufactureCountry><ManufacturerItemDescription>אבקת כביסה סוד שושן</ManufacturerItemDescription><SoldByWeight/><Quantity>1250.00</Quantity><UnitOfMeasure>גרם     </UnitOfMeasure><QtyInPackage>לא ידוע</QtyInPackage><UnitOfMeasurePrice>0.0119</UnitOfMeasurePrice><AllowDiscount>1</AllowDiscount><ItemStatus>1</ItemStatus><ItemPrice>14.90</ItemPrice></item><item><PriceUpdateDate>2016-02-08 07:25:31</PriceUpdateDate><ItemCode>7290000245515</ItemCode><ItemType>1</ItemType><ItemName>אבקת כביסה סוד לבנדר</ItemName><ManufacturerName>סוד</ManufacturerName><ManufactureCountry>ישראל</ManufactureCountry><ManufacturerItemDescription>אבקת כביסה סוד לבנדר</ManufacturerItemDescription><SoldByWeight/><Quantity>1250.00</Quantity><UnitOfMeasure>גרם     </UnitOfMeasure><QtyInPackage>לא ידוע</QtyInPackage><UnitOfMeasurePrice>0.0119</UnitOfMeasurePrice><AllowDiscount>1</AllowDiscount><ItemStatus>1</ItemStatus><ItemPrice>14.90</ItemPrice></item><item><PriceUpdateDate>2016-02-08 07:25:31</PriceUpdateDate><ItemCode>7290000245539</ItemCode><ItemType>1</ItemType><ItemName>אבקת כביסה סוד קולור</ItemName><ManufacturerName>סוד</ManufacturerName><ManufactureCountry>ישראל</ManufactureCountry><ManufacturerItemDescription>אבקת כביסה סוד קולור</ManufacturerItemDescription><SoldByWeight/><Quantity>1250.00</Quantity><UnitOfMeasure>גרם     </UnitOfMeasure><QtyInPackage>לא ידוע</QtyInPackage><UnitOfMeasurePrice>0.0119</UnitOfMeasurePrice><AllowDiscount>1</AllowDiscount><ItemStatus>1</ItemStatus><ItemPrice>14.90</ItemPrice></item><item><PriceUpdateDate>2016-08-02 06:36:13</PriceUpdateDate><ItemCode>7290000245799</ItemCode><ItemType>1</ItemType><ItemName>מב מרכך כביסה סוד כח</ItemName><ManufacturerName>סוד</ManufacturerName><ManufactureCountry>ישראל</ManufactureCountry><ManufacturerItemDescription>מב מרכך כביסה סוד כח</ManufacturerItemDescription><SoldByWeight/><Quantity>4000.00</Quantity><UnitOfMeasure>מ"ל</UnitOfMeasure><QtyInPackage>לא ידוע</QtyInPackage><UnitOfMeasurePrice>0.0042</UnitOfMeasurePrice><AllowDiscount>1</AllowDiscount><ItemStatus>1</ItemStatus><ItemPrice>16.90</ItemPrice></item><item><PriceUpdateDate>2016-05-31 09:33:31</PriceUpdateDate><ItemCode>7290000253251</ItemCode><ItemType>1</ItemType><ItemName>שוקו צ'יפס לבן 300 ג</ItemName><ManufacturerName>אופנהיימר</ManufacturerName><ManufactureCountry>ישראל</ManufactureCountry><ManufacturerItemDescription>שוקו צ'יפס לבן 300 ג</ManufacturerItemDescription><SoldByWeight/><Quantity>300.00</Quantity><UnitOfMeasure>גרם     </UnitOfMeasure><QtyInPackage>לא ידוע</QtyInPackage><UnitOfMeasurePrice>0.0377</UnitOfMeasurePrice><AllowDiscount>1</AllowDiscount><ItemStatus>1</ItemStatus><ItemPrice>11.30</ItemPrice></item><item><PriceUpdateDate>2016-02-16 10:18:31</PriceUpdateDate><ItemCode>7290000255897</ItemCode><ItemType>1</ItemType><ItemName>שוקולד פרה חלב עם פצ</ItemName><ManufacturerName>פרה</ManufacturerName><ManufactureCountry>ישראל</ManufactureCountry><ManufacturerItemDescription>שוקולד חלב פרה+פצפוצי אור</ManufacturerItemDescription><SoldByWeight/><Quantity>100.00</Quantity><UnitOfMeasure>גרם     </UnitOfMeasure><QtyInPackage>לא ידוע</QtyInPackage><UnitOfMeasurePrice>0.0690</UnitOfMeasurePrice><AllowDiscount>0</AllowDiscount><ItemStatus>1</ItemStatus><ItemPrice>6.90</ItemPrice></item><item><PriceUpdateDate>2016-05-31 09:33:31</PriceUpdateDate><ItemCode>7290000256252</ItemCode><ItemType>1</ItemType><ItemName>מב פיצפוצית אורז ליי</ItemName><ManufacturerName>לא ממותג</ManufacturerName><ManufactureCountry>ישראל</ManufactureCountry><ManufacturerItemDescription>מב פיצפוצית אורז ליי</ManufacturerItemDescription><SoldByWeight/><Quantity>450.00</Quantity><UnitOfMeasure>גרם     </UnitOfMeasure><QtyInPackage>לא ידוע</QtyInPackage><UnitOfMeasurePrice>0.0287</UnitOfMeasurePrice><AllowDiscount>1</AllowDiscount><ItemStatus>1</ItemStatus><ItemPrice>12.90</ItemPrice></item><item><PriceUpdateDate>2016-05-31 09:33:31</PriceUpdateDate><ItemCode>7290000256269</ItemCode><ItemType>1</ItemType><ItemName>מב פיצפוצית אורז רגי</ItemName><ManufacturerName>לא ממותג</ManufacturerName><ManufactureCountry>ישראל</ManufactureCountry><ManufacturerItemDescription>מב פיצפוצית אורז רגי</ManufacturerItemDescription><SoldByWeight/><Quantity>450.00</Quantity><UnitOfMeasure>יח'</UnitOfMeasure><QtyInPackage>לא ידוע</QtyInPackage><UnitOfMeasurePrice>0.0287</UnitOfMeasurePrice><AllowDiscount>1</AllowDiscount><ItemStatus>1</ItemStatus><ItemPrice>12.90</ItemPrice></item><item><PriceUpdateDate>2015-11-17 07:38:43</PriceUpdateDate><ItemCode>7290000256511</ItemCode><ItemType>1</ItemType><ItemName>וופל שוקו נייר הכסף</ItemName><ManufacturerName>עדין</ManufacturerName><ManufactureCountry>ישראל</ManufactureCountry><ManufacturerItemDescription>וופל שוקו נייר הכסף</ManufacturerItemDescription><SoldByWeight/><Quantity>200.00</Quantity><UnitOfMeasure>גרם     </UnitOfMeasure><QtyInPackage>לא ידוע</QtyInPackage><UnitOfMeasurePrice>0.0200</UnitOfMeasurePrice><AllowDiscount>1</AllowDiscount><ItemStatus>1</ItemStatus><ItemPrice>4.00</ItemPrice></item><item><PriceUpdateDate>2016-05-31 09:33:31</PriceUpdateDate><ItemCode>7290000260839</ItemCode><ItemType>1</ItemType><ItemName>ספרינג 1.5 ליטר תפוז</ItemName><ManufacturerName>ספרינג</ManufacturerName><ManufactureCountry>ישראל</ManufactureCountry><ManufacturerItemDescription>ספרינג תפוזים 1.5 ל</ManufacturerItemDescription><SoldByWeight/><Quantity>1500.00</Quantity><UnitOfMeasure>מ"ל</UnitOfMeasure><QtyInPackage>לא ידוע</QtyInPackage><UnitOfMeasurePrice>0.0039</UnitOfMeasurePrice><AllowDiscount>1</AllowDiscount><ItemStatus>1</ItemStatus><ItemPrice>5.90</ItemPrice></item><item><PriceUpdateDate>2016-05-31 09:33:31</PriceUpdateDate><ItemCode>7290000260860</ItemCode><ItemType>1</ItemType><ItemName>ספרינג 1.5 ליטר טעם</ItemName><ManufacturerName>ספרינג</ManufacturerName><ManufactureCountry>ישראל</ManufactureCountry><ManufacturerItemDescription>ספרינג אפרסק 1.5 ל</ManufacturerItemDescription><SoldByWeight/><Quantity>1500.00</Quantity><UnitOfMeasure>מ"ל</UnitOfMeasure><QtyInPackage>לא ידוע</QtyInPackage><UnitOfMeasurePrice>0.0039</UnitOfMeasurePrice><AllowDiscount>1</AllowDiscount><ItemStatus>1</ItemStatus><ItemPrice>5.90</ItemPrice></item><item><PriceUpdateDate>2016-08-02 06:31:15</PriceUpdateDate><ItemCode>7290000262031</ItemCode><ItemType>1</ItemType><ItemName>נייר טואלט מולט 32 ג</ItemName><ManufacturerName>מולט</ManufacturerName><ManufactureCountry>ישראל</ManufactureCountry><ManufacturerItemDescription>נ.ט.מולט לבבות 32 יחידות</ManufacturerItemDescription><SoldByWeight/><Quantity>0.00</Quantity><UnitOfMeasure>יח'</UnitOfMeasure><QtyInPackage>לא ידוע</QtyInPackage><UnitOfMeasurePrice>0.0000</UnitOfMeasurePrice><AllowDiscount>1</AllowDiscount><ItemStatus>1</ItemStatus><ItemPrice>32.00</ItemPrice></item><item><PriceUpdateDate>2016-08-02 06:36:13</PriceUpdateDate><ItemCode>7290000262161</ItemCode><ItemType>1</ItemType><ItemName>מב נייר טואלט מולט ל</ItemName><ManufacturerName>מולט</ManufacturerName><ManufactureCountry>ישראל</ManufactureCountry><ManufacturerItemDescription>נייר טואלט מולט לבבות</ManufacturerItemDescription><SoldByWeight/><Quantity>736.00</Quantity><UnitOfMeasure>מטר</UnitOfMeasure><QtyInPackage>לא ידוע</QtyInPackage><UnitOfMeasurePrice>0.0447</UnitOfMeasurePrice><AllowDiscount>1</AllowDiscount><ItemStatus>1</ItemStatus><ItemPrice>32.90</ItemPrice></item><item><PriceUpdateDate>2016-05-31 09:33:32</PriceUpdateDate><ItemCode>7290000272696</ItemCode><ItemType>1</ItemType><ItemName>מיץ לימון טבעי עסיס</ItemName><ManufacturerName>עסיס</ManufacturerName><ManufactureCountry>ישראל</ManufactureCountry><ManufacturerItemDescription>מיץ לימון טבעי עסיס</ManufacturerItemDescription><SoldByWeight/><Quantity>1000.00</Quantity><UnitOfMeasure>מ"ל</UnitOfMeasure><QtyInPackage>לא ידוע</QtyInPackage><UnitOfMeasurePrice>0.0094</UnitOfMeasurePrice><AllowDiscount>1</AllowDiscount><ItemStatus>1</ItemStatus><ItemPrice>9.40</ItemPrice></item><item><PriceUpdateDate>2016-08-03 07:20:02</PriceUpdateDate><ItemCode>7290000281492</ItemCode><ItemType>1</ItemType><ItemName>ס.פרלמנט קצר בודד</ItemName><ManufacturerName>פארלמנט</ManufacturerName><ManufactureCountry>ישראל</ManufactureCountry><ManufacturerItemDescription>ס.פרלמנט קצר בודד</ManufacturerItemDescription><SoldByWeight/><Quantity>0.00</Quantity><UnitOfMeasure>יח'</UnitOfMeasure><QtyInPackage>לא ידוע</QtyInPackage><UnitOfMeasurePrice>0.0000</UnitOfMeasurePrice><AllowDiscount>1</AllowDiscount><ItemStatus>1</ItemStatus><ItemPrice>36.90</ItemPrice></item><item><PriceUpdateDate>2016-08-03 07:20:02</PriceUpdateDate><ItemCode>7290000283352</ItemCode><ItemType>1</ItemType><ItemName>ס.מרלבורו רד קצר בוק</ItemName><ManufacturerName>מרלבורו</ManufacturerName><ManufactureCountry>ישראל</ManufactureCountry><ManufacturerItemDescription>ס.מרלבורו רד קצר בוק</ManufacturerItemDescription><SoldByWeight/><Quantity>0.00</Quantity><UnitOfMeasure>יח'</UnitOfMeasure><QtyInPackage>לא ידוע</QtyInPackage><UnitOfMeasurePrice>0.0000</UnitOfMeasurePrice><AllowDiscount>1</AllowDiscount><ItemStatus>1</ItemStatus><ItemPrice>33.90</ItemPrice></item><item><PriceUpdateDate>2015-10-01 00:27:09</PriceUpdateDate><ItemCode>7290000284316</ItemCode><ItemType>1</ItemType><ItemName>קוקה קולה 1.5 ליטר</ItemName><ManufacturerName>קוקה קולה</ManufacturerName><ManufactureCountry>ישראל</ManufactureCountry><ManufacturerItemDescription>קוקה קולה 1.5 ליטר</ManufacturerItemDescription><SoldByWeight/><Quantity>1500.00</Quantity><UnitOfMeasure>מ"ל</UnitOfMeasure><QtyInPackage>לא ידוע</QtyInPackage><UnitOfMeasurePrice>0.0043</UnitOfMeasurePrice><AllowDiscount>1</AllowDiscount><ItemStatus>1</ItemStatus><ItemPrice>6.40</ItemPrice></item><item><PriceUpdateDate>2016-05-31 09:33:32</PriceUpdateDate><ItemCode>7290000284361</ItemCode><ItemType>1</ItemType><ItemName>קוקה קולה דיאט 1.5 ל</ItemName><ManufacturerName>דיאט קוקה קולה</ManufacturerName><ManufactureCountry>ישראל</ManufactureCountry><ManufacturerItemDescription>קולה דיאט 1.5 ל</ManufacturerItemDescription><SoldByWeight/><Quantity>1500.00</Quantity><UnitOfMeasure>מ"ל</UnitOfMeasure><QtyInPackage>לא ידוע</QtyInPackage><UnitOfMeasurePrice>0.0043</UnitOfMeasurePrice><AllowDiscount>1</AllowDiscount><ItemStatus>1</ItemStatus><ItemPrice>6.40</ItemPrice></item><item><PriceUpdateDate>2016-08-03 07:20:02</PriceUpdateDate><ItemCode>7290000285272</ItemCode><ItemType>1</ItemType><ItemName>ס.אל אם בלו קצר בודד</ItemName><ManufacturerName>אל אם</ManufacturerName><ManufactureCountry>ישראל</ManufactureCountry><ManufacturerItemDescription>ס.אל אם בלו קצר בודד</ManufacturerItemDescription><SoldByWeight/><Quantity>0.00</Quantity><UnitOfMeasure>יח'</UnitOfMeasure><QtyInPackage>לא ידוע</QtyInPackage><UnitOfMeasurePrice>0.0000</UnitOfMeasurePrice><AllowDiscount>1</AllowDiscount><ItemStatus>1</ItemStatus><ItemPrice>30.50</ItemPrice></item><item><PriceUpdateDate>2016-06-27 19:05:40</PriceUpdateDate><ItemCode>7290000287195</ItemCode><ItemType>1</ItemType><ItemName>סנו רהיט 230 גרם</ItemName><ManufacturerName>סנו רהיט</ManufacturerName><ManufactureCountry>ישראל</ManufactureCountry><ManufacturerItemDescription>לרהיטים סנורהיט ספריי 305</ManufacturerItemDescription><SoldByWeight/><Quantity>230.00</Quantity><UnitOfMeasure>גרם     </UnitOfMeasure><QtyInPackage>לא ידוע</QtyInPackage><UnitOfMeasurePrice>0.0857</UnitOfMeasurePrice><AllowDiscount>1</AllowDiscount><ItemStatus>1</ItemStatus><ItemPrice>19.70</ItemPrice></item><item><PriceUpdateDate>2016-08-03 07:20:02</PriceUpdateDate><ItemCode>7290000287462</ItemCode><ItemType>1</ItemType><ItemName>ס.פרלמנט ארוך בלו בו</ItemName><ManufacturerName>פארלמנט</ManufacturerName><ManufactureCountry>ישראל</ManufactureCountry><ManufacturerItemDescription>ס.פרלמנט ארוך בלו בו</ManufacturerItemDescription><SoldByWeight/><Quantity>0.00</Quantity><UnitOfMeasure>יח'</UnitOfMeasure><QtyInPackage>לא ידוע</QtyInPackage><UnitOfMeasurePrice>0.0000</UnitOfMeasurePrice><AllowDiscount>1</AllowDiscount><ItemStatus>1</ItemStatus><ItemPrice>36.90</ItemPrice></item><item><PriceUpdateDate>2016-08-03 07:20:02</PriceUpdateDate><ItemCode>7290000287632</ItemCode><ItemType>1</ItemType><ItemName>ס.פרלמנט קצר בלו בוד</ItemName><ManufacturerName>פארלמנט</ManufacturerName><ManufactureCountry>ישראל</ManufactureCountry><ManufacturerItemDescription>ס.פרלמנט קצר בלו בוד</ManufacturerItemDescription><SoldByWeight/><Quantity>0.00</Quantity><UnitOfMeasure>יח'</UnitOfMeasure><QtyInPackage>לא ידוע</QtyInPackage><UnitOfMeasurePrice>0.0000</UnitOfMeasurePrice><AllowDiscount>1</AllowDiscount><ItemStatus>1</ItemStatus><ItemPrice>36.90</ItemPrice></item><item><PriceUpdateDate>2016-05-31 09:30:48</PriceUpdateDate><ItemCode>7290000288024</ItemCode><ItemType>1</ItemType><ItemName>סנו ז'אוול אקונומיקה</ItemName><ManufacturerName>ז'אוול</ManufacturerName><ManufactureCountry>ישראל</ManufactureCountry><ManufacturerItemDescription>אקונומיקה JAVEL ל .לימון</ManufacturerItemDescription><SoldByWeight/><Quantity>4000.00</Quantity><UnitOfMeasure>מ"ל</UnitOfMeasure><QtyInPackage>לא ידוע</QtyInPackage><UnitOfMeasurePrice>0.0040</UnitOfMeasurePrice><AllowDiscount>0</AllowDiscount><ItemStatus>1</ItemStatus><ItemPrice>15.90</ItemPrice></item><item><PriceUpdateDate>2016-05-01 07:23:12</PriceUpdateDate><ItemCode>7290000288048</ItemCode><ItemType>1</ItemType><ItemName>סנו ז'אוול קצף ניקוי</ItemName><ManufacturerName>ז'אוול</ManufacturerName><ManufactureCountry>ישראל</ManufactureCountry><ManufacturerItemDescription>סנו ז'אוול קצף ניקוי</ManufacturerItemDescription><SoldByWeight/><Quantity>1000.00</Quantity><UnitOfMeasure>מ"ל</UnitOfMeasure><QtyInPackage>לא ידוע</QtyInPackage><UnitOfMeasurePrice>0.0199</UnitOfMeasurePrice><AllowDiscount>1</AllowDiscount><ItemStatus>1</ItemStatus><ItemPrice>19.90</ItemPrice></item><item><PriceUpdateDate>2016-08-03 07:20:02</PriceUpdateDate><ItemCode>7290000288192</ItemCode><ItemType>1</ItemType><ItemName>ס.מרלבורו גולד ארוך</ItemName><ManufacturerName>מרלבורו</ManufacturerName><ManufactureCountry>ישראל</ManufactureCountry><ManufacturerItemDescription>ס.מרלבורו גולד ארוך</ManufacturerItemDescription><SoldByWeight/><Quantity>0.00</Quantity><UnitOfMeasure>יח'</UnitOfMeasure><QtyInPackage>לא ידוע</QtyInPackage><UnitOfMeasurePrice>0.0000</UnitOfMeasurePrice><AllowDiscount>1</AllowDiscount><ItemStatus>1</ItemStatus><ItemPrice>33.90</ItemPrice></item><item><PriceUpdateDate>2016-06-27 19:05:40</PriceUpdateDate><ItemCode>7290000288642</ItemCode><ItemType>1</ItemType><ItemName>מרכך כביסה מקסימה ור</ItemName><ManufacturerName>סנו מקסימה</ManufacturerName><ManufactureCountry>ישראל</ManufactureCountry><ManufacturerItemDescription>מרכך כביסה מקסימה ור</ManufacturerItemDescription><SoldByWeight/><Quantity>4000.00</Quantity><UnitOfMeasure>מ"ל</UnitOfMeasure><QtyInPackage>לא ידוע</QtyInPackage><UnitOfMeasurePrice>0.0057</UnitOfMeasurePrice><AllowDiscount>1</AllowDiscount><ItemStatus>1</ItemStatus><ItemPrice>22.90</ItemPrice></item><item><PriceUpdateDate>2016-08-03 07:24:07</PriceUpdateDate><ItemCode>7290000288692</ItemCode><ItemType>1</ItemType><ItemName>ס.מרלבורו גולד קצר ב</ItemName><ManufacturerName>מרלבורו</ManufacturerName><ManufactureCountry>ישראל</ManufactureCountry><ManufacturerItemDescription>ס.מרלבורו גולד קצר ב</ManufacturerItemDescription><SoldByWeight/><Quantity>0.00</Quantity><UnitOfMeasure>יח'</UnitOfMeasure><QtyInPackage>לא ידוע</QtyInPackage><UnitOfMeasurePrice>0.0000</UnitOfMeasurePrice><AllowDiscount>1</AllowDiscount><ItemStatus>1</ItemStatus><ItemPrice>33.90</ItemPrice></item><item><PriceUpdateDate>2016-05-01 07:23:12</PriceUpdateDate><ItemCode>7290000289069</ItemCode><ItemType>1</ItemType><ItemName>סנו ז'אוול קצף ניקוי</ItemName><ManufacturerName>ז'אוול</ManufacturerName><ManufactureCountry>ישראל</ManufactureCountry><ManufacturerItemDescription>לניקוי כללי סנו JAVELמתז1</ManufacturerItemDescription><SoldByWeight/><Quantity>1000.00</Quantity><UnitOfMeasure>מ"ל</UnitOfMeasure><QtyInPackage>לא ידוע</QtyInPackage><UnitOfMeasurePrice>0.0199</UnitOfMeasurePrice><AllowDiscount>1</AllowDiscount><ItemStatus>1</ItemStatus><ItemPrice>19.90</ItemPrice></item><item><PriceUpdateDate>2015-10-22 09:58:53</PriceUpdateDate><ItemCode>7290000289472</ItemCode><ItemType>1</ItemType><ItemName>שקיות אשפה 50 יחי  9</ItemName><ManufacturerName>סנו סושי</ManufacturerName><ManufactureCountry>ישראל</ManufactureCountry><ManufacturerItemDescription>שקיות אשפה סנו סושי50 יח</ManufacturerItemDescription><SoldByWeight/><Quantity>0.00</Quantity><UnitOfMeasure>יח'</UnitOfMeasure><QtyInPackage>לא ידוע</QtyInPackage><UnitOfMeasurePrice>0.0000</UnitOfMeasurePrice><AllowDiscount>1</AllowDiscount><ItemStatus>1</ItemStatus><ItemPrice>26.40</ItemPrice></item><item><PriceUpdateDate>2016-05-31 09:30:48</PriceUpdateDate><ItemCode>7290000294780</ItemCode><ItemType>1</ItemType><ItemName>סנו ז'אוול אקונומיקה</ItemName><ManufacturerName>ז'אוול</ManufacturerName><ManufactureCountry>ישראל</ManufactureCountry><ManufacturerItemDescription>אקונומיקה JAVEL ל .סמיכה</ManufacturerItemDescription><SoldByWeight/><Quantity>4000.00</Quantity><UnitOfMeasure>מ"ל</UnitOfMeasure><QtyInPackage>לא ידוע</QtyInPackage><UnitOfMeasurePrice>0.0040</UnitOfMeasurePrice><AllowDiscount>0</AllowDiscount><ItemStatus>1</ItemStatus><ItemPrice>15.90</ItemPrice></item><item><PriceUpdateDate>2016-06-27 19:05:40</PriceUpdateDate><ItemCode>7290000295121</ItemCode><ItemType>1</ItemType><ItemName>מטלית ריצפה זיג זג ש</ItemName><ManufacturerName>לא ידוע</ManufacturerName><ManufactureCountry>ישראל</ManufactureCountry><ManufacturerItemDescription>מטלית רצפה זיג זג</ManufacturerItemDescription><SoldByWeight/><Quantity>0.00</Quantity><UnitOfMeasure>יח'</UnitOfMeasure><QtyInPackage>לא ידוע</QtyInPackage><UnitOfMeasurePrice>0.0000</UnitOfMeasurePrice><AllowDiscount>1</AllowDiscount><ItemStatus>1</ItemStatus><ItemPrice>12.90</ItemPrice></item><item><PriceUpdateDate>2016-06-27 19:05:40</PriceUpdateDate><ItemCode>7290000295336</ItemCode><ItemType>1</ItemType><ItemName>אבקת כביסה מקסימה סנ</ItemName><ManufacturerName>סנו מקסימה</ManufacturerName><ManufactureCountry>ישראל</ManufactureCountry><ManufacturerItemDescription>אבקת כביסה מקסימה סנ</ManufacturerItemDescription><SoldByWeight/><Quantity>1250.00</Quantity><UnitOfMeasure>גרם     </UnitOfMeasure><QtyInPackage>לא ידוע</QtyInPackage><UnitOfMeasurePrice>0.0135</UnitOfMeasurePrice><AllowDiscount>1</AllowDiscount><ItemStatus>1</ItemStatus><ItemPrice>16.90</ItemPrice></item><item><PriceUpdateDate>2016-06-27 19:05:40</PriceUpdateDate><ItemCode>7290000295343</ItemCode><ItemType>1</ItemType><ItemName>אבקת כביסה מקסימה בי</ItemName><ManufacturerName>סנו מקסימה</ManufacturerName><ManufactureCountry>ישראל</ManufactureCountry><ManufacturerItemDescription>אבקת כביסה מקסימה בי</ManufacturerItemDescription><SoldByWeight/><Quantity>1250.00</Quantity><UnitOfMeasure>גרם     </UnitOfMeasure><QtyInPackage>לא ידוע</QtyInPackage><UnitOfMeasurePrice>0.0135</UnitOfMeasurePrice><AllowDiscount>1</AllowDiscount><ItemStatus>1</ItemStatus><ItemPrice>16.90</ItemPrice></item><item><PriceUpdateDate>2015-11-17 07:38:46</PriceUpdateDate><ItemCode>7290000300337</ItemCode><ItemType>1</ItemType><ItemName>נקניקיה וינר מן הצומ</ItemName><ManufacturerName>טבעול</ManufacturerName><ManufactureCountry>ישראל</ManufactureCountry><ManufacturerItemDescription>נקניקיה וינר מן הצומ</ManufacturerItemDescription><SoldByWeight/><Quantity>750.00</Quantity><UnitOfMeasure>גרם     </UnitOfMeasure><QtyInPackage>לא ידוע</QtyInPackage><UnitOfMeasurePrice>0.0508</UnitOfMeasurePrice><AllowDiscount>1</AllowDiscount><ItemStatus>1</ItemStatus><ItemPrice>38.10</ItemPrice></item><item><PriceUpdateDate>2016-02-01 20:38:16</PriceUpdateDate><ItemCode>7290000300689</ItemCode><ItemType>1</ItemType><ItemName>שניצל ברוקולי 750 גר</ItemName><ManufacturerName>טבעול</ManufacturerName><ManufactureCountry>ישראל</ManufactureCountry><ManufacturerItemDescription>שניצל ברוקולי 750 ג</ManufacturerItemDescription><SoldByWeight/><Quantity>750.00</Quantity><UnitOfMeasure>גרם     </UnitOfMeasure><QtyInPackage>לא ידוע</QtyInPackage><UnitOfMeasurePrice>0.0481</UnitOfMeasurePrice><AllowDiscount>1</AllowDiscount><ItemStatus>1</ItemStatus><ItemPrice>36.10</ItemPrice></item><item><PriceUpdateDate>2016-03-29 06:06:24</PriceUpdateDate><ItemCode>7290000300900</ItemCode><ItemType>1</ItemType><ItemName>שניצל תירס 750 גרם</ItemName><ManufacturerName>טבעול</ManufacturerName><ManufactureCountry>ישראל</ManufactureCountry><ManufacturerItemDescription>שניצל תירס 750 גרם טבעול</ManufacturerItemDescription><SoldByWeight/><Quantity>750.00</Quantity><UnitOfMeasure>גרם     </UnitOfMeasure><QtyInPackage>לא ידוע</QtyInPackage><UnitOfMeasurePrice>0.0372</UnitOfMeasurePrice><AllowDiscount>1</AllowDiscount><ItemStatus>1</ItemStatus><ItemPrice>27.90</ItemPrice></item><item><PriceUpdateDate>2016-02-08 07:25:31</PriceUpdateDate><ItemCode>7290000300924</ItemCode><ItemType>1</ItemType><ItemName>שניצל תרד 750 גרם</ItemName><ManufacturerName>טבעול</ManufacturerName><ManufactureCountry>ישראל</ManufactureCountry><ManufacturerItemDescription>שניצל תרד 750 ג</ManufacturerItemDescription><SoldByWeight/><Quantity>750.00</Quantity><UnitOfMeasure>גרם     </UnitOfMeasure><QtyInPackage>לא ידוע</QtyInPackage><UnitOfMeasurePrice>0.0465</UnitOfMeasurePrice><AllowDiscount>1</AllowDiscount><ItemStatus>1</ItemStatus><ItemPrice>34.90</ItemPrice></item><item><PriceUpdateDate>2016-08-03 07:24:11</PriceUpdateDate><ItemCode>7290000302027</ItemCode><ItemType>1</ItemType><ItemName>ס.טיים רד פאקט</ItemName><ManufacturerName>טיים</ManufacturerName><ManufactureCountry>ישראל</ManufactureCountry><ManufacturerItemDescription>סיגריות טיים RED יח</ManufacturerItemDescription><SoldByWeight/><Quantity>0.00</Quantity><UnitOfMeasure>יח'</UnitOfMeasure><QtyInPackage>לא ידוע</QtyInPackage><UnitOfMeasurePrice>0.0000</UnitOfMeasurePrice><AllowDiscount>1</AllowDiscount><ItemStatus>1</ItemStatus><ItemPrice>279.00</ItemPrice></item><item><PriceUpdateDate>2016-08-03 07:24:11</PriceUpdateDate><ItemCode>7290000302126</ItemCode><ItemType>1</ItemType><ItemName>ס.אירופה פאקט</ItemName><ManufacturerName>אירופה</ManufacturerName><ManufactureCountry>ישראל</ManufactureCountry><ManufacturerItemDescription>סיגריות אירופה 10 יח</ManufacturerItemDescription><SoldByWeight/><Quantity>0.00</Quantity><UnitOfMeasure>יח'</UnitOfMeasure><QtyInPackage>לא ידוע</QtyInPackage><UnitOfMeasurePrice>0.0000</UnitOfMeasurePrice><AllowDiscount>1</AllowDiscount><ItemStatus>1</ItemStatus><ItemPrice>279.00</ItemPrice></item><item><PriceUpdateDate>2016-08-02 06:36:14</PriceUpdateDate><ItemCode>7290000303604</ItemCode><ItemType>1</ItemType><ItemName>מב חומוס גרגירים 340</ItemName><ManufacturerName>פרי הגליל</ManufacturerName><ManufactureCountry>ישראל</ManufactureCountry><ManufacturerItemDescription>חומוס גרגרים שלם</ManufacturerItemDescription><SoldByWeight/><Quantity>340.00</Quantity><UnitOfMeasure>גרם     </UnitOfMeasure><QtyInPackage>לא ידוע</QtyInPackage><UnitOfMeasurePrice>0.0174</UnitOfMeasurePrice><AllowDiscount>1</AllowDiscount><ItemStatus>1</ItemStatus><ItemPrice>5.90</ItemPrice></item><item><PriceUpdateDate>2015-01-27 06:48:19</PriceUpdateDate><ItemCode>7290000305295</ItemCode><ItemType>1</ItemType><ItemName>שפרוטים ריגה 120 גרם</ItemName><ManufacturerName>ריגה</ManufacturerName><ManufactureCountry>ישראל</ManufactureCountry><ManufacturerItemDescription>שפרוטים ריגה 120 גרם</ManufacturerItemDescription><SoldByWeight/><Quantity>0.00</Quantity><UnitOfMeasure>יח'</UnitOfMeasure><QtyInPackage>לא ידוע</QtyInPackage><UnitOfMeasurePrice>0.0000</UnitOfMeasurePrice><AllowDiscount>1</AllowDiscount><ItemStatus>1</ItemStatus><ItemPrice>8.60</ItemPrice></item><item><PriceUpdateDate>2016-08-02 06:36:14</PriceUpdateDate><ItemCode>7290000307015</ItemCode><ItemType>1</ItemType><ItemName>מב אפונה גדולה 560 ג</ItemName><ManufacturerName>פרי הגליל</ManufacturerName><ManufactureCountry>ישראל</ManufactureCountry><ManufacturerItemDescription>אפונה בינונית 550 גרם</ManufacturerItemDescription><SoldByWeight/><Quantity>335.00</Quantity><UnitOfMeasure>גרם     </UnitOfMeasure><QtyInPackage>לא ידוע</QtyInPackage><UnitOfMeasurePrice>0.0176</UnitOfMeasurePrice><AllowDiscount>1</AllowDiscount><ItemStatus>1</ItemStatus><ItemPrice>5.90</ItemPrice></item><item><PriceUpdateDate>2015-10-22 09:58:54</PriceUpdateDate><ItemCode>7290000307046</ItemCode><ItemType>1</ItemType><ItemName>אפונה וגזר 600 גרם</ItemName><ManufacturerName>לא ידוע</ManufacturerName><ManufactureCountry>ישראל</ManufactureCountry><ManufacturerItemDescription>אפונה וגזר550 גר</ManufacturerItemDescription><SoldByWeight/><Quantity>330.00</Quantity><UnitOfMeasure>גרם     </UnitOfMeasure><QtyInPackage>לא ידוע</QtyInPackage><UnitOfMeasurePrice>0.0221</UnitOfMeasurePrice><AllowDiscount>1</AllowDiscount><ItemStatus>1</ItemStatus><ItemPrice>7.30</ItemPrice></item><item><PriceUpdateDate>2016-08-02 06:36:14</PriceUpdateDate><ItemCode>7290000307237</ItemCode><ItemType>1</ItemType><ItemName>מב תירס גרעינים פרי</ItemName><ManufacturerName>לא ידוע</ManufacturerName><ManufactureCountry>ישראל</ManufactureCountry><ManufacturerItemDescription>תירס גרעינים 550 גר.פריגל</ManufacturerItemDescription><SoldByWeight/><Quantity>335.00</Quantity><UnitOfMeasure>גרם     </UnitOfMeasure><QtyInPackage>לא ידוע</QtyInPackage><UnitOfMeasurePrice>0.0176</UnitOfMeasurePrice><AllowDiscount>1</AllowDiscount><ItemStatus>1</ItemStatus><ItemPrice>5.90</ItemPrice></item><item><PriceUpdateDate>2016-08-10 11:21:41</PriceUpdateDate><ItemCode>7290000313160</ItemCode><ItemType>1</ItemType><ItemName>עוגיות זהבה שוקו 250</ItemName><ManufacturerName>אסם</ManufacturerName><ManufactureCountry>ישראל</ManufactureCountry><ManufacturerItemDescription>ביסקוויט זהבה ושלשת הדובי</ManufacturerItemDescription><SoldByWeight/><Quantity>250.00</Quantity><UnitOfMeasure>גרם     </UnitOfMeasure><QtyInPackage>לא ידוע</QtyInPackage><UnitOfMeasurePrice>0.0376</UnitOfMeasurePrice><AllowDiscount>1</AllowDiscount><ItemStatus>1</ItemStatus><ItemPrice>9.40</ItemPrice></item><item><PriceUpdateDate>2015-11-17 07:38:46</PriceUpdateDate><ItemCode>7290000313290</ItemCode><ItemType>1</ItemType><ItemName>אטריות נודלס מסולסלו</ItemName><ManufacturerName>אסם נודלס</ManufacturerName><ManufactureCountry>ישראל</ManufactureCountry><ManufacturerItemDescription>אטריות נודלס    לסל200גר</ManufacturerItemDescription><SoldByWeight/><Quantity>200.00</Quantity><UnitOfMeasure>גרם     </UnitOfMeasure><QtyInPackage>לא ידוע</QtyInPackage><UnitOfMeasurePrice>0.0615</UnitOfMeasurePrice><AllowDiscount>1</AllowDiscount><ItemStatus>1</ItemStatus><ItemPrice>12.30</ItemPrice></item><item><PriceUpdateDate>2015-11-17 07:38:46</PriceUpdateDate><ItemCode>7290000315133</ItemCode><ItemType>1</ItemType><ItemName>ציר בקר 300 גרם</ItemName><ManufacturerName>קנור</ManufacturerName><ManufactureCountry>ישראל</ManufactureCountry><ManufacturerItemDescription>ציר בקר קנור 300 גרם</ManufacturerItemDescription><SoldByWeight/><Quantity>300.00</Quantity><UnitOfMeasure>מ"ל</UnitOfMeasure><QtyInPackage>לא ידוע</QtyInPackage><UnitOfMeasurePrice>0.0930</UnitOfMeasurePrice><AllowDiscount>1</AllowDiscount><ItemStatus>1</ItemStatus><ItemPrice>27.90</ItemPrice></item><item><PriceUpdateDate>2016-06-28 06:23:38</PriceUpdateDate><ItemCode>7290000315140</ItemCode><ItemType>1</ItemType><ItemName>מב קורנפלקס מלא - בד</ItemName><ManufacturerName>קורנפלקס תלמה</ManufacturerName><ManufactureCountry>ישראל</ManufactureCountry><ManufacturerItemDescription>מב קורנפלקס מלא - בד</ManufacturerItemDescription><SoldByWeight/><Quantity>500.00</Quantity><UnitOfMeasure>גרם     </UnitOfMeasure><QtyInPackage>לא ידוע</QtyInPackage><UnitOfMeasurePrice>0.0298</UnitOfMeasurePrice><AllowDiscount>1</AllowDiscount><ItemStatus>1</ItemStatus><ItemPrice>14.90</ItemPrice></item><item><PriceUpdateDate>2016-05-31 09:30:48</PriceUpdateDate><ItemCode>7290000318127</ItemCode><ItemType>1</ItemType><ItemName>נקניקיות ביס 380 גרם</ItemName><ManufacturerName>יחיעם</ManufacturerName><ManufactureCountry>ישראל</ManufactureCountry><ManufacturerItemDescription>נקניקיות ביס 380 גר</ManufacturerItemDescription><SoldByWeight/><Quantity>380.00</Quantity><UnitOfMeasure>גרם     </UnitOfMeasure><QtyInPackage>לא ידוע</QtyInPackage><UnitOfMeasurePrice>0.0339</UnitOfMeasurePrice><AllowDiscount>1</AllowDiscount><ItemStatus>1</ItemStatus><ItemPrice>12.90</ItemPrice></item><item><PriceUpdateDate>2016-05-31 09:30:48</PriceUpdateDate><ItemCode>7290000318943</ItemCode><ItemType>1</ItemType><ItemName>נקניק פסטרמה של פעם</ItemName><ManufacturerName>יחיעם</ManufacturerName><ManufactureCountry>ישראל</ManufactureCountry><ManufacturerItemDescription>פסטרמה של פעם 200 גרם</ManufacturerItemDescription><SoldByWeight/><Quantity>200.00</Quantity><UnitOfMeasure>גרם     </UnitOfMeasure><QtyInPackage>לא ידוע</QtyInPackage><UnitOfMeasurePrice>0.1240</UnitOfMeasurePrice><AllowDiscount>1</AllowDiscount><ItemStatus>1</ItemStatus><ItemPrice>24.80</ItemPrice></item><item><PriceUpdateDate>2016-08-02 06:36:14</PriceUpdateDate><ItemCode>7290000319186</ItemCode><ItemType>1</ItemType><ItemName>מב קבנוס קלאסי דק דק</ItemName><ManufacturerName>יחיעם</ManufacturerName><ManufactureCountry>ישראל</ManufactureCountry><ManufacturerItemDescription>קבנוס ואק 125 גר</ManufacturerItemDescription><SoldByWeight/><Quantity>125.00</Quantity><UnitOfMeasure>גרם     </UnitOfMeasure><QtyInPackage>לא ידוע</QtyInPackage><UnitOfMeasurePrice>0.0872</UnitOfMeasurePrice><AllowDiscount>1</AllowDiscount><ItemStatus>1</ItemStatus><ItemPrice>10.90</ItemPrice></item><item><PriceUpdateDate>2015-11-17 07:38:48</PriceUpdateDate><ItemCode>7290000319377</ItemCode><ItemType>1</ItemType><ItemName>נקניקיות לגריל 450 ג</ItemName><ManufacturerName>יחיעם</ManufacturerName><ManufactureCountry>ישראל</ManufactureCountry><ManufacturerItemDescription>נקניקיות עגל 450 גר</ManufacturerItemDescription><SoldByWeight/><Quantity>450.00</Quantity><UnitOfMeasure>גרם     </UnitOfMeasure><QtyInPackage>לא ידוע</QtyInPackage><UnitOfMeasurePrice>0.0507</UnitOfMeasurePrice><AllowDiscount>1</AllowDiscount><ItemStatus>1</ItemStatus><ItemPrice>22.80</ItemPrice></item><item><PriceUpdateDate>2016-05-31 09:30:49</PriceUpdateDate><ItemCode>7290000319520</ItemCode><ItemType>1</ItemType><ItemName>נקניק סלמי צרפתי 100</ItemName><ManufacturerName>יחיעם</ManufacturerName><ManufactureCountry>ישראל</ManufactureCountry><ManufacturerItemDescription>סלמי צרפתי 100 גרם</ManufacturerItemDescription><SoldByWeight/><Quantity>100.00</Quantity><UnitOfMeasure>גרם     </UnitOfMeasure><QtyInPackage>לא ידוע</QtyInPackage><UnitOfMeasurePrice>0.2360</UnitOfMeasurePrice><AllowDiscount>1</AllowDiscount><ItemStatus>1</ItemStatus><ItemPrice>23.60</ItemPrice></item><item><PriceUpdateDate>2016-08-02 06:36:14</PriceUpdateDate><ItemCode>7290000327624</ItemCode><ItemType>1</ItemType><ItemName>מב סודה טמפו 1.5 ליט</ItemName><ManufacturerName>טמפו</ManufacturerName><ManufactureCountry>ישראל</ManufactureCountry><ManufacturerItemDescription>סודה 1.5 ל</ManufacturerItemDescription><SoldByWeight/><Quantity>1500.00</Quantity><UnitOfMeasure>מ"ל</UnitOfMeasure><QtyInPackage>לא ידוע</QtyInPackage><UnitOfMeasurePrice>0.0019</UnitOfMeasurePrice><AllowDiscount>1</AllowDiscount><ItemStatus>1</ItemStatus><ItemPrice>2.90</ItemPrice></item><item><PriceUpdateDate>2015-11-17 07:38:48</PriceUpdateDate><ItemCode>7290000334325</ItemCode><ItemType>1</ItemType><ItemName>תפוגן מארז שלישיה 37</ItemName><ManufacturerName>תפוגן</ManufacturerName><ManufactureCountry>ישראל</ManufactureCountry><ManufacturerItemDescription>מארז ציפס למיקרו שלישייה</ManufacturerItemDescription><SoldByWeight/><Quantity>375.00</Quantity><UnitOfMeasure>גרם     </UnitOfMeasure><QtyInPackage>לא ידוע</QtyInPackage><UnitOfMeasurePrice>0.0499</UnitOfMeasurePrice><AllowDiscount>1</AllowDiscount><ItemStatus>1</ItemStatus><ItemPrice>18.70</ItemPrice></item><item><PriceUpdateDate>2016-03-29 06:06:25</PriceUpdateDate><ItemCode>7290000334684</ItemCode><ItemType>1</ItemType><ItemName>טבעות בצל 700 גרם</ItemName><ManufacturerName>תפוגן</ManufacturerName><ManufactureCountry>ישראל</ManufactureCountry><ManufacturerItemDescription>טבעות בצל 700  גר</ManufacturerItemDescription><SoldByWeight/><Quantity>700.00</Quantity><UnitOfMeasure>גרם     </UnitOfMeasure><QtyInPackage>לא ידוע</QtyInPackage><UnitOfMeasurePrice>0.0296</UnitOfMeasurePrice><AllowDiscount>1</AllowDiscount><ItemStatus>1</ItemStatus><ItemPrice>20.70</ItemPrice></item><item><PriceUpdateDate>2015-11-17 07:38:48</PriceUpdateDate><ItemCode>7290000334981</ItemCode><ItemType>1</ItemType><ItemName>תפוגן אמריקן ציפס 1</ItemName><ManufacturerName>תפוגן</ManufacturerName><ManufactureCountry>ישראל</ManufactureCountry><ManufacturerItemDescription>אמריקן צייפס 750   1-2-3</ManufacturerItemDescription><SoldByWeight/><Quantity>750.00</Quantity><UnitOfMeasure>גרם     </UnitOfMeasure><QtyInPackage>לא ידוע</QtyInPackage><UnitOfMeasurePrice>0.0387</UnitOfMeasurePrice><AllowDiscount>1</AllowDiscount><ItemStatus>1</ItemStatus><ItemPrice>29.00</ItemPrice></item><item><PriceUpdateDate>2015-11-17 07:38:48</PriceUpdateDate><ItemCode>7290000336053</ItemCode><ItemType>1</ItemType><ItemName>תרכיז סיידר טבעי 330</ItemName><ManufacturerName>סיידר</ManufacturerName><ManufactureCountry>ישראל</ManufactureCountry><ManufacturerItemDescription>סיידר תרכיז 330 בקבוק</ManufacturerItemDescription><SoldByWeight/><Quantity>330.00</Quantity><UnitOfMeasure>מ"ל</UnitOfMeasure><QtyInPackage>לא ידוע</QtyInPackage><UnitOfMeasurePrice>0.0388</UnitOfMeasurePrice><AllowDiscount>1</AllowDiscount><ItemStatus>1</ItemStatus><ItemPrice>12.80</ItemPrice></item><item><PriceUpdateDate>2016-05-31 09:33:32</PriceUpdateDate><ItemCode>7290000339566</ItemCode><ItemType>1</ItemType><ItemName>מרכך כביסה בדין ורוד</ItemName><ManufacturerName>בדין</ManufacturerName><ManufactureCountry>ישראל</ManufactureCountry><ManufacturerItemDescription>מרכך כביסה בדין ורוד</ManufacturerItemDescription><SoldByWeight/><Quantity>4000.00</Quantity><UnitOfMeasure>מ"ל</UnitOfMeasure><QtyInPackage>לא ידוע</QtyInPackage><UnitOfMeasurePrice>0.0050</UnitOfMeasurePrice><AllowDiscount>1</AllowDiscount><ItemStatus>1</ItemStatus><ItemPrice>19.90</ItemPrice></item><item><PriceUpdateDate>2015-01-27 06:47:25</PriceUpdateDate><ItemCode>7290000339856</ItemCode><ItemType>1</ItemType><ItemName>משחת כלים קלין לימון</ItemName><ManufacturerName>סיף</ManufacturerName><ManufactureCountry>ישראל</ManufactureCountry><ManufacturerItemDescription>משחת כלים קלין לימון</ManufacturerItemDescription><SoldByWeight/><Quantity>500.00</Quantity><UnitOfMeasure>מ"ל</UnitOfMeasure><QtyInPackage>לא ידוע</QtyInPackage><UnitOfMeasurePrice>0.0224</UnitOfMeasurePrice><AllowDiscount>1</AllowDiscount><ItemStatus>1</ItemStatus><ItemPrice>11.20</ItemPrice></item><item><PriceUpdateDate>2016-05-31 09:33:32</PriceUpdateDate><ItemCode>7290000342856</ItemCode><ItemType>1</ItemType><ItemName>מרכך כביסה בדין כחול</ItemName><ManufacturerName>בדין</ManufacturerName><ManufactureCountry>ישראל</ManufactureCountry><ManufacturerItemDescription>מרכך כביסה בדין כחול</ManufacturerItemDescription><SoldByWeight/><Quantity>4000.00</Quantity><UnitOfMeasure>מ"ל</UnitOfMeasure><QtyInPackage>לא ידוע</QtyInPackage><UnitOfMeasurePrice>0.0050</UnitOfMeasurePrice><AllowDiscount>1</AllowDiscount><ItemStatus>1</ItemStatus><ItemPrice>19.90</ItemPrice></item><item><PriceUpdateDate>2015-01-27 06:47:40</PriceUpdateDate><ItemCode>7290000345208</ItemCode><ItemType>1</ItemType><ItemName>-25/1תה בריבוע</ItemName><ManufacturerName>ויסוצקי</ManufacturerName><ManufactureCountry>ישראל</ManufactureCountry><ManufacturerItemDescription>תה קלאסיק1/25 גר</ManufacturerItemDescription><SoldByWeight/><Quantity>14.00</Quantity><UnitOfMeasure>גרם     </UnitOfMeasure><QtyInPackage>לא ידוע</QtyInPackage><UnitOfMeasurePrice>0.5143</UnitOfMeasurePrice><AllowDiscount>1</AllowDiscount><ItemStatus>1</ItemStatus><ItemPrice>7.20</ItemPrice></item><item><PriceUpdateDate>2016-06-07 14:08:21</PriceUpdateDate><ItemCode>7290000345215</ItemCode><ItemType>1</ItemType><ItemName>תה ויסוצקי קלאסי 1 ג</ItemName><ManufacturerName>ויסוצקי</ManufacturerName><ManufactureCountry>ישראל</ManufactureCountry><ManufacturerItemDescription>תה קלאסיק 1/100 גרם כחול</ManufacturerItemDescription><SoldByWeight/><Quantity>100.00</Quantity><UnitOfMeasure>גרם     </UnitOfMeasure><QtyInPackage>לא ידוע</QtyInPackage><UnitOfMeasurePrice>0.1990</UnitOfMeasurePrice><AllowDiscount>1</AllowDiscount><ItemStatus>1</ItemStatus><ItemPrice>19.90</ItemPrice></item><item><PriceUpdateDate>2015-11-17 07:38:49</PriceUpdateDate><ItemCode>7290000345260</ItemCode><ItemType>1</ItemType><ItemName>תה קלאסי 25/1.5 גרם</ItemName><ManufacturerName>ויסוצקי</ManufacturerName><ManufactureCountry>ישראל</ManufactureCountry><ManufacturerItemDescription>תה קלאסיק 1.5 גרם 25 שקיו</ManufacturerItemDescription><SoldByWeight/><Quantity>14.00</Quantity><UnitOfMeasure>גרם     </UnitOfMeasure><QtyInPackage>לא ידוע</QtyInPackage><UnitOfMeasurePrice>0.5857</UnitOfMeasurePrice><AllowDiscount>1</AllowDiscount><ItemStatus>1</ItemStatus><ItemPrice>8.20</ItemPrice></item><item><PriceUpdateDate>2016-03-16 13:26:06</PriceUpdateDate><ItemCode>7290000345284</ItemCode><ItemType>1</ItemType><ItemName>תה קלאסי מעטפה 100*1</ItemName><ManufacturerName>ויסוצקי</ManufacturerName><ManufactureCountry>ישראל</ManufactureCountry><ManufacturerItemDescription>תה קלאסיק 1.5/100 ירוק</ManufacturerItemDescription><SoldByWeight/><Quantity>150.00</Quantity><UnitOfMeasure>גרם     </UnitOfMeasure><QtyInPackage>לא ידוע</QtyInPackage><UnitOfMeasurePrice>0.1193</UnitOfMeasurePrice><AllowDiscount>1</AllowDiscount><ItemStatus>1</ItemStatus><ItemPrice>17.90</ItemPrice></item><item><PriceUpdateDate>2016-04-15 11:49:42</PriceUpdateDate><ItemCode>7290000345307</ItemCode><ItemType>1</ItemType><ItemName>תה ארל גריי 1.5 גרם</ItemName><ManufacturerName>ויסוצקי</ManufacturerName><ManufactureCountry>ישראל</ManufactureCountry><ManufacturerItemDescription>תה ארל גריי בשקיקים 1.5/5</ManufacturerItemDescription><SoldByWeight/><Quantity>14.00</Quantity><UnitOfMeasure>גרם     </UnitOfMeasure><QtyInPackage>לא ידוע</QtyInPackage><UnitOfMeasurePrice>2.1357</UnitOfMeasurePrice><AllowDiscount>1</AllowDiscount><ItemStatus>1</ItemStatus><ItemPrice>29.90</ItemPrice></item><item><PriceUpdateDate>2016-08-02 06:36:14</PriceUpdateDate><ItemCode>7290000346120</ItemCode><ItemType>1</ItemType><ItemName>מב קסם הקינמון-'הגן</ItemName><ManufacturerName>גן הקסום</ManufacturerName><ManufactureCountry>ישראל</ManufactureCountry><ManufacturerItemDescription>חליטת צמחים קינמון25 שק</ManufacturerItemDescription><SoldByWeight/><Quantity>14.00</Quantity><UnitOfMeasure>גרם     </UnitOfMeasure><QtyInPackage>לא ידוע</QtyInPackage><UnitOfMeasurePrice>1.0643</UnitOfMeasurePrice><AllowDiscount>1</AllowDiscount><ItemStatus>1</ItemStatus><ItemPrice>14.90</ItemPrice></item><item><PriceUpdateDate>2016-08-02 06:36:14</PriceUpdateDate><ItemCode>7290000346168</ItemCode><ItemType>1</ItemType><ItemName>מב חליטת שומר 25שקיק</ItemName><ManufacturerName>גן הקסום</ManufacturerName><ManufactureCountry>ישראל</ManufactureCountry><ManufacturerItemDescription>מב חליטת שומר 25שקיק</ManufacturerItemDescription><SoldByWeight/><Quantity>38.00</Quantity><UnitOfMeasure>גרם     </UnitOfMeasure><QtyInPackage>לא ידוע</QtyInPackage><UnitOfMeasurePrice>0.3921</UnitOfMeasurePrice><AllowDiscount>1</AllowDiscount><ItemStatus>1</ItemStatus><ItemPrice>14.90</ItemPrice></item><item><PriceUpdateDate>2016-08-02 06:36:14</PriceUpdateDate><ItemCode>7290000346205</ItemCode><ItemType>1</ItemType><ItemName>מב חליטת קמומיל הגן</ItemName><ManufacturerName>גן הקסום</ManufacturerName><ManufactureCountry>ישראל</ManufactureCountry><ManufacturerItemDescription>חליטה הגןהקסום קמומיל25 ש</ManufacturerItemDescription><SoldByWeight/><Quantity>38.00</Quantity><UnitOfMeasure>גרם     </UnitOfMeasure><QtyInPackage>לא ידוע</QtyInPackage><UnitOfMeasurePrice>0.3921</UnitOfMeasurePrice><AllowDiscount>1</AllowDiscount><ItemStatus>1</ItemStatus><ItemPrice>14.90</ItemPrice></item><item><PriceUpdateDate>2016-08-02 06:36:14</PriceUpdateDate><ItemCode>7290000346212</ItemCode><ItemType>1</ItemType><ItemName>מב מנטה-'הגן הקסום'</ItemName><ManufacturerName>גן הקסום</ManufacturerName><ManufactureCountry>ישראל</ManufactureCountry><ManufacturerItemDescription>מב מנטה-'הגן הקסום'</ManufacturerItemDescription><SoldByWeight/><Quantity>680.00</Quantity><UnitOfMeasure>גרם     </UnitOfMeasure><QtyInPackage>לא ידוע</QtyInPackage><UnitOfMeasurePrice>0.0219</UnitOfMeasurePrice><AllowDiscount>1</AllowDiscount><ItemStatus>1</ItemStatus><ItemPrice>14.90</ItemPrice></item><item><PriceUpdateDate>2016-05-01 07:23:13</PriceUpdateDate><ItemCode>7290000347738</ItemCode><ItemType>1</ItemType><ItemName>תה ירוק נענע 25 יח'</ItemName><ManufacturerName>ויסוצקי</ManufacturerName><ManufactureCountry>ישראל</ManufactureCountry><ManufacturerItemDescription>תה ירוק נענע</ManufacturerItemDescription><SoldByWeight/><Quantity>38.00</Quantity><UnitOfMeasure>גרם     </UnitOfMeasure><QtyInPackage>לא ידוע</QtyInPackage><UnitOfMeasurePrice>0.6553</UnitOfMeasurePrice><AllowDiscount>1</AllowDiscount><ItemStatus>1</ItemStatus><ItemPrice>24.90</ItemPrice></item><item><PriceUpdateDate>2016-05-01 07:23:13</PriceUpdateDate><ItemCode>7290000347752</ItemCode><ItemType>1</ItemType><ItemName>תה ירוק לימונית ולוא</ItemName><ManufacturerName>ויסוצקי</ManufacturerName><ManufactureCountry>ישראל</ManufactureCountry><ManufacturerItemDescription>תה ירוק לימונית ולואיזה</ManufacturerItemDescription><SoldByWeight/><Quantity>38.00</Quantity><UnitOfMeasure>גרם     </UnitOfMeasure><QtyInPackage>לא ידוע</QtyInPackage><UnitOfMeasurePrice>0.6553</UnitOfMeasurePrice><AllowDiscount>1</AllowDiscount><ItemStatus>1</ItemStatus><ItemPrice>24.90</ItemPrice></item><item><PriceUpdateDate>2016-03-01 07:07:37</PriceUpdateDate><ItemCode>7290000357386</ItemCode><ItemType>3</ItemType><ItemName>פילה דג מרלוזה בשקית</ItemName><ManufacturerName>דלידג</ManufacturerName><ManufactureCountry>ישראל</ManufactureCountry><ManufacturerItemDescription>פילה דג מרלוזה בשקית</ManufacturerItemDescription><SoldByWeight/><Quantity>1.00</Quantity><UnitOfMeasure>ק"ג</UnitOfMeasure><QtyInPackage>לא ידוע</QtyInPackage><UnitOfMeasurePrice>34.9000</UnitOfMeasurePrice><AllowDiscount>1</AllowDiscount><ItemStatus>1</ItemStatus><ItemPrice>34.90</ItemPrice></item><item><PriceUpdateDate>2016-08-02 06:36:15</PriceUpdateDate><ItemCode>7290000364292</ItemCode><ItemType>1</ItemType><ItemName>מב סלסולי פסטרמה גחל</ItemName><ManufacturerName>טירת צבי</ManufacturerName><ManufactureCountry>ישראל</ManufactureCountry><ManufacturerItemDescription>סלסולי פסטרמה גחלים 120 ג</ManufacturerItemDescription><SoldByWeight/><Quantity>120.00</Quantity><UnitOfMeasure>גרם     </UnitOfMeasure><QtyInPackage>לא ידוע</QtyInPackage><UnitOfMeasurePrice>0.1075</UnitOfMeasurePrice><AllowDiscount>1</AllowDiscount><ItemStatus>1</ItemStatus><ItemPrice>12.90</ItemPrice></item><item><PriceUpdateDate>2016-08-02 06:31:16</PriceUpdateDate><ItemCode>7290000364858</ItemCode><ItemType>1</ItemType><ItemName>מב נקניקיות עוף 1 ק"</ItemName><ManufacturerName>טירת צבי</ManufacturerName><ManufactureCountry>ישראל</ManufactureCountry><ManufacturerItemDescription>נקניקיות עוף 1 קג</ManufacturerItemDescription><SoldByWeight/><Quantity>1000.00</Quantity><UnitOfMeasure>גרם     </UnitOfMeasure><QtyInPackage>לא ידוע</QtyInPackage><UnitOfMeasurePrice>0.0280</UnitOfMeasurePrice><AllowDiscount>1</AllowDiscount><ItemStatus>1</ItemStatus><ItemPrice>28.00</ItemPrice></item><item><PriceUpdateDate>2016-08-02 06:31:16</PriceUpdateDate><ItemCode>7290000367590</ItemCode><ItemType>1</ItemType><ItemName>מב נקניק צמד כפרי 80</ItemName><ManufacturerName>טירת צבי</ManufacturerName><ManufactureCountry>ישראל</ManufactureCountry><ManufacturerItemDescription>צמד כפרי 800 גר</ManufacturerItemDescription><SoldByWeight/><Quantity>800.00</Quantity><UnitOfMeasure>גרם     </UnitOfMeasure><QtyInPackage>לא ידוע</QtyInPackage><UnitOfMeasurePrice>0.0374</UnitOfMeasurePrice><AllowDiscount>1</AllowDiscount><ItemStatus>1</ItemStatus><ItemPrice>29.90</ItemPrice></item><item><PriceUpdateDate>2016-05-20 07:08:12</PriceUpdateDate><ItemCode>7290000379104</ItemCode><ItemType>1</ItemType><ItemName>לחם אנג'ל אחיד פרוס</ItemName><ManufacturerName>אנג'ל</ManufacturerName><ManufactureCountry>ישראל</ManufactureCountry><ManufacturerItemDescription>לחם אחיד פרוס750 גרם</ManufacturerItemDescription><SoldByWeight/><Quantity>750.00</Quantity><UnitOfMeasure>גרם     </UnitOfMeasure><QtyInPackage>לא ידוע</QtyInPackage><UnitOfMeasurePrice>0.0091</UnitOfMeasurePrice><AllowDiscount>1</AllowDiscount><ItemStatus>1</ItemStatus><ItemPrice>6.79</ItemPrice></item><item><PriceUpdateDate>2015-10-22 09:58:54</PriceUpdateDate><ItemCode>7290000379128</ItemCode><ItemType>1</ItemType><ItemName>חלה פרוסה ארוז 500 ג</ItemName><ManufacturerName>אנג'ל</ManufacturerName><ManufactureCountry>ישראל</ManufactureCountry><ManufacturerItemDescription>חלה ארוזה פרוסה500 גר</ManufacturerItemDescription><SoldByWeight/><Quantity>500.00</Quantity><UnitOfMeasure>גרם     </UnitOfMeasure><QtyInPackage>לא ידוע</QtyInPackage><UnitOfMeasurePrice>0.0218</UnitOfMeasurePrice><AllowDiscount>1</AllowDiscount><ItemStatus>1</ItemStatus><ItemPrice>10.90</ItemPrice></item><item><PriceUpdateDate>2016-08-02 06:31:16</PriceUpdateDate><ItemCode>7290000379142</ItemCode><ItemType>1</ItemType><ItemName>לחם עינן 750 גרם פרו</ItemName><ManufacturerName>עינן</ManufacturerName><ManufactureCountry>ישראל</ManufactureCountry><ManufacturerItemDescription>לחם עינן פרוס750 גר</ManufacturerItemDescription><SoldByWeight/><Quantity>750.00</Quantity><UnitOfMeasure>גרם     </UnitOfMeasure><QtyInPackage>לא ידוע</QtyInPackage><UnitOfMeasurePrice>0.0225</UnitOfMeasurePrice><AllowDiscount>1</AllowDiscount><ItemStatus>1</ItemStatus><ItemPrice>16.90</ItemPrice></item><item><PriceUpdateDate>2016-06-27 19:05:42</PriceUpdateDate><ItemCode>7290000379203</ItemCode><ItemType>1</ItemType><ItemName>לחם עינן קל 500 גרם</ItemName><ManufacturerName>עינן</ManufacturerName><ManufactureCountry>ישראל</ManufactureCountry><ManufacturerItemDescription>לחם עינן קל פרוס 500 גר</ManufacturerItemDescription><SoldByWeight/><Quantity>500.00</Quantity><UnitOfMeasure>גרם     </UnitOfMeasure><QtyInPackage>לא ידוע</QtyInPackage><UnitOfMeasurePrice>0.0338</UnitOfMeasurePrice><AllowDiscount>1</AllowDiscount><ItemStatus>1</ItemStatus><ItemPrice>16.90</ItemPrice></item><item><PriceUpdateDate>2015-01-27 06:47:55</PriceUpdateDate><ItemCode>7290000379432</ItemCode><ItemType>1</ItemType><ItemName>לחמניה 75 גרם</ItemName><ManufacturerName>אנג'ל</ManufacturerName><ManufactureCountry>ישראל</ManufactureCountry><ManufacturerItemDescription>לחמניה 75 גרם</ManufacturerItemDescription><SoldByWeight/><Quantity>14.00</Quantity><UnitOfMeasure>גרם     </UnitOfMeasure><QtyInPackage>לא ידוע</QtyInPackage><UnitOfMeasurePrice>0.1929</UnitOfMeasurePrice><AllowDiscount>1</AllowDiscount><ItemStatus>1</ItemStatus><ItemPrice>2.70</ItemPrice></item><item><PriceUpdateDate>2015-11-17 07:38:50</PriceUpdateDate><ItemCode>7290000379586</ItemCode><ItemType>1</ItemType><ItemName>לחמניה אצבע גדול</ItemName><ManufacturerName>אנג'ל</ManufacturerName><ManufactureCountry>ישראל</ManufactureCountry><ManufacturerItemDescription>לחמניה קלועה מיוחדת 125 ג</ManufacturerItemDescription><SoldByWeight/><Quantity>125.00</Quantity><UnitOfMeasure>גרם     </UnitOfMeasure><QtyInPackage>לא ידוע</QtyInPackage><UnitOfMeasurePrice>0.0344</UnitOfMeasurePrice><AllowDiscount>1</AllowDiscount><ItemStatus>1</ItemStatus><ItemPrice>4.30</ItemPrice></item><item><PriceUpdateDate>2015-10-22 09:58:55</PriceUpdateDate><ItemCode>7290000379609</ItemCode><ItemType>1</ItemType><ItemName>לחמניה שומשום 125 גר</ItemName><ManufacturerName>אנג'ל</ManufacturerName><ManufactureCountry>ישראל</ManufactureCountry><ManufacturerItemDescription>לחמניה שומשום 125 גר</ManufacturerItemDescription><SoldByWeight/><Quantity>125.00</Quantity><UnitOfMeasure>גרם     </UnitOfMeasure><QtyInPackage>לא ידוע</QtyInPackage><UnitOfMeasurePrice>0.0344</UnitOfMeasurePrice><AllowDiscount>1</AllowDiscount><ItemStatus>1</ItemStatus><ItemPrice>4.30</ItemPrice></item><item><PriceUpdateDate>2015-11-17 07:38:50</PriceUpdateDate><ItemCode>7290000379746</ItemCode><ItemType>1</ItemType><ItemName>חלה מתוקה אנגל 500 ג</ItemName><ManufacturerName>אנג'ל</ManufacturerName><ManufactureCountry>ישראל</ManufactureCountry><ManufacturerItemDescription>חלה מתוקה מיוחדת 500 גר</ManufacturerItemDescription><SoldByWeight/><Quantity>500.00</Quantity><UnitOfMeasure>גרם     </UnitOfMeasure><QtyInPackage>לא ידוע</QtyInPackage><UnitOfMeasurePrice>0.0218</UnitOfMeasurePrice><AllowDiscount>1</AllowDiscount><ItemStatus>1</ItemStatus><ItemPrice>10.90</ItemPrice></item><item><PriceUpdateDate>2015-10-13 09:48:10</PriceUpdateDate><ItemCode>7290000379944</ItemCode><ItemType>1</ItemType><ItemName>קמח אנג'ל 1 ק'ג</ItemName><ManufacturerName>אנג'ל</ManufacturerName><ManufactureCountry>ישראל</ManufactureCountry><ManufacturerItemDescription>קמח אנג'ל 1 ק'ג</ManufacturerItemDescription><SoldByWeight/><Quantity>1000.00</Quantity><UnitOfMeasure>גרם     </UnitOfMeasure><QtyInPackage>לא ידוע</QtyInPackage><UnitOfMeasurePrice>0.0058</UnitOfMeasurePrice><AllowDiscount>1</AllowDiscount><ItemStatus>1</ItemStatus><ItemPrice>5.80</ItemPrice></item><item><PriceUpdateDate>2015-10-13 09:48:10</PriceUpdateDate><ItemCode>7290000379951</ItemCode><ItemType>1</ItemType><ItemName>סולת 1 קג אנג'ל</ItemName><ManufacturerName>אנג'ל</ManufacturerName><ManufactureCountry>ישראל</ManufactureCountry><ManufacturerItemDescription>סולת 1 קג אנג'ל</ManufacturerItemDescription><SoldByWeight/><Quantity>1000.00</Quantity><UnitOfMeasure>גרם     </UnitOfMeasure><QtyInPackage>לא ידוע</QtyInPackage><UnitOfMeasurePrice>0.0055</UnitOfMeasurePrice><AllowDiscount>1</AllowDiscount><ItemStatus>1</ItemStatus><ItemPrice>5.50</ItemPrice></item><item><PriceUpdateDate>2015-11-17 07:37:01</PriceUpdateDate><ItemCode>7290000400563</ItemCode><ItemType>1</ItemType><ItemName>פסק זמן 4PLAY</ItemName><ManufacturerName>עלית</ManufacturerName><ManufactureCountry>ישראל</ManufactureCountry><ManufacturerItemDescription>חטיף פסק זמן 40 PLAY גרם</ManufacturerItemDescription><SoldByWeight/><Quantity>100.00</Quantity><UnitOfMeasure>יח'</UnitOfMeasure><QtyInPackage>לא ידוע</QtyInPackage><UnitOfMeasurePrice>0.0570</UnitOfMeasurePrice><AllowDiscount>1</AllowDiscount><ItemStatus>1</ItemStatus><ItemPrice>5.70</ItemPrice></item><item><PriceUpdateDate>2015-10-13 09:47:36</PriceUpdateDate><ItemCode>7290000400587</ItemCode><ItemType>1</ItemType><ItemName>חטיף טורטית 40 גרם</ItemName><ManufacturerName>עלית</ManufacturerName><ManufactureCountry>ישראל</ManufactureCountry><ManufacturerItemDescription>חטיף טורטית40 גר</ManufacturerItemDescription><SoldByWeight/><Quantity>40.00</Quantity><UnitOfMeasure>גרם     </UnitOfMeasure><QtyInPackage>לא ידוע</QtyInPackage><UnitOfMeasurePrice>0.1250</UnitOfMeasurePrice><AllowDiscount>1</AllowDiscount><ItemStatus>1</ItemStatus><ItemPrice>5.00</ItemPrice></item><item><PriceUpdateDate>2015-10-13 09:47:36</PriceUpdateDate><ItemCode>7290000400594</ItemCode><ItemType>1</ItemType><ItemName>חטיף אגוזי בודד 45 ג</ItemName><ManufacturerName>אגוזי</ManufacturerName><ManufactureCountry>ישראל</ManufactureCountry><ManufacturerItemDescription>חטיף אגוזי 45 גר</ManufacturerItemDescription><SoldByWeight/><Quantity>45.00</Quantity><UnitOfMeasure>גרם     </UnitOfMeasure><QtyInPackage>לא ידוע</QtyInPackage><UnitOfMeasurePrice>0.1111</UnitOfMeasurePrice><AllowDiscount>1</AllowDiscount><ItemStatus>1</ItemStatus><ItemPrice>5.00</ItemPrice></item><item><PriceUpdateDate>2015-10-13 09:47:36</PriceUpdateDate><ItemCode>7290000400600</ItemCode><ItemType>1</ItemType><ItemName>חטיף טעמי בודד 40 גר</ItemName><ManufacturerName>טעמי</ManufacturerName><ManufactureCountry>ישראל</ManufactureCountry><ManufacturerItemDescription>חטיף טעמי 40 גרם</ManufacturerItemDescription><SoldByWeight/><Quantity>40.00</Quantity><UnitOfMeasure>גרם     </UnitOfMeasure><QtyInPackage>לא ידוע</QtyInPackage><UnitOfMeasurePrice>0.1250</UnitOfMeasurePrice><AllowDiscount>1</AllowDiscount><ItemStatus>1</ItemStatus><ItemPrice>5.00</ItemPrice></item><item><PriceUpdateDate>2015-10-13 09:47:36</PriceUpdateDate><ItemCode>7290000400631</ItemCode><ItemType>1</ItemType><ItemName>פסק זמן חלב קלאסי 45</ItemName><ManufacturerName>עלית</ManufacturerName><ManufactureCountry>ישראל</ManufactureCountry><ManufacturerItemDescription>חטיף פסק זמן חלב45 גר</ManufacturerItemDescription><SoldByWeight/><Quantity>45.00</Quantity><UnitOfMeasure>גרם     </UnitOfMeasure><QtyInPackage>לא ידוע</QtyInPackage><UnitOfMeasurePrice>0.1356</UnitOfMeasurePrice><AllowDiscount>1</AllowDiscount><ItemStatus>1</ItemStatus><ItemPrice>6.10</ItemPrice></item><item><PriceUpdateDate>2015-10-13 09:47:36</PriceUpdateDate><ItemCode>7290000400655</ItemCode><ItemType>1</ItemType><ItemName>חטיף טויסט 28 גרם</ItemName><ManufacturerName>עלית</ManufacturerName><ManufactureCountry>ישראל</ManufactureCountry><ManufacturerItemDescription>חטיף טוויסט 28 גר</ManufacturerItemDescription><SoldByWeight/><Quantity>28.00</Quantity><UnitOfMeasure>גרם     </UnitOfMeasure><QtyInPackage>לא ידוע</QtyInPackage><UnitOfMeasurePrice>0.1786</UnitOfMeasurePrice><AllowDiscount>1</AllowDiscount><ItemStatus>1</ItemStatus><ItemPrice>5.00</ItemPrice></item><item><PriceUpdateDate>2015-10-01 00:26:58</PriceUpdateDate><ItemCode>7290000400662</ItemCode><ItemType>1</ItemType><ItemName>מעדן מילקי וניל 170</ItemName><ManufacturerName>מילקי</ManufacturerName><ManufactureCountry>ישראל</ManufactureCountry><ManufacturerItemDescription>מילקי וניל170 מל</ManufacturerItemDescription><SoldByWeight/><Quantity>170.00</Quantity><UnitOfMeasure>מ"ל</UnitOfMeasure><QtyInPackage>לא ידוע</QtyInPackage><UnitOfMeasurePrice>0.0165</UnitOfMeasurePrice><AllowDiscount>1</AllowDiscount><ItemStatus>1</ItemStatus><ItemPrice>2.80</ItemPrice></item><item><PriceUpdateDate>2015-10-01 00:26:58</PriceUpdateDate><ItemCode>7290000400679</ItemCode><ItemType>1</ItemType><ItemName>מעדן מילקי שוקו 170</ItemName><ManufacturerName>מילקי</ManufacturerName><ManufactureCountry>ישראל</ManufactureCountry><ManufacturerItemDescription>מילקי שוקו170 גר</ManufacturerItemDescription><SoldByWeight/><Quantity>170.00</Quantity><UnitOfMeasure>מ"ל</UnitOfMeasure><QtyInPackage>לא ידוע</QtyInPackage><UnitOfMeasurePrice>0.0165</UnitOfMeasurePrice><AllowDiscount>1</AllowDiscount><ItemStatus>1</ItemStatus><ItemPrice>2.80</ItemPrice></item><item><PriceUpdateDate>2015-10-22 09:58:25</PriceUpdateDate><ItemCode>7290000400716</ItemCode><ItemType>1</ItemType><ItemName>מיני מילקי שוקולד 70</ItemName><ManufacturerName>מילקי</ManufacturerName><ManufactureCountry>ישראל</ManufactureCountry><ManufacturerItemDescription>מיני מילקי שוקולד 70</ManufacturerItemDescription><SoldByWeight/><Quantity>70.00</Quantity><UnitOfMeasure>גרם     </UnitOfMeasure><QtyInPackage>לא ידוע</QtyInPackage><UnitOfMeasurePrice>0.0314</UnitOfMeasurePrice><AllowDiscount>1</AllowDiscount><ItemStatus>1</ItemStatus><ItemPrice>2.20</ItemPrice></item><item><PriceUpdateDate>2015-10-22 09:58:25</PriceUpdateDate><ItemCode>7290000400723</ItemCode><ItemType>1</ItemType><ItemName>שמרים לחים קוביות 50</ItemName><ManufacturerName>שמרית</ManufacturerName><ManufactureCountry>ישראל</ManufactureCountry><ManufacturerItemDescription>שמרים לחים 50 גר</ManufacturerItemDescription><SoldByWeight/><Quantity>14.00</Quantity><UnitOfMeasure>גרם     </UnitOfMeasure><QtyInPackage>לא ידוע</QtyInPackage><UnitOfMeasurePrice>0.2643</UnitOfMeasurePrice><AllowDiscount>1</AllowDiscount><ItemStatus>1</ItemStatus><ItemPrice>3.70</ItemPrice></item><item><PriceUpdateDate>2016-02-11 07:49:22</PriceUpdateDate><ItemCode>7290000400730</ItemCode><ItemType>1</ItemType><ItemName>שמנית חמוצה 15% 200</ItemName><ManufacturerName>תנובה</ManufacturerName><ManufactureCountry>ישראל</ManufactureCountry><ManufacturerItemDescription>שמנית חמוצה 15% 200</ManufacturerItemDescription><SoldByWeight/><Quantity>200.00</Quantity><UnitOfMeasure>מ"ל</UnitOfMeasure><QtyInPackage>לא ידוע</QtyInPackage><UnitOfMeasurePrice>0.0110</UnitOfMeasurePrice><AllowDiscount>1</AllowDiscount><ItemStatus>1</ItemStatus><ItemPrice>2.20</ItemPrice></item><item><PriceUpdateDate>2016-02-11 07:49:22</PriceUpdateDate><ItemCode>7290000400747</ItemCode><ItemType>1</ItemType><ItemName>אשד מהדרין 200 מ"ל</ItemName><ManufacturerName>אשד</ManufacturerName><ManufactureCountry>ישראל</ManufactureCountry><ManufacturerItemDescription>אשד מהדרין 200 מ"ל</ManufacturerItemDescription><SoldByWeight/><Quantity>200.00</Quantity><UnitOfMeasure>מ"ל</UnitOfMeasure><QtyInPackage>לא ידוע</QtyInPackage><UnitOfMeasurePrice>0.0078</UnitOfMeasurePrice><AllowDiscount>1</AllowDiscount><ItemStatus>1</ItemStatus><ItemPrice>1.55</ItemPrice></item><item><PriceUpdateDate>2016-02-11 07:49:22</PriceUpdateDate><ItemCode>7290000400754</ItemCode><ItemType>1</ItemType><ItemName>גילה לבן 3% מהדרין 2</ItemName><ManufacturerName>גיל</ManufacturerName><ManufactureCountry>ישראל</ManufactureCountry><ManufacturerItemDescription>גילה לבן 3% מהדרין 2</ManufacturerItemDescription><SoldByWeight/><Quantity>200.00</Quantity><UnitOfMeasure>מ"ל</UnitOfMeasure><QtyInPackage>לא ידוע</QtyInPackage><UnitOfMeasurePrice>0.0070</UnitOfMeasurePrice><AllowDiscount>1</AllowDiscount><ItemStatus>1</ItemStatus><ItemPrice>1.40</ItemPrice></item><item><PriceUpdateDate>2015-10-13 09:47:37</PriceUpdateDate><ItemCode>7290000400761</ItemCode><ItemType>1</ItemType><ItemName>פרילי תות 125 גרם</ItemName><ManufacturerName>פרילי</ManufacturerName><ManufactureCountry>ישראל</ManufactureCountry><ManufacturerItemDescription>פרילי תות בגביע125 גר</ManufacturerItemDescription><SoldByWeight/><Quantity>125.00</Quantity><UnitOfMeasure>גרם     </UnitOfMeasure><QtyInPackage>לא ידוע</QtyInPackage><UnitOfMeasurePrice>0.0296</UnitOfMeasurePrice><AllowDiscount>1</AllowDiscount><ItemStatus>1</ItemStatus><ItemPrice>3.70</ItemPrice></item><item><PriceUpdateDate>2015-10-13 09:47:37</PriceUpdateDate><ItemCode>7290000400785</ItemCode><ItemType>1</ItemType><ItemName>פרילי אננס 125 גרם</ItemName><ManufacturerName>פרילי</ManufacturerName><ManufactureCountry>ישראל</ManufactureCountry><ManufacturerItemDescription>פרילי אננס בגביע125 מל</ManufacturerItemDescription><SoldByWeight/><Quantity>125.00</Quantity><UnitOfMeasure>גרם     </UnitOfMeasure><QtyInPackage>לא ידוע</QtyInPackage><UnitOfMeasurePrice>0.0296</UnitOfMeasurePrice><AllowDiscount>1</AllowDiscount><ItemStatus>1</ItemStatus><ItemPrice>3.70</ItemPrice></item><item><PriceUpdateDate>2016-02-11 07:49:22</PriceUpdateDate><ItemCode>7290000400815</ItemCode><ItemType>1</ItemType><ItemName>חמאה מפוסטרת חבילה 1</ItemName><ManufacturerName>חמאת תנובה</ManufacturerName><ManufactureCountry>ישראל</ManufactureCountry><ManufacturerItemDescription>חמאה 100 גרם פיקוח</ManufacturerItemDescription><SoldByWeight/><Quantity>100.00</Quantity><UnitOfMeasure>גרם     </UnitOfMeasure><QtyInPackage>לא ידוע</QtyInPackage><UnitOfMeasurePrice>0.0380</UnitOfMeasurePrice><AllowDiscount>1</AllowDiscount><ItemStatus>1</ItemStatus><ItemPrice>3.80</ItemPrice></item><item><PriceUpdateDate>2015-01-27 06:47:11</PriceUpdateDate><ItemCode>7290000400846</ItemCode><ItemType>1</ItemType><ItemName>שמנת של פעם 200 מ"ל</ItemName><ManufacturerName>חלב תנובה</ManufacturerName><ManufactureCountry>ישראל</ManufactureCountry><ManufacturerItemDescription>שמנת של פעם200 מל</ManufacturerItemDescription><SoldByWeight/><Quantity>200.00</Quantity><UnitOfMeasure>מ"ל</UnitOfMeasure><QtyInPackage>לא ידוע</QtyInPackage><UnitOfMeasurePrice>0.0210</UnitOfMeasurePrice><AllowDiscount>1</AllowDiscount><ItemStatus>1</ItemStatus><ItemPrice>4.20</ItemPrice></item><item><PriceUpdateDate>2015-10-22 09:58:25</PriceUpdateDate><ItemCode>7290000400860</ItemCode><ItemType>1</ItemType><ItemName>פרילי טבע 200 מ''ל</ItemName><ManufacturerName>פרילי</ManufacturerName><ManufactureCountry>ישראל</ManufactureCountry><ManufacturerItemDescription>טבעגורט-יוגורט עם גרנולה2</ManufacturerItemDescription><SoldByWeight/><Quantity>200.00</Quantity><UnitOfMeasure>מ"ל</UnitOfMeasure><QtyInPackage>לא ידוע</QtyInPackage><UnitOfMeasurePrice>0.0265</UnitOfMeasurePrice><AllowDiscount>1</AllowDiscount><ItemStatus>1</ItemStatus><ItemPrice>5.30</ItemPrice></item><item><PriceUpdateDate>2015-10-13 09:47:37</PriceUpdateDate><ItemCode>7290000400877</ItemCode><ItemType>1</ItemType><ItemName>יוגורט 200 מ"ל</ItemName><ManufacturerName>חלב תנובה</ManufacturerName><ManufactureCountry>ישראל</ManufactureCountry><ManufacturerItemDescription>יוגורט200-4% מל</ManufacturerItemDescription><SoldByWeight/><Quantity>200.00</Quantity><UnitOfMeasure>מ"ל</UnitOfMeasure><QtyInPackage>לא ידוע</QtyInPackage><UnitOfMeasurePrice>0.0145</UnitOfMeasurePrice><AllowDiscount>1</AllowDiscount><ItemStatus>1</ItemStatus><ItemPrice>2.90</ItemPrice></item><item><PriceUpdateDate>2015-10-13 09:47:37</PriceUpdateDate><ItemCode>7290000400891</ItemCode><ItemType>1</ItemType><ItemName>מילקי הפוך 123 מ''ל</ItemName><ManufacturerName>מילקי</ManufacturerName><ManufactureCountry>ישראל</ManufactureCountry><ManufacturerItemDescription>מילקי הפוך 123 מ''ל</ManufacturerItemDescription><SoldByWeight/><Quantity>123.00</Quantity><UnitOfMeasure>מ"ל</UnitOfMeasure><QtyInPackage>לא ידוע</QtyInPackage><UnitOfMeasurePrice>0.0317</UnitOfMeasurePrice><AllowDiscount>1</AllowDiscount><ItemStatus>1</ItemStatus><ItemPrice>3.90</ItemPrice></item><item><PriceUpdateDate>2015-10-13 09:47:37</PriceUpdateDate><ItemCode>7290000400945</ItemCode><ItemType>1</ItemType><ItemName>פסק זמן קלאסי מגדים</ItemName><ManufacturerName>עלית</ManufacturerName><ManufactureCountry>ישראל</ManufactureCountry><ManufacturerItemDescription>פסק זמן קלאסי מגדים</ManufacturerItemDescription><SoldByWeight/><Quantity>45.00</Quantity><UnitOfMeasure>גרם     </UnitOfMeasure><QtyInPackage>לא ידוע</QtyInPackage><UnitOfMeasurePrice>0.1356</UnitOfMeasurePrice><AllowDiscount>1</AllowDiscount><ItemStatus>1</ItemStatus><ItemPrice>6.10</ItemPrice></item><item><PriceUpdateDate>2015-10-13 09:47:37</PriceUpdateDate><ItemCode>7290000400976</ItemCode><ItemType>1</ItemType><ItemName>פסק זמן ביג בייט קלא</ItemName><ManufacturerName>פסק זמן</ManufacturerName><ManufactureCountry>ישראל</ManufactureCountry><ManufacturerItemDescription>חטיף פסק זמן ביג בייט 52</ManufacturerItemDescription><SoldByWeight/><Quantity>45.00</Quantity><UnitOfMeasure>גרם     </UnitOfMeasure><QtyInPackage>לא ידוע</QtyInPackage><UnitOfMeasurePrice>0.1356</UnitOfMeasurePrice><AllowDiscount>1</AllowDiscount><ItemStatus>1</ItemStatus><ItemPrice>6.10</ItemPrice></item><item><PriceUpdateDate>2015-10-13 09:47:37</PriceUpdateDate><ItemCode>7290000401003</ItemCode><ItemType>1</ItemType><ItemName>מעדן דני 125 גרם</ItemName><ManufacturerName>דני</ManufacturerName><ManufactureCountry>ישראל</ManufactureCountry><ManufacturerItemDescription>מעדן דני שוקולד 125 גרם</ManufacturerItemDescription><SoldByWeight/><Quantity>125.00</Quantity><UnitOfMeasure>מ"ל</UnitOfMeasure><QtyInPackage>לא ידוע</QtyInPackage><UnitOfMeasurePrice>0.0216</UnitOfMeasurePrice><AllowDiscount>1</AllowDiscount><ItemStatus>1</ItemStatus><ItemPrice>2.70</ItemPrice></item><item><PriceUpdateDate>2015-10-13 09:47:37</PriceUpdateDate><ItemCode>7290000401010</ItemCode><ItemType>1</ItemType><ItemName>פסק זמן גלילית אגוזי</ItemName><ManufacturerName>פסק זמן</ManufacturerName><ManufactureCountry>ישראל</ManufactureCountry><ManufacturerItemDescription>פסק זמן גלילית אגוזי</ManufacturerItemDescription><SoldByWeight/><Quantity>40.00</Quantity><UnitOfMeasure>גרם     </UnitOfMeasure><QtyInPackage>לא ידוע</QtyInPackage><UnitOfMeasurePrice>0.1525</UnitOfMeasurePrice><AllowDiscount>1</AllowDiscount><ItemStatus>1</ItemStatus><ItemPrice>6.10</ItemPrice></item><item><PriceUpdateDate>2015-10-13 09:47:37</PriceUpdateDate><ItemCode>7290000401034</ItemCode><ItemType>1</ItemType><ItemName>פסק זמן גלילית לבן 4</ItemName><ManufacturerName>פסק זמן</ManufacturerName><ManufactureCountry>ישראל</ManufactureCountry><ManufacturerItemDescription>פסק זמן גלילית לבן 4</ManufacturerItemDescription><SoldByWeight/><Quantity>40.00</Quantity><UnitOfMeasure>גרם     </UnitOfMeasure><QtyInPackage>לא ידוע</QtyInPackage><UnitOfMeasurePrice>0.1525</UnitOfMeasurePrice><AllowDiscount>1</AllowDiscount><ItemStatus>1</ItemStatus><ItemPrice>6.10</ItemPrice></item><item><PriceUpdateDate>2016-03-16 13:26:00</PriceUpdateDate><ItemCode>7290000401232</ItemCode><ItemType>1</ItemType><ItemName>ממרח שוקולד נוטלה 75</ItemName><ManufacturerName>נוטלה</ManufacturerName><ManufactureCountry>פולין</ManufactureCountry><ManufacturerItemDescription>מסטיק מנטוס      90 גרם</ManufacturerItemDescription><SoldByWeight/><Quantity>750.00</Quantity><UnitOfMeasure>גרם     </UnitOfMeasure><QtyInPackage>לא ידוע</QtyInPackage><UnitOfMeasurePrice>0.0332</UnitOfMeasurePrice><AllowDiscount>1</AllowDiscount><ItemStatus>1</ItemStatus><ItemPrice>24.90</ItemPrice></item><item><PriceUpdateDate>2016-04-01 07:46:09</PriceUpdateDate><ItemCode>7290000401249</ItemCode><ItemType>1</ItemType><ItemName>ממרח שוקולד נוטלה 35</ItemName><ManufacturerName>פררו</ManufacturerName><ManufactureCountry>איטליה</ManufactureCountry><ManufacturerItemDescription>מסטיק מנטוס     ת מיקס90</ManufacturerItemDescription><SoldByWeight/><Quantity>350.00</Quantity><UnitOfMeasure>גרם     </UnitOfMeasure><QtyInPackage>לא ידוע</QtyInPackage><UnitOfMeasurePrice>0.0411</UnitOfMeasurePrice><AllowDiscount>1</AllowDiscount><ItemStatus>1</ItemStatus><ItemPrice>14.40</ItemPrice></item><item><PriceUpdateDate>2016-06-27 19:15:24</PriceUpdateDate><ItemCode>7290000401256</ItemCode><ItemType>1</ItemType><ItemName>אצבעות שוקולד קינדר</ItemName><ManufacturerName>קינדר</ManufacturerName><ManufactureCountry>איטליה</ManufactureCountry><ManufacturerItemDescription>שוקולד חלב ממולא קינדר50</ManufacturerItemDescription><SoldByWeight/><Quantity>50.00</Quantity><UnitOfMeasure>גרם     </UnitOfMeasure><QtyInPackage>לא ידוע</QtyInPackage><UnitOfMeasurePrice>0.0980</UnitOfMeasurePrice><AllowDiscount>1</AllowDiscount><ItemStatus>1</ItemStatus><ItemPrice>4.90</ItemPrice></item><item><PriceUpdateDate>2016-05-31 09:32:44</PriceUpdateDate><ItemCode>7290000401492</ItemCode><ItemType>1</ItemType><ItemName>חטיף קליק ביסקויט 75</ItemName><ManufacturerName>קליק ורד הגליל</ManufacturerName><ManufactureCountry>ישראל</ManufactureCountry><ManufacturerItemDescription>קליק ביסקוויט 75 גר</ManufacturerItemDescription><SoldByWeight/><Quantity>75.00</Quantity><UnitOfMeasure>גרם     </UnitOfMeasure><QtyInPackage>לא ידוע</QtyInPackage><UnitOfMeasurePrice>0.0720</UnitOfMeasurePrice><AllowDiscount>1</AllowDiscount><ItemStatus>1</ItemStatus><ItemPrice>5.40</ItemPrice></item><item><PriceUpdateDate>2016-05-31 09:32:44</PriceUpdateDate><ItemCode>7290000401508</ItemCode><ItemType>1</ItemType><ItemName>חטיף קליק כדורים 75</ItemName><ManufacturerName>קליק ורד הגליל</ManufacturerName><ManufactureCountry>ישראל</ManufactureCountry><ManufacturerItemDescription>קליק חלב 75 גר</ManufacturerItemDescription><SoldByWeight/><Quantity>75.00</Quantity><UnitOfMeasure>גרם     </UnitOfMeasure><QtyInPackage>לא ידוע</QtyInPackage><UnitOfMeasurePrice>0.0720</UnitOfMeasurePrice><AllowDiscount>1</AllowDiscount><ItemStatus>1</ItemStatus><ItemPrice>5.40</ItemPrice></item><item><PriceUpdateDate>2016-05-31 09:32:44</PriceUpdateDate><ItemCode>7290000401515</ItemCode><ItemType>1</ItemType><ItemName>חטיף קליק קורנפלקס 7</ItemName><ManufacturerName>קליק ורד הגליל</ManufacturerName><ManufactureCountry>ישראל</ManufactureCountry><ManufacturerItemDescription>קליק קורנפלקס 75 גר</ManufacturerItemDescription><SoldByWeight/><Quantity>75.00</Quantity><UnitOfMeasure>גרם     </UnitOfMeasure><QtyInPackage>לא ידוע</QtyInPackage><UnitOfMeasurePrice>0.0720</UnitOfMeasurePrice><AllowDiscount>1</AllowDiscount><ItemStatus>1</ItemStatus><ItemPrice>5.40</ItemPrice></item><item><PriceUpdateDate>2016-05-31 09:32:44</PriceUpdateDate><ItemCode>7290000401546</ItemCode><ItemType>1</ItemType><ItemName>חטיף קליק כריות 75 ג</ItemName><ManufacturerName>קליק ורד הגליל</ManufacturerName><ManufactureCountry>ישראל</ManufactureCountry><ManufacturerItemDescription>קליק כריות 75 גר</ManufacturerItemDescription><SoldByWeight/><Quantity>75.00</Quantity><UnitOfMeasure>גרם     </UnitOfMeasure><QtyInPackage>לא ידוע</QtyInPackage><UnitOfMeasurePrice>0.0720</UnitOfMeasurePrice><AllowDiscount>1</AllowDiscount><ItemStatus>1</ItemStatus><ItemPrice>5.40</ItemPrice></item><item><PriceUpdateDate>2016-05-31 09:30:19</PriceUpdateDate><ItemCode>7290000401577</ItemCode><ItemType>1</ItemType><ItemName>נייטשר וואלי קראנצ'י</ItemName><ManufacturerName>Nature Valley</ManufacturerName><ManufactureCountry>ארצות הברית</ManufactureCountry><ManufacturerItemDescription>חמצוצים קולה    ה 100גרם</ManufacturerItemDescription><SoldByWeight/><Quantity>210.00</Quantity><UnitOfMeasure>גרם     </UnitOfMeasure><QtyInPackage>לא ידוע</QtyInPackage><UnitOfMeasurePrice>0.0757</UnitOfMeasurePrice><AllowDiscount>1</AllowDiscount><ItemStatus>1</ItemStatus><ItemPrice>15.90</ItemPrice></item><item><PriceUpdateDate>2016-05-31 09:30:19</PriceUpdateDate><ItemCode>7290000401652</ItemCode><ItemType>1</ItemType><ItemName>נייטשר וואלי קראנצ'י</ItemName><ManufacturerName>Nature Valley</ManufacturerName><ManufactureCountry>ספרד</ManufactureCountry><ManufacturerItemDescription>חטיף פרינגלס    ינו169</ManufacturerItemDescription><SoldByWeight/><Quantity>210.00</Quantity><UnitOfMeasure>גרם     </UnitOfMeasure><QtyInPackage>לא ידוע</QtyInPackage><UnitOfMeasurePrice>0.0757</UnitOfMeasurePrice><AllowDiscount>1</AllowDiscount><ItemStatus>1</ItemStatus><ItemPrice>15.90</ItemPrice></item><item><PriceUpdateDate>2016-05-05 12:30:09</PriceUpdateDate><ItemCode>7290000402505</ItemCode><ItemType>1</ItemType><ItemName>עוגיות מרבה שוקוצ'יפ</ItemName><ManufacturerName>מרבה</ManufacturerName><ManufactureCountry>הולנד</ManufactureCountry><ManufacturerItemDescription>עוגיות ש.צ'יפס  יפס225גר</ManufacturerItemDescription><SoldByWeight/><Quantity>225.00</Quantity><UnitOfMeasure>גרם     </UnitOfMeasure><QtyInPackage>לא ידוע</QtyInPackage><UnitOfMeasurePrice>0.0396</UnitOfMeasurePrice><AllowDiscount>0</AllowDiscount><ItemStatus>1</ItemStatus><ItemPrice>8.90</ItemPrice></item><item><PriceUpdateDate>2015-12-01 06:48:53</PriceUpdateDate><ItemCode>7290000402802</ItemCode><ItemType>1</ItemType><ItemName>סוכריות מאסט טעם יוג</ItemName><ManufacturerName>מאסט</ManufacturerName><ManufactureCountry>פולין</ManufactureCountry><ManufacturerItemDescription>סוכריות מאסט ללא סוכר יוג</ManufacturerItemDescription><SoldByWeight/><Quantity>0.00</Quantity><UnitOfMeasure>יח'</UnitOfMeasure><QtyInPackage>לא ידוע</QtyInPackage><UnitOfMeasurePrice>0.0000</UnitOfMeasurePrice><AllowDiscount>1</AllowDiscount><ItemStatus>1</ItemStatus><ItemPrice>8.90</ItemPrice></item><item><PriceUpdateDate>2015-12-01 06:48:53</PriceUpdateDate><ItemCode>7290000402826</ItemCode><ItemType>1</ItemType><ItemName>סוכריות מאסט לימון ל</ItemName><ManufacturerName>מאסט</ManufacturerName><ManufactureCountry>פולין</ManufactureCountry><ManufacturerItemDescription>צבע לשיער גרנייהנד זהוב</ManufacturerItemDescription><SoldByWeight/><Quantity>80.00</Quantity><UnitOfMeasure>גרם     </UnitOfMeasure><QtyInPackage>לא ידוע</QtyInPackage><UnitOfMeasurePrice>0.1113</UnitOfMeasurePrice><AllowDiscount>1</AllowDiscount><ItemStatus>1</ItemStatus><ItemPrice>8.90</ItemPrice></item><item><PriceUpdateDate>2016-08-02 06:35:53</PriceUpdateDate><ItemCode>7290000403168</ItemCode><ItemType>1</ItemType><ItemName>מב דגני פוסט וופל קר</ItemName><ManufacturerName>פוסט</ManufacturerName><ManufactureCountry>ארצות הברית</ManufactureCountry><ManufacturerItemDescription>תערובת דגנים וופל קריספ32</ManufacturerItemDescription><SoldByWeight/><Quantity>325.00</Quantity><UnitOfMeasure>גרם     </UnitOfMeasure><QtyInPackage>לא ידוע</QtyInPackage><UnitOfMeasurePrice>0.0551</UnitOfMeasurePrice><AllowDiscount>1</AllowDiscount><ItemStatus>1</ItemStatus><ItemPrice>17.90</ItemPrice></item><item><PriceUpdateDate>2016-05-17 17:39:02</PriceUpdateDate><ItemCode>7290000403595</ItemCode><ItemType>1</ItemType><ItemName>שוקולד מילקה חלב 100</ItemName><ManufacturerName>מילקה</ManufacturerName><ManufactureCountry>גרמניה</ManufactureCountry><ManufacturerItemDescription>ג'ל גילוח ניוואה.רגיש200</ManufacturerItemDescription><SoldByWeight/><Quantity>100.00</Quantity><UnitOfMeasure>גרם     </UnitOfMeasure><QtyInPackage>לא ידוע</QtyInPackage><UnitOfMeasurePrice>0.0890</UnitOfMeasurePrice><AllowDiscount>1</AllowDiscount><ItemStatus>1</ItemStatus><ItemPrice>8.90</ItemPrice></item><item><PriceUpdateDate>2016-08-02 06:30:44</PriceUpdateDate><ItemCode>7290000403656</ItemCode><ItemType>1</ItemType><ItemName>מטהר אויר איירויק לל</ItemName><ManufacturerName>איירויק</ManufacturerName><ManufactureCountry>פולין</ManufactureCountry><ManufacturerItemDescription>מטהר אויר איירויק לל</ManufacturerItemDescription><SoldByWeight/><Quantity>345.00</Quantity><UnitOfMeasure>מ"ל</UnitOfMeasure><QtyInPackage>לא ידוע</QtyInPackage><UnitOfMeasurePrice>0.0577</UnitOfMeasurePrice><AllowDiscount>1</AllowDiscount><ItemStatus>1</ItemStatus><ItemPrice>19.90</ItemPrice></item><item><PriceUpdateDate>2015-10-29 07:16:28</PriceUpdateDate><ItemCode>7290000404059</ItemCode><ItemType>1</ItemType><ItemName>שוקולד ריטר אגוזים 1</ItemName><ManufacturerName>ריטר</ManufacturerName><ManufactureCountry>גרמניה</ManufactureCountry><ManufacturerItemDescription>דאודורנט FA     200SP FA</ManufacturerItemDescription><SoldByWeight/><Quantity>100.00</Quantity><UnitOfMeasure>גרם     </UnitOfMeasure><QtyInPackage>לא ידוע</QtyInPackage><UnitOfMeasurePrice>0.0990</UnitOfMeasurePrice><AllowDiscount>1</AllowDiscount><ItemStatus>1</ItemStatus><ItemPrice>9.90</ItemPrice></item><item><PriceUpdateDate>2016-05-01 07:20:53</PriceUpdateDate><ItemCode>7290000404332</ItemCode><ItemType>1</ItemType><ItemName>טופיפי 125 גרם</ItemName><ManufacturerName>טופיפי</ManufacturerName><ManufactureCountry>גרמניה</ManufactureCountry><ManufacturerItemDescription>זוג הרפיק מוצק   גרם</ManufacturerItemDescription><SoldByWeight/><Quantity>125.00</Quantity><UnitOfMeasure>גרם     </UnitOfMeasure><QtyInPackage>לא ידוע</QtyInPackage><UnitOfMeasurePrice>0.1192</UnitOfMeasurePrice><AllowDiscount>0</AllowDiscount><ItemStatus>1</ItemStatus><ItemPrice>14.90</ItemPrice></item><item><PriceUpdateDate>2016-05-01 07:22:39</PriceUpdateDate><ItemCode>7290000404370</ItemCode><ItemType>1</ItemType><ItemName>בונבונירה מרסי אוריג</ItemName><ManufacturerName>מרסי</ManufacturerName><ManufactureCountry>גרמניה</ManufactureCountry><ManufacturerItemDescription>טמפוני קוטקס    מיני</ManufacturerItemDescription><SoldByWeight/><Quantity>250.00</Quantity><UnitOfMeasure>גרם     </UnitOfMeasure><QtyInPackage>לא ידוע</QtyInPackage><UnitOfMeasurePrice>0.1196</UnitOfMeasurePrice><AllowDiscount>1</AllowDiscount><ItemStatus>1</ItemStatus><ItemPrice>29.90</ItemPrice></item><item><PriceUpdateDate>2016-05-01 07:22:39</PriceUpdateDate><ItemCode>7290000404394</ItemCode><ItemType>1</ItemType><ItemName>בונבוניירה טופיפי 25</ItemName><ManufacturerName>לא ידוע</ManufacturerName><ManufactureCountry>גרמניה</ManufactureCountry><ManufacturerItemDescription>קוקו פופס שוקוס קלוג500'</ManufacturerItemDescription><SoldByWeight/><Quantity>250.00</Quantity><UnitOfMeasure>גרם     </UnitOfMeasure><QtyInPackage>לא ידוע</QtyInPackage><UnitOfMeasurePrice>0.1228</UnitOfMeasurePrice><AllowDiscount>1</AllowDiscount><ItemStatus>1</ItemStatus><ItemPrice>30.70</ItemPrice></item><item><PriceUpdateDate>2016-05-17 17:39:02</PriceUpdateDate><ItemCode>7290000405544</ItemCode><ItemType>1</ItemType><ItemName>שוקולד מילקה מילוי ק</ItemName><ManufacturerName>מילקה</ManufacturerName><ManufactureCountry>ישראל</ManufactureCountry><ManufacturerItemDescription>שוקולד מילקה מילוי ק</ManufacturerItemDescription><SoldByWeight/><Quantity>100.00</Quantity><UnitOfMeasure>גרם     </UnitOfMeasure><QtyInPackage>לא ידוע</QtyInPackage><UnitOfMeasurePrice>0.0890</UnitOfMeasurePrice><AllowDiscount>1</AllowDiscount><ItemStatus>1</ItemStatus><ItemPrice>8.90</ItemPrice></item><item><PriceUpdateDate>2016-06-28 06:23:21</PriceUpdateDate><ItemCode>7290000406756</ItemCode><ItemType>1</ItemType><ItemName>מב פיניש טבליות 20 ק</ItemName><ManufacturerName>פיניש</ManufacturerName><ManufactureCountry>פולין</ManufactureCountry><ManufacturerItemDescription>מב פיניש טבליות 20 ק</ManufacturerItemDescription><SoldByWeight/><Quantity>20.00</Quantity><UnitOfMeasure>יח'</UnitOfMeasure><QtyInPackage>לא ידוע</QtyInPackage><UnitOfMeasurePrice>1.4950</UnitOfMeasurePrice><AllowDiscount>1</AllowDiscount><ItemStatus>1</ItemStatus><ItemPrice>29.90</ItemPrice></item><item><PriceUpdateDate>2016-05-31 09:32:45</PriceUpdateDate><ItemCode>7290000406862</ItemCode><ItemType>1</ItemType><ItemName>ריבת מעדן דובדבן שחו</ItemName><ManufacturerName>סאן דלפור</ManufacturerName><ManufactureCountry>ישראל</ManufactureCountry><ManufacturerItemDescription>מעדן דובדבנים שחורים 284</ManufacturerItemDescription><SoldByWeight/><Quantity>284.00</Quantity><UnitOfMeasure>גרם     </UnitOfMeasure><QtyInPackage>לא ידוע</QtyInPackage><UnitOfMeasurePrice>0.0630</UnitOfMeasurePrice><AllowDiscount>1</AllowDiscount><ItemStatus>1</ItemStatus><ItemPrice>17.90</ItemPrice></item><item><PriceUpdateDate>2016-05-31 09:32:45</PriceUpdateDate><ItemCode>7290000406879</ItemCode><ItemType>1</ItemType><ItemName>ריבת מעדן אוכמניות ל</ItemName><ManufacturerName>סאן דלפור</ManufacturerName><ManufactureCountry>ישראל</ManufactureCountry><ManufacturerItemDescription>מעדן אוכמניות כחולות 284</ManufacturerItemDescription><SoldByWeight/><Quantity>284.00</Quantity><UnitOfMeasure>גרם     </UnitOfMeasure><QtyInPackage>לא ידוע</QtyInPackage><UnitOfMeasurePrice>0.0630</UnitOfMeasurePrice><AllowDiscount>1</AllowDiscount><ItemStatus>1</ItemStatus><ItemPrice>17.90</ItemPrice></item><item><PriceUpdateDate>2016-05-31 09:32:45</PriceUpdateDate><ItemCode>7290000406893</ItemCode><ItemType>1</ItemType><ItemName>ריבת מעדן תפוז ללא ס</ItemName><ManufacturerName>סאן דלפור</ManufacturerName><ManufactureCountry>ישראל</ManufactureCountry><ManufacturerItemDescription>ריבת מעדן תפוז ללא ס</ManufacturerItemDescription><SoldByWeight/><Quantity>284.00</Quantity><UnitOfMeasure>גרם     </UnitOfMeasure><QtyInPackage>לא ידוע</QtyInPackage><UnitOfMeasurePrice>0.0630</UnitOfMeasurePrice><AllowDiscount>1</AllowDiscount><ItemStatus>1</ItemStatus><ItemPrice>17.90</ItemPrice></item><item><PriceUpdateDate>2016-05-31 09:32:45</PriceUpdateDate><ItemCode>7290000406930</ItemCode><ItemType>1</ItemType><ItemName>ריבת מעדן תות שדה לל</ItemName><ManufacturerName>סאן דלפור</ManufacturerName><ManufactureCountry>ישראל</ManufactureCountry><ManufacturerItemDescription>מעדן תות שדה 284 גר</ManufacturerItemDescription><SoldByWeight/><Quantity>284.00</Quantity><UnitOfMeasure>גרם     </UnitOfMeasure><QtyInPackage>לא ידוע</QtyInPackage><UnitOfMeasurePrice>0.0630</UnitOfMeasurePrice><AllowDiscount>1</AllowDiscount><ItemStatus>1</ItemStatus><ItemPrice>17.90</ItemPrice></item><item><PriceUpdateDate>2016-05-31 09:32:45</PriceUpdateDate><ItemCode>7290000406978</ItemCode><ItemType>1</ItemType><ItemName>ריבת מעדן רימון +פטל</ItemName><ManufacturerName>סאן דלפור</ManufacturerName><ManufactureCountry>ישראל</ManufactureCountry><ManufacturerItemDescription>ריבת מעדן רימון +פטל</ManufacturerItemDescription><SoldByWeight/><Quantity>284.00</Quantity><UnitOfMeasure>גרם     </UnitOfMeasure><QtyInPackage>לא ידוע</QtyInPackage><UnitOfMeasurePrice>0.0630</UnitOfMeasurePrice><AllowDiscount>1</AllowDiscount><ItemStatus>1</ItemStatus><ItemPrice>17.90</ItemPrice></item><item><PriceUpdateDate>2016-08-02 06:30:44</PriceUpdateDate><ItemCode>7290000407470</ItemCode><ItemType>1</ItemType><ItemName>גליליות וופל קפוצ'ינ</ItemName><ManufacturerName>גולדן בריק</ManufacturerName><ManufactureCountry>ישראל</ManufactureCountry><ManufacturerItemDescription>גליליות וופל קפוצ'ינ</ManufacturerItemDescription><SoldByWeight/><Quantity>400.00</Quantity><UnitOfMeasure>גרם     </UnitOfMeasure><QtyInPackage>לא ידוע</QtyInPackage><UnitOfMeasurePrice>0.0508</UnitOfMeasurePrice><AllowDiscount>1</AllowDiscount><ItemStatus>1</ItemStatus><ItemPrice>20.30</ItemPrice></item><item><PriceUpdateDate>2016-05-31 09:32:45</PriceUpdateDate><ItemCode>7290000407975</ItemCode><ItemType>1</ItemType><ItemName>ביסקויט לוטוס קרמל 3</ItemName><ManufacturerName>לוטוס</ManufacturerName><ManufactureCountry>בלגיה</ManufactureCountry><ManufacturerItemDescription>ביסקוויט לוטוס  רוז 50יח</ManufacturerItemDescription><SoldByWeight/><Quantity>312.00</Quantity><UnitOfMeasure>גרם     </UnitOfMeasure><QtyInPackage>לא ידוע</QtyInPackage><UnitOfMeasurePrice>0.0564</UnitOfMeasurePrice><AllowDiscount>1</AllowDiscount><ItemStatus>1</ItemStatus><ItemPrice>17.60</ItemPrice></item><item><PriceUpdateDate>2015-10-13 09:48:10</PriceUpdateDate><ItemCode>7290000408316</ItemCode><ItemType>1</ItemType><ItemName>דנונה טבעי 3% 200 גר</ItemName><ManufacturerName>דנונה</ManufacturerName><ManufactureCountry>ישראל</ManufactureCountry><ManufacturerItemDescription>דנונה 200 3%- גרם</ManufacturerItemDescription><SoldByWeight/><Quantity>200.00</Quantity><UnitOfMeasure>גרם     </UnitOfMeasure><QtyInPackage>לא ידוע</QtyInPackage><UnitOfMeasurePrice>0.0200</UnitOfMeasurePrice><AllowDiscount>1</AllowDiscount><ItemStatus>1</ItemStatus><ItemPrice>4.00</ItemPrice></item><item><PriceUpdateDate>2016-03-16 13:25:38</PriceUpdateDate><ItemCode>7290000408354</ItemCode><ItemType>1</ItemType><ItemName>דנונה בר עם פצפוצי ש</ItemName><ManufacturerName>דנונה</ManufacturerName><ManufactureCountry>ישראל</ManufactureCountry><ManufacturerItemDescription>דנונה+דגנים שוקולד200 1/2</ManufacturerItemDescription><SoldByWeight/><Quantity>173.00</Quantity><UnitOfMeasure>גרם     </UnitOfMeasure><QtyInPackage>לא ידוע</QtyInPackage><UnitOfMeasurePrice>0.0260</UnitOfMeasurePrice><AllowDiscount>1</AllowDiscount><ItemStatus>1</ItemStatus><ItemPrice>4.50</ItemPrice></item><item><PriceUpdateDate>2016-05-01 07:22:40</PriceUpdateDate><ItemCode>7290000408514</ItemCode><ItemType>1</ItemType><ItemName>פופקורן הוט פופ חמאה</ItemName><ManufacturerName>ליימן חטיבת המותגים</ManufacturerName><ManufactureCountry>ארצות הברית</ManufactureCountry><ManufacturerItemDescription>דאודורנט סטיק   בר 56 גר</ManufacturerItemDescription><SoldByWeight/><Quantity>600.00</Quantity><UnitOfMeasure>גרם     </UnitOfMeasure><QtyInPackage>לא ידוע</QtyInPackage><UnitOfMeasurePrice>0.0248</UnitOfMeasurePrice><AllowDiscount>1</AllowDiscount><ItemStatus>1</ItemStatus><ItemPrice>14.90</ItemPrice></item><item><PriceUpdateDate>2016-05-01 07:22:40</PriceUpdateDate><ItemCode>7290000408521</ItemCode><ItemType>1</ItemType><ItemName>פופקורן הוט פופ לייט</ItemName><ManufacturerName>ליימן חטיבת המותגים</ManufacturerName><ManufactureCountry>ארצות הברית</ManufactureCountry><ManufacturerItemDescription>אג'קס ניקוי כללילימון 2ל</ManufacturerItemDescription><SoldByWeight/><Quantity>510.00</Quantity><UnitOfMeasure>גרם     </UnitOfMeasure><QtyInPackage>לא ידוע</QtyInPackage><UnitOfMeasurePrice>0.0292</UnitOfMeasurePrice><AllowDiscount>1</AllowDiscount><ItemStatus>1</ItemStatus><ItemPrice>14.90</ItemPrice></item><item><PriceUpdateDate>2016-08-02 06:30:45</PriceUpdateDate><ItemCode>7290000408606</ItemCode><ItemType>1</ItemType><ItemName>מב דגני בוקר נסקוויק</ItemName><ManufacturerName>נסקוויק</ManufacturerName><ManufactureCountry>פולין</ManufactureCountry><ManufacturerItemDescription>זוג משחות שינייםדום100*2</ManufacturerItemDescription><SoldByWeight/><Quantity>500.00</Quantity><UnitOfMeasure>גרם     </UnitOfMeasure><QtyInPackage>לא ידוע</QtyInPackage><UnitOfMeasurePrice>0.0378</UnitOfMeasurePrice><AllowDiscount>1</AllowDiscount><ItemStatus>1</ItemStatus><ItemPrice>18.90</ItemPrice></item><item><PriceUpdateDate>2016-05-05 12:30:09</PriceUpdateDate><ItemCode>7290000408965</ItemCode><ItemType>1</ItemType><ItemName>משקה אנרגיה אקסל 250</ItemName><ManufacturerName>XL</ManufacturerName><ManufactureCountry>ישראל</ManufactureCountry><ManufacturerItemDescription>משקה אנרגיה XL מל</ManufacturerItemDescription><SoldByWeight/><Quantity>250.00</Quantity><UnitOfMeasure>מ"ל</UnitOfMeasure><QtyInPackage>לא ידוע</QtyInPackage><UnitOfMeasurePrice>0.0120</UnitOfMeasurePrice><AllowDiscount>1</AllowDiscount><ItemStatus>1</ItemStatus><ItemPrice>3.00</ItemPrice></item><item><PriceUpdateDate>2016-05-05 12:30:09</PriceUpdateDate><ItemCode>7290000408989</ItemCode><ItemType>1</ItemType><ItemName>משקה אנרגיה XL ללא ס</ItemName><ManufacturerName>XL</ManufacturerName><ManufactureCountry>ישראל</ManufactureCountry><ManufacturerItemDescription>משקה אנרגיה XL דיאט 250 מ</ManufacturerItemDescription><SoldByWeight/><Quantity>250.00</Quantity><UnitOfMeasure>מ"ל</UnitOfMeasure><QtyInPackage>לא ידוע</QtyInPackage><UnitOfMeasurePrice>0.0120</UnitOfMeasurePrice><AllowDiscount>1</AllowDiscount><ItemStatus>1</ItemStatus><ItemPrice>3.00</ItemPrice></item><item><PriceUpdateDate>2016-06-27 19:05:09</PriceUpdateDate><ItemCode>7290000409245</ItemCode><ItemType>1</ItemType><ItemName>יין קלאסיק אמרלד ריז</ItemName><ManufacturerName>ברקן קלאסיק</ManufacturerName><ManufactureCountry>ישראל</ManufactureCountry><ManufacturerItemDescription>יין קלאסיק אמרלד ריזלינג</ManufacturerItemDescription><SoldByWeight/><Quantity>750.00</Quantity><UnitOfMeasure>מ"ל</UnitOfMeasure><QtyInPackage>לא ידוע</QtyInPackage><UnitOfMeasurePrice>0.0492</UnitOfMeasurePrice><AllowDiscount>1</AllowDiscount><ItemStatus>1</ItemStatus><ItemPrice>36.90</ItemPrice></item><item><PriceUpdateDate>2016-06-13 06:38:04</PriceUpdateDate><ItemCode>7290000409481</ItemCode><ItemType>1</ItemType><ItemName>יופלה תות 3% 150 גרם</ItemName><ManufacturerName>יופלה</ManufacturerName><ManufactureCountry>ישראל</ManufactureCountry><ManufacturerItemDescription>יופלה תות 150 3% מל</ManufacturerItemDescription><SoldByWeight/><Quantity>150.00</Quantity><UnitOfMeasure>גרם     </UnitOfMeasure><QtyInPackage>לא ידוע</QtyInPackage><UnitOfMeasurePrice>0.0327</UnitOfMeasurePrice><AllowDiscount>1</AllowDiscount><ItemStatus>1</ItemStatus><ItemPrice>4.90</ItemPrice></item><item><PriceUpdateDate>2015-10-01 00:26:58</PriceUpdateDate><ItemCode>7290000409597</ItemCode><ItemType>1</ItemType><ItemName>קוטג' 5% בדצ 250 גרם</ItemName><ManufacturerName>קוטג תנובה</ManufacturerName><ManufactureCountry>ישראל</ManufactureCountry><ManufacturerItemDescription>קוטג250 5% גר.מהדרין</ManufacturerItemDescription><SoldByWeight/><Quantity>250.00</Quantity><UnitOfMeasure>גרם     </UnitOfMeasure><QtyInPackage>לא ידוע</QtyInPackage><UnitOfMeasurePrice>0.0228</UnitOfMeasurePrice><AllowDiscount>1</AllowDiscount><ItemStatus>1</ItemStatus><ItemPrice>5.70</ItemPrice></item><item><PriceUpdateDate>2015-10-13 09:47:39</PriceUpdateDate><ItemCode>7290000409610</ItemCode><ItemType>1</ItemType><ItemName>שמנת מועשרת 15% יטבת</ItemName><ManufacturerName>יטבתה</ManufacturerName><ManufactureCountry>ישראל</ManufactureCountry><ManufacturerItemDescription>שמנת יטבתה 200 מעושרת  פי</ManufacturerItemDescription><SoldByWeight/><Quantity>200.00</Quantity><UnitOfMeasure>מ"ל</UnitOfMeasure><QtyInPackage>לא ידוע</QtyInPackage><UnitOfMeasurePrice>0.0135</UnitOfMeasurePrice><AllowDiscount>1</AllowDiscount><ItemStatus>1</ItemStatus><ItemPrice>2.70</ItemPrice></item><item><PriceUpdateDate>2015-10-22 09:58:26</PriceUpdateDate><ItemCode>7290000409627</ItemCode><ItemType>1</ItemType><ItemName>לבן מועשר 4.5% יטבתה</ItemName><ManufacturerName>יטבתה</ManufacturerName><ManufactureCountry>ישראל</ManufactureCountry><ManufacturerItemDescription>לבן 4.5% יוטבתה 200 גרם</ManufacturerItemDescription><SoldByWeight/><Quantity>200.00</Quantity><UnitOfMeasure>מ"ל</UnitOfMeasure><QtyInPackage>לא ידוע</QtyInPackage><UnitOfMeasurePrice>0.0110</UnitOfMeasurePrice><AllowDiscount>1</AllowDiscount><ItemStatus>1</ItemStatus><ItemPrice>2.20</ItemPrice></item><item><PriceUpdateDate>2016-02-11 07:49:22</PriceUpdateDate><ItemCode>7290000409641</ItemCode><ItemType>1</ItemType><ItemName>חלב 3% בשקית 1 ליטר</ItemName><ManufacturerName>חלב תנובה</ManufacturerName><ManufactureCountry>ישראל</ManufactureCountry><ManufacturerItemDescription>חלב1 3% ל.שקית פיקוח</ManufacturerItemDescription><SoldByWeight/><Quantity>1000.00</Quantity><UnitOfMeasure>מ"ל</UnitOfMeasure><QtyInPackage>לא ידוע</QtyInPackage><UnitOfMeasurePrice>0.0050</UnitOfMeasurePrice><AllowDiscount>1</AllowDiscount><ItemStatus>1</ItemStatus><ItemPrice>5.00</ItemPrice></item><item><PriceUpdateDate>2016-02-14 08:36:12</PriceUpdateDate><ItemCode>7290000409665</ItemCode><ItemType>1</ItemType><ItemName>חלב על הבוקר 1% מועש</ItemName><ManufacturerName>חלב תנובה</ManufacturerName><ManufactureCountry>ישראל</ManufactureCountry><ManufacturerItemDescription>חלב 1% על הבוקר קרטון+פקק</ManufacturerItemDescription><SoldByWeight/><Quantity>1000.00</Quantity><UnitOfMeasure>מ"ל</UnitOfMeasure><QtyInPackage>לא ידוע</QtyInPackage><UnitOfMeasurePrice>0.0089</UnitOfMeasurePrice><AllowDiscount>1</AllowDiscount><ItemStatus>1</ItemStatus><ItemPrice>8.90</ItemPrice></item><item><PriceUpdateDate>2016-04-24 07:45:00</PriceUpdateDate><ItemCode>7290000409689</ItemCode><ItemType>1</ItemType><ItemName>חלב כד 1% שומן 2 ליט</ItemName><ManufacturerName>חלב תנובה</ManufacturerName><ManufactureCountry>ישראל</ManufactureCountry><ManufacturerItemDescription>חלב2 1% ל.בכד</ManufacturerItemDescription><SoldByWeight/><Quantity>2000.00</Quantity><UnitOfMeasure>מ"ל</UnitOfMeasure><QtyInPackage>לא ידוע</QtyInPackage><UnitOfMeasurePrice>0.0054</UnitOfMeasurePrice><AllowDiscount>1</AllowDiscount><ItemStatus>1</ItemStatus><ItemPrice>10.80</ItemPrice></item><item><PriceUpdateDate>2016-04-24 07:45:00</PriceUpdateDate><ItemCode>7290000409696</ItemCode><ItemType>1</ItemType><ItemName>חלב כד 3% 2 ליטר</ItemName><ManufacturerName>חלב תנובה</ManufacturerName><ManufactureCountry>ישראל</ManufactureCountry><ManufacturerItemDescription>חלב 2 3% ליטר בכד</ManufacturerItemDescription><SoldByWeight/><Quantity>2000.00</Quantity><UnitOfMeasure>מ"ל</UnitOfMeasure><QtyInPackage>לא ידוע</QtyInPackage><UnitOfMeasurePrice>0.0058</UnitOfMeasurePrice><AllowDiscount>1</AllowDiscount><ItemStatus>1</ItemStatus><ItemPrice>11.50</ItemPrice></item><item><PriceUpdateDate>2015-10-13 09:47:39</PriceUpdateDate><ItemCode>7290000409719</ItemCode><ItemType>1</ItemType><ItemName>חלב מועשר יטבתה 3% ב</ItemName><ManufacturerName>יטבתה</ManufacturerName><ManufactureCountry>ישראל</ManufactureCountry><ManufacturerItemDescription>חלב1 3% ל.שקית מועשר יוטב</ManufacturerItemDescription><SoldByWeight/><Quantity>1000.00</Quantity><UnitOfMeasure>מ"ל</UnitOfMeasure><QtyInPackage>לא ידוע</QtyInPackage><UnitOfMeasurePrice>0.0065</UnitOfMeasurePrice><AllowDiscount>1</AllowDiscount><ItemStatus>1</ItemStatus><ItemPrice>6.50</ItemPrice></item><item><PriceUpdateDate>2016-05-15 07:09:26</PriceUpdateDate><ItemCode>7290000409726</ItemCode><ItemType>1</ItemType><ItemName>חלב 1% בקרטון 1 ליטר</ItemName><ManufacturerName>חלב תנובה</ManufacturerName><ManufactureCountry>ישראל</ManufactureCountry><ManufacturerItemDescription>חלב1 1% ל.קרטון פיקוח</ManufacturerItemDescription><SoldByWeight/><Quantity>1000.00</Quantity><UnitOfMeasure>מ"ל</UnitOfMeasure><QtyInPackage>לא ידוע</QtyInPackage><UnitOfMeasurePrice>0.0054</UnitOfMeasurePrice><AllowDiscount>1</AllowDiscount><ItemStatus>1</ItemStatus><ItemPrice>5.40</ItemPrice></item><item><PriceUpdateDate>2016-05-15 07:09:26</PriceUpdateDate><ItemCode>7290000409733</ItemCode><ItemType>1</ItemType><ItemName>חלב 3% בקרטון 1 ליטר</ItemName><ManufacturerName>חלב תנובה</ManufacturerName><ManufactureCountry>ישראל</ManufactureCountry><ManufacturerItemDescription>חלב1 3% ל.קרטון+פקק פיקוח</ManufacturerItemDescription><SoldByWeight/><Quantity>1000.00</Quantity><UnitOfMeasure>מ"ל</UnitOfMeasure><QtyInPackage>לא ידוע</QtyInPackage><UnitOfMeasurePrice>0.0058</UnitOfMeasurePrice><AllowDiscount>1</AllowDiscount><ItemStatus>1</ItemStatus><ItemPrice>5.75</ItemPrice></item><item><PriceUpdateDate>2016-02-14 08:36:12</PriceUpdateDate><ItemCode>7290000409740</ItemCode><ItemType>1</ItemType><ItemName>חלב 1% מועשר בחלבוני</ItemName><ManufacturerName>חלב תנובה</ManufacturerName><ManufactureCountry>ישראל</ManufactureCountry><ManufacturerItemDescription>חלב 1% מועשר קרטון+פקק1 ל</ManufacturerItemDescription><SoldByWeight/><Quantity>1000.00</Quantity><UnitOfMeasure>מ"ל</UnitOfMeasure><QtyInPackage>לא ידוע</QtyInPackage><UnitOfMeasurePrice>0.0089</UnitOfMeasurePrice><AllowDiscount>1</AllowDiscount><ItemStatus>1</ItemStatus><ItemPrice>8.90</ItemPrice></item><item><PriceUpdateDate>2016-06-06 06:49:24</PriceUpdateDate><ItemCode>7290000409757</ItemCode><ItemType>1</ItemType><ItemName>חלב עמיד 3% בקרטון 1</ItemName><ManufacturerName>חלב תנובה</ManufacturerName><ManufactureCountry>ישראל</ManufactureCountry><ManufacturerItemDescription>חלב עמיד1 ל 3% .קרטון</ManufacturerItemDescription><SoldByWeight/><Quantity>1000.00</Quantity><UnitOfMeasure>מ"ל</UnitOfMeasure><QtyInPackage>לא ידוע</QtyInPackage><UnitOfMeasurePrice>0.0069</UnitOfMeasurePrice><AllowDiscount>1</AllowDiscount><ItemStatus>1</ItemStatus><ItemPrice>6.90</ItemPrice></item><item><PriceUpdateDate>2015-10-22 09:58:26</PriceUpdateDate><ItemCode>7290000409801</ItemCode><ItemType>1</ItemType><ItemName>חלב עמיד3% 250 מ''ל</ItemName><ManufacturerName>חלב תנובה</ManufacturerName><ManufactureCountry>ישראל</ManufactureCountry><ManufacturerItemDescription>חלב עמיד 250 מל</ManufacturerItemDescription><SoldByWeight/><Quantity>250.00</Quantity><UnitOfMeasure>מ"ל</UnitOfMeasure><QtyInPackage>לא ידוע</QtyInPackage><UnitOfMeasurePrice>0.0112</UnitOfMeasurePrice><AllowDiscount>1</AllowDiscount><ItemStatus>1</ItemStatus><ItemPrice>2.80</ItemPrice></item><item><PriceUpdateDate>2015-10-13 09:47:39</PriceUpdateDate><ItemCode>7290000409832</ItemCode><ItemType>1</ItemType><ItemName>שוקו יטבתה שקית 225</ItemName><ManufacturerName>יטבתה</ManufacturerName><ManufactureCountry>ישראל</ManufactureCountry><ManufacturerItemDescription>שוקו בשקית 225 מל.יוטבתה</ManufacturerItemDescription><SoldByWeight/><Quantity>225.00</Quantity><UnitOfMeasure>מ"ל</UnitOfMeasure><QtyInPackage>לא ידוע</QtyInPackage><UnitOfMeasurePrice>0.0120</UnitOfMeasurePrice><AllowDiscount>1</AllowDiscount><ItemStatus>1</ItemStatus><ItemPrice>2.70</ItemPrice></item><item><PriceUpdateDate>2015-11-12 11:29:26</PriceUpdateDate><ItemCode>7290000409856</ItemCode><ItemType>1</ItemType><ItemName>שוקו עמיד 250 גרם</ItemName><ManufacturerName>שוק</ManufacturerName><ManufactureCountry>ישראל</ManufactureCountry><ManufacturerItemDescription>שוקו עמיד 250 מל.בקרטון</ManufacturerItemDescription><SoldByWeight/><Quantity>250.00</Quantity><UnitOfMeasure>מ"ל</UnitOfMeasure><QtyInPackage>לא ידוע</QtyInPackage><UnitOfMeasurePrice>0.0196</UnitOfMeasurePrice><AllowDiscount>1</AllowDiscount><ItemStatus>1</ItemStatus><ItemPrice>4.90</ItemPrice></item><item><PriceUpdateDate>2016-02-11 07:49:22</PriceUpdateDate><ItemCode>7290000409863</ItemCode><ItemType>1</ItemType><ItemName>חמאה מפוסטרת חבילה 2</ItemName><ManufacturerName>תנובה</ManufacturerName><ManufactureCountry>ישראל</ManufactureCountry><ManufacturerItemDescription>חמאה 200 גרם פיקוח</ManufacturerItemDescription><SoldByWeight/><Quantity>200.00</Quantity><UnitOfMeasure>גרם     </UnitOfMeasure><QtyInPackage>לא ידוע</QtyInPackage><UnitOfMeasurePrice>0.0380</UnitOfMeasurePrice><AllowDiscount>1</AllowDiscount><ItemStatus>1</ItemStatus><ItemPrice>7.60</ItemPrice></item><item><PriceUpdateDate>2015-10-13 09:47:39</PriceUpdateDate><ItemCode>7290000409870</ItemCode><ItemType>1</ItemType><ItemName>חמאה מלוחה 200 גרם</ItemName><ManufacturerName>חמאת תנובה</ManufacturerName><ManufactureCountry>ישראל</ManufactureCountry><ManufacturerItemDescription>חמאה מלוחה200 ג</ManufacturerItemDescription><SoldByWeight/><Quantity>200.00</Quantity><UnitOfMeasure>גרם     </UnitOfMeasure><QtyInPackage>לא ידוע</QtyInPackage><UnitOfMeasurePrice>0.0485</UnitOfMeasurePrice><AllowDiscount>1</AllowDiscount><ItemStatus>1</ItemStatus><ItemPrice>9.70</ItemPrice></item><item><PriceUpdateDate>2016-02-11 07:49:22</PriceUpdateDate><ItemCode>7290000409887</ItemCode><ItemType>1</ItemType><ItemName>שמנת עמידה לקצפת 38%</ItemName><ManufacturerName>שף לבן</ManufacturerName><ManufactureCountry>ישראל</ManufactureCountry><ManufacturerItemDescription>שמנת מתוקה עמידה</ManufacturerItemDescription><SoldByWeight/><Quantity>250.00</Quantity><UnitOfMeasure>מ"ל</UnitOfMeasure><QtyInPackage>לא ידוע</QtyInPackage><UnitOfMeasurePrice>0.0238</UnitOfMeasurePrice><AllowDiscount>1</AllowDiscount><ItemStatus>1</ItemStatus><ItemPrice>5.95</ItemPrice></item><item><PriceUpdateDate>2016-02-15 10:07:46</PriceUpdateDate><ItemCode>7290000409900</ItemCode><ItemType>1</ItemType><ItemName>ריוויון 1.5% שומן 1</ItemName><ManufacturerName>ריויון</ManufacturerName><ManufactureCountry>ישראל</ManufactureCountry><ManufacturerItemDescription>רויון 1 ליטר בקרטון</ManufacturerItemDescription><SoldByWeight/><Quantity>1000.00</Quantity><UnitOfMeasure>מ"ל</UnitOfMeasure><QtyInPackage>לא ידוע</QtyInPackage><UnitOfMeasurePrice>0.0117</UnitOfMeasurePrice><AllowDiscount>1</AllowDiscount><ItemStatus>1</ItemStatus><ItemPrice>11.70</ItemPrice></item><item><PriceUpdateDate>2015-11-12 11:29:26</PriceUpdateDate><ItemCode>7290000409931</ItemCode><ItemType>1</ItemType><ItemName>שלי3% שומן 200 מ"ל</ItemName><ManufacturerName>שלי</ManufacturerName><ManufactureCountry>ישראל</ManufactureCountry><ManufacturerItemDescription>שלי3% שומן 200 מ"ל</ManufacturerItemDescription><SoldByWeight/><Quantity>200.00</Quantity><UnitOfMeasure>מ"ל</UnitOfMeasure><QtyInPackage>לא ידוע</QtyInPackage><UnitOfMeasurePrice>0.0160</UnitOfMeasurePrice><AllowDiscount>1</AllowDiscount><ItemStatus>1</ItemStatus><ItemPrice>3.20</ItemPrice></item><item><PriceUpdateDate>2015-01-27 06:47:11</PriceUpdateDate><ItemCode>7290000409948</ItemCode><ItemType>1</ItemType><ItemName>יוגורט דנובה 500 גרם</ItemName><ManufacturerName>דנובה</ManufacturerName><ManufactureCountry>ישראל</ManufactureCountry><ManufacturerItemDescription>יוגורט דנובה 500 גרם</ManufacturerItemDescription><SoldByWeight/><Quantity>500.00</Quantity><UnitOfMeasure>מ"ל</UnitOfMeasure><QtyInPackage>לא ידוע</QtyInPackage><UnitOfMeasurePrice>0.0166</UnitOfMeasurePrice><AllowDiscount>1</AllowDiscount><ItemStatus>1</ItemStatus><ItemPrice>8.30</ItemPrice></item><item><PriceUpdateDate>2015-10-22 09:58:27</PriceUpdateDate><ItemCode>7290000409955</ItemCode><ItemType>1</ItemType><ItemName>ריויון חצי ליטר</ItemName><ManufacturerName>ריויון</ManufacturerName><ManufactureCountry>ישראל</ManufactureCountry><ManufacturerItemDescription>רויון500 מל .קרטון</ManufacturerItemDescription><SoldByWeight/><Quantity>500.00</Quantity><UnitOfMeasure>מ"ל</UnitOfMeasure><QtyInPackage>לא ידוע</QtyInPackage><UnitOfMeasurePrice>0.0136</UnitOfMeasurePrice><AllowDiscount>1</AllowDiscount><ItemStatus>1</ItemStatus><ItemPrice>6.80</ItemPrice></item><item><PriceUpdateDate>2016-06-27 19:05:10</PriceUpdateDate><ItemCode>7290000409962</ItemCode><ItemType>1</ItemType><ItemName>פרילי תות 500 מ''ל</ItemName><ManufacturerName>פרילי</ManufacturerName><ManufactureCountry>ישראל</ManufactureCountry><ManufacturerItemDescription>פרילי תות500 מל</ManufacturerItemDescription><SoldByWeight/><Quantity>500.00</Quantity><UnitOfMeasure>מ"ל</UnitOfMeasure><QtyInPackage>לא ידוע</QtyInPackage><UnitOfMeasurePrice>0.0218</UnitOfMeasurePrice><AllowDiscount>1</AllowDiscount><ItemStatus>1</ItemStatus><ItemPrice>10.90</ItemPrice></item><item><PriceUpdateDate>2016-05-31 09:30:20</PriceUpdateDate><ItemCode>7290000409979</ItemCode><ItemType>1</ItemType><ItemName>מעדן באדי תות 500 גר</ItemName><ManufacturerName>באדי</ManufacturerName><ManufactureCountry>ישראל</ManufactureCountry><ManufacturerItemDescription>באדי תות 500 3% מל</ManufacturerItemDescription><SoldByWeight/><Quantity>500.00</Quantity><UnitOfMeasure>גרם     </UnitOfMeasure><QtyInPackage>לא ידוע</QtyInPackage><UnitOfMeasurePrice>0.0196</UnitOfMeasurePrice><AllowDiscount>1</AllowDiscount><ItemStatus>1</ItemStatus><ItemPrice>9.80</ItemPrice></item><item><PriceUpdateDate>2016-05-31 09:30:20</PriceUpdateDate><ItemCode>7290000409993</ItemCode><ItemType>1</ItemType><ItemName>גבינת נעמה 200 גרם</ItemName><ManufacturerName>נעמה</ManufacturerName><ManufactureCountry>ישראל</ManufactureCountry><ManufacturerItemDescription>גבינה מותכת נעמה 200 גרם</ManufacturerItemDescription><SoldByWeight/><Quantity>200.00</Quantity><UnitOfMeasure>גרם     </UnitOfMeasure><QtyInPackage>לא ידוע</QtyInPackage><UnitOfMeasurePrice>0.0740</UnitOfMeasurePrice><AllowDiscount>1</AllowDiscount><ItemStatus>1</ItemStatus><ItemPrice>14.80</ItemPrice></item><item><PriceUpdateDate>2016-05-31 09:30:20</PriceUpdateDate><ItemCode>7290000410005</ItemCode><ItemType>1</ItemType><ItemName>גבינת חורש 240 גרם</ItemName><ManufacturerName>נעמה</ManufacturerName><ManufactureCountry>ישראל</ManufactureCountry><ManufacturerItemDescription>גבינה מותכת חורש 240 גרם</ManufacturerItemDescription><SoldByWeight/><Quantity>240.00</Quantity><UnitOfMeasure>גרם     </UnitOfMeasure><QtyInPackage>לא ידוע</QtyInPackage><UnitOfMeasurePrice>0.0746</UnitOfMeasurePrice><AllowDiscount>1</AllowDiscount><ItemStatus>1</ItemStatus><ItemPrice>17.90</ItemPrice></item><item><PriceUpdateDate>2016-08-16 08:54:47</PriceUpdateDate><ItemCode>7290000410029</ItemCode><ItemType>1</ItemType><ItemName>מב גבינת קולאז עיזים</ItemName><ManufacturerName>גבינות תנובה</ManufacturerName><ManufactureCountry>ישראל</ManufactureCountry><ManufacturerItemDescription>גבינהצאן פרומעז גלילית 20</ManufacturerItemDescription><SoldByWeight/><Quantity>200.00</Quantity><UnitOfMeasure>גרם     </UnitOfMeasure><QtyInPackage>לא ידוע</QtyInPackage><UnitOfMeasurePrice>0.0995</UnitOfMeasurePrice><AllowDiscount>1</AllowDiscount><ItemStatus>1</ItemStatus><ItemPrice>19.90</ItemPrice></item><item><PriceUpdateDate>2016-06-06 06:49:24</PriceUpdateDate><ItemCode>7290000410104</ItemCode><ItemType>1</ItemType><ItemName>צהובה גלבוע 22% פרוס</ItemName><ManufacturerName>גלבוע</ManufacturerName><ManufactureCountry>ישראל</ManufactureCountry><ManufacturerItemDescription>גבינהקשה גלבוע פרוס200גר</ManufacturerItemDescription><SoldByWeight/><Quantity>200.00</Quantity><UnitOfMeasure>גרם     </UnitOfMeasure><QtyInPackage>לא ידוע</QtyInPackage><UnitOfMeasurePrice>0.0645</UnitOfMeasurePrice><AllowDiscount>1</AllowDiscount><ItemStatus>1</ItemStatus><ItemPrice>12.90</ItemPrice></item><item><PriceUpdateDate>2015-10-13 09:47:39</PriceUpdateDate><ItemCode>7290000410258</ItemCode><ItemType>1</ItemType><ItemName>גבינת כנען כחושה 5%</ItemName><ManufacturerName>שף לבן</ManufacturerName><ManufactureCountry>ישראל</ManufactureCountry><ManufacturerItemDescription>גבינת כנען כחושה 5%</ManufacturerItemDescription><SoldByWeight/><Quantity>500.00</Quantity><UnitOfMeasure>גרם     </UnitOfMeasure><QtyInPackage>לא ידוע</QtyInPackage><UnitOfMeasurePrice>0.0470</UnitOfMeasurePrice><AllowDiscount>1</AllowDiscount><ItemStatus>1</ItemStatus><ItemPrice>23.50</ItemPrice></item><item><PriceUpdateDate>2016-08-10 11:21:58</PriceUpdateDate><ItemCode>7290000410302</ItemCode><ItemType>1</ItemType><ItemName>מב גבינה לבנה 9% בד'</ItemName><ManufacturerName>גבינות תנובה</ManufacturerName><ManufactureCountry>ישראל</ManufactureCountry><ManufacturerItemDescription>מב גבינה לבנה 9% בד'</ManufacturerItemDescription><SoldByWeight/><Quantity>250.00</Quantity><UnitOfMeasure>גרם     </UnitOfMeasure><QtyInPackage>לא ידוע</QtyInPackage><UnitOfMeasurePrice>0.0160</UnitOfMeasurePrice><AllowDiscount>1</AllowDiscount><ItemStatus>1</ItemStatus><ItemPrice>4.00</ItemPrice></item><item><PriceUpdateDate>2016-08-10 11:21:58</PriceUpdateDate><ItemCode>7290000410319</ItemCode><ItemType>1</ItemType><ItemName>מב גבינה 5% 250 גרם</ItemName><ManufacturerName>גבינות תנובה</ManufacturerName><ManufactureCountry>ישראל</ManufactureCountry><ManufacturerItemDescription>גבינה למריחה 250 5%גרם גב</ManufacturerItemDescription><SoldByWeight/><Quantity>250.00</Quantity><UnitOfMeasure>גרם     </UnitOfMeasure><QtyInPackage>לא ידוע</QtyInPackage><UnitOfMeasurePrice>0.0160</UnitOfMeasurePrice><AllowDiscount>1</AllowDiscount><ItemStatus>1</ItemStatus><ItemPrice>4.00</ItemPrice></item><item><PriceUpdateDate>2015-10-22 09:58:27</PriceUpdateDate><ItemCode>7290000410333</ItemCode><ItemType>1</ItemType><ItemName>גבינת קוטג 5% עם זית</ItemName><ManufacturerName>קוטג תנובה</ManufacturerName><ManufactureCountry>ישראל</ManufactureCountry><ManufacturerItemDescription>קוטג 5%זיתים 250 גר</ManufacturerItemDescription><SoldByWeight/><Quantity>250.00</Quantity><UnitOfMeasure>גרם     </UnitOfMeasure><QtyInPackage>לא ידוע</QtyInPackage><UnitOfMeasurePrice>0.0248</UnitOfMeasurePrice><AllowDiscount>1</AllowDiscount><ItemStatus>1</ItemStatus><ItemPrice>6.20</ItemPrice></item><item><PriceUpdateDate>2016-08-10 11:21:38</PriceUpdateDate><ItemCode>7290000410340</ItemCode><ItemType>1</ItemType><ItemName>גבינת חמד פיראוס 250</ItemName><ManufacturerName>פיראוס</ManufacturerName><ManufactureCountry>ישראל</ManufactureCountry><ManufacturerItemDescription>גבינה חמד פיראוס בשקיות25</ManufacturerItemDescription><SoldByWeight/><Quantity>250.00</Quantity><UnitOfMeasure>גרם     </UnitOfMeasure><QtyInPackage>לא ידוע</QtyInPackage><UnitOfMeasurePrice>0.0756</UnitOfMeasurePrice><AllowDiscount>1</AllowDiscount><ItemStatus>1</ItemStatus><ItemPrice>18.90</ItemPrice></item><item><PriceUpdateDate>2016-08-02 06:30:45</PriceUpdateDate><ItemCode>7290000410357</ItemCode><ItemType>1</ItemType><ItemName>גבינה צפתית 5%שומן 2</ItemName><ManufacturerName>פיראוס</ManufacturerName><ManufactureCountry>ישראל</ManufactureCountry><ManufacturerItemDescription>גבינה צפתית 5% פיראוס200</ManufacturerItemDescription><SoldByWeight/><Quantity>200.00</Quantity><UnitOfMeasure>גרם     </UnitOfMeasure><QtyInPackage>לא ידוע</QtyInPackage><UnitOfMeasurePrice>0.0800</UnitOfMeasurePrice><AllowDiscount>1</AllowDiscount><ItemStatus>1</ItemStatus><ItemPrice>16.00</ItemPrice></item><item><PriceUpdateDate>2015-11-12 11:29:26</PriceUpdateDate><ItemCode>7290000410432</ItemCode><ItemType>1</ItemType><ItemName>פיראוס צפתית עיזים -</ItemName><ManufacturerName>פיראוס</ManufacturerName><ManufactureCountry>ישראל</ManufactureCountry><ManufacturerItemDescription>פיראוס צפתית עיזים -</ManufacturerItemDescription><SoldByWeight/><Quantity>200.00</Quantity><UnitOfMeasure>גרם     </UnitOfMeasure><QtyInPackage>לא ידוע</QtyInPackage><UnitOfMeasurePrice>0.0980</UnitOfMeasurePrice><AllowDiscount>1</AllowDiscount><ItemStatus>1</ItemStatus><ItemPrice>19.60</ItemPrice></item><item><PriceUpdateDate>2016-08-17 08:12:06</PriceUpdateDate><ItemCode>7290000410470</ItemCode><ItemType>1</ItemType><ItemName>מב יופלה תות 500 גרם</ItemName><ManufacturerName>יופלה</ManufacturerName><ManufactureCountry>ישראל</ManufactureCountry><ManufacturerItemDescription>יופלה תות 500 גרם</ManufacturerItemDescription><SoldByWeight/><Quantity>500.00</Quantity><UnitOfMeasure>גרם     </UnitOfMeasure><QtyInPackage>לא ידוע</QtyInPackage><UnitOfMeasurePrice>0.0218</UnitOfMeasurePrice><AllowDiscount>1</AllowDiscount><ItemStatus>1</ItemStatus><ItemPrice>10.90</ItemPrice></item><item><PriceUpdateDate>2016-08-17 08:12:06</PriceUpdateDate><ItemCode>7290000410692</ItemCode><ItemType>1</ItemType><ItemName>מב מארז הפסקת אוכל ד</ItemName><ManufacturerName>חלב תנובה</ManufacturerName><ManufactureCountry>ישראל</ManufactureCountry><ManufacturerItemDescription>מב מארז הפסקת אוכל ד</ManufacturerItemDescription><SoldByWeight/><Quantity>150.00</Quantity><UnitOfMeasure>מ"ל</UnitOfMeasure><QtyInPackage>לא ידוע</QtyInPackage><UnitOfMeasurePrice>0.0460</UnitOfMeasurePrice><AllowDiscount>1</AllowDiscount><ItemStatus>1</ItemStatus><ItemPrice>6.90</ItemPrice></item><item><PriceUpdateDate>2016-05-01 07:22:40</PriceUpdateDate><ItemCode>7290000410791</ItemCode><ItemType>1</ItemType><ItemName>גבינת לאבנה פיראוס ע</ItemName><ManufacturerName>פיראוס</ManufacturerName><ManufactureCountry>ישראל</ManufactureCountry><ManufacturerItemDescription>גבינת לאבנה פיראוס ע</ManufacturerItemDescription><SoldByWeight/><Quantity>263.00</Quantity><UnitOfMeasure>גרם     </UnitOfMeasure><QtyInPackage>לא ידוע</QtyInPackage><UnitOfMeasurePrice>0.0529</UnitOfMeasurePrice><AllowDiscount>1</AllowDiscount><ItemStatus>1</ItemStatus><ItemPrice>13.90</ItemPrice></item><item><PriceUpdateDate>2016-08-17 08:12:06</PriceUpdateDate><ItemCode>7290000410920</ItemCode><ItemType>1</ItemType><ItemName>מב יופלה YYY פירות י</ItemName><ManufacturerName>יופלה</ManufacturerName><ManufactureCountry>ישראל</ManufactureCountry><ManufacturerItemDescription>יופלה YYY פירות יער 500 3</ManufacturerItemDescription><SoldByWeight/><Quantity>500.00</Quantity><UnitOfMeasure>מ"ל</UnitOfMeasure><QtyInPackage>לא ידוע</QtyInPackage><UnitOfMeasurePrice>0.0218</UnitOfMeasurePrice><AllowDiscount>1</AllowDiscount><ItemStatus>1</ItemStatus><ItemPrice>10.90</ItemPrice></item><item><PriceUpdateDate>2016-08-02 06:30:46</PriceUpdateDate><ItemCode>7290000410951</ItemCode><ItemType>1</ItemType><ItemName>מב משקה מוקה 1 ליטר</ItemName><ManufacturerName>שוק</ManufacturerName><ManufactureCountry>ישראל</ManufactureCountry><ManufacturerItemDescription>מב משקה מוקה 1 ליטר</ManufacturerItemDescription><SoldByWeight/><Quantity>1.00</Quantity><UnitOfMeasure>ליטר    </UnitOfMeasure><QtyInPackage>לא ידוע</QtyInPackage><UnitOfMeasurePrice>9.0000</UnitOfMeasurePrice><AllowDiscount>1</AllowDiscount><ItemStatus>1</ItemStatus><ItemPrice>9.00</ItemPrice></item><item><PriceUpdateDate>2015-11-12 11:29:27</PriceUpdateDate><ItemCode>7290000411132</ItemCode><ItemType>1</ItemType><ItemName>לאבנה 5% 500 גר'</ItemName><ManufacturerName>פיראוס</ManufacturerName><ManufactureCountry>ישראל</ManufactureCountry><ManufacturerItemDescription>לאבנה 5% 500 גר'</ManufacturerItemDescription><SoldByWeight/><Quantity>500.00</Quantity><UnitOfMeasure>גרם     </UnitOfMeasure><QtyInPackage>לא ידוע</QtyInPackage><UnitOfMeasurePrice>0.0406</UnitOfMeasurePrice><AllowDiscount>1</AllowDiscount><ItemStatus>1</ItemStatus><ItemPrice>20.30</ItemPrice></item><item><PriceUpdateDate>2015-10-13 09:47:39</PriceUpdateDate><ItemCode>7290000411309</ItemCode><ItemType>1</ItemType><ItemName>מאגדת יופלה לבן מעוד</ItemName><ManufacturerName>יופלה</ManufacturerName><ManufactureCountry>ישראל</ManufactureCountry><ManufacturerItemDescription>מאגדת יופלה לבן מעוד</ManufacturerItemDescription><SoldByWeight/><Quantity>1200.00</Quantity><UnitOfMeasure>גרם     </UnitOfMeasure><QtyInPackage>לא ידוע</QtyInPackage><UnitOfMeasurePrice>0.0182</UnitOfMeasurePrice><AllowDiscount>1</AllowDiscount><ItemStatus>1</ItemStatus><ItemPrice>21.80</ItemPrice></item><item><PriceUpdateDate>2016-03-01 06:24:07</PriceUpdateDate><ItemCode>7290000411576</ItemCode><ItemType>1</ItemType><ItemName>מארז יופלה פרי בד"ץ</ItemName><ManufacturerName>יופלה</ManufacturerName><ManufactureCountry>ישראל</ManufactureCountry><ManufacturerItemDescription>מארז יופלה פרי בד"ץ</ManufacturerItemDescription><SoldByWeight/><Quantity>0.00</Quantity><UnitOfMeasure>יח'</UnitOfMeasure><QtyInPackage>לא ידוע</QtyInPackage><UnitOfMeasurePrice>0.0000</UnitOfMeasurePrice><AllowDiscount>1</AllowDiscount><ItemStatus>1</ItemStatus><ItemPrice>28.50</ItemPrice></item><item><PriceUpdateDate>2016-05-31 09:32:46</PriceUpdateDate><ItemCode>7290000411866</ItemCode><ItemType>1</ItemType><ItemName>אטריות מובחר דקות 40</ItemName><ManufacturerName>פסטה אסם</ManufacturerName><ManufactureCountry>ישראל</ManufactureCountry><ManufacturerItemDescription>אטריות מובחר דקות 400 גר</ManufacturerItemDescription><SoldByWeight/><Quantity>400.00</Quantity><UnitOfMeasure>גרם     </UnitOfMeasure><QtyInPackage>לא ידוע</QtyInPackage><UnitOfMeasurePrice>0.0148</UnitOfMeasurePrice><AllowDiscount>1</AllowDiscount><ItemStatus>1</ItemStatus><ItemPrice>5.90</ItemPrice></item><item><PriceUpdateDate>2016-05-31 09:32:47</PriceUpdateDate><ItemCode>7290000411880</ItemCode><ItemType>1</ItemType><ItemName>פתיתים אפויים 500 גר</ItemName><ManufacturerName>פסטה אסם</ManufacturerName><ManufactureCountry>ישראל</ManufactureCountry><ManufacturerItemDescription>פתיתים אפויים קוסקוס 500</ManufacturerItemDescription><SoldByWeight/><Quantity>500.00</Quantity><UnitOfMeasure>גרם     </UnitOfMeasure><QtyInPackage>לא ידוע</QtyInPackage><UnitOfMeasurePrice>0.0118</UnitOfMeasurePrice><AllowDiscount>1</AllowDiscount><ItemStatus>1</ItemStatus><ItemPrice>5.90</ItemPrice></item><item><PriceUpdateDate>2016-05-31 09:32:47</PriceUpdateDate><ItemCode>7290000411903</ItemCode><ItemType>1</ItemType><ItemName>פסטה תלתלים 500 גרם</ItemName><ManufacturerName>פסטה אסם</ManufacturerName><ManufactureCountry>ישראל</ManufactureCountry><ManufacturerItemDescription>פסטה תלתלים 500 גרם</ManufacturerItemDescription><SoldByWeight/><Quantity>500.00</Quantity><UnitOfMeasure>גרם     </UnitOfMeasure><QtyInPackage>לא ידוע</QtyInPackage><UnitOfMeasurePrice>0.0112</UnitOfMeasurePrice><AllowDiscount>1</AllowDiscount><ItemStatus>1</ItemStatus><ItemPrice>5.60</ItemPrice></item><item><PriceUpdateDate>2015-10-22 09:58:27</PriceUpdateDate><ItemCode>7290000411934</ItemCode><ItemType>1</ItemType><ItemName>ספגטי פרפקטו מס. 8 5</ItemName><ManufacturerName>פרפקטו</ManufacturerName><ManufactureCountry>איטליה</ManufactureCountry><ManufacturerItemDescription>תה ילו לייבל    25שק1.5*</ManufacturerItemDescription><SoldByWeight/><Quantity>500.00</Quantity><UnitOfMeasure>גרם     </UnitOfMeasure><QtyInPackage>לא ידוע</QtyInPackage><UnitOfMeasurePrice>0.0198</UnitOfMeasurePrice><AllowDiscount>1</AllowDiscount><ItemStatus>1</ItemStatus><ItemPrice>9.90</ItemPrice></item><item><PriceUpdateDate>2016-05-31 09:32:47</PriceUpdateDate><ItemCode>7290000411989</ItemCode><ItemType>1</ItemType><ItemName>פתיתים אפויים טבעות</ItemName><ManufacturerName>פסטה אסם</ManufacturerName><ManufactureCountry>ישראל</ManufactureCountry><ManufacturerItemDescription>פתיתים אפויים טבעות</ManufacturerItemDescription><SoldByWeight/><Quantity>500.00</Quantity><UnitOfMeasure>גרם     </UnitOfMeasure><QtyInPackage>לא ידוע</QtyInPackage><UnitOfMeasurePrice>0.0118</UnitOfMeasurePrice><AllowDiscount>1</AllowDiscount><ItemStatus>1</ItemStatus><ItemPrice>5.90</ItemPrice></item><item><PriceUpdateDate>2016-05-31 09:32:47</PriceUpdateDate><ItemCode>7290000412078</ItemCode><ItemType>1</ItemType><ItemName>פסטה מסולסלים 500 גר</ItemName><ManufacturerName>אסם</ManufacturerName><ManufactureCountry>איטליה</ManufactureCountry><ManufacturerItemDescription>פסטה אסם מסולסלים 500 גר</ManufacturerItemDescription><SoldByWeight/><Quantity>500.00</Quantity><UnitOfMeasure>גרם     </UnitOfMeasure><QtyInPackage>לא ידוע</QtyInPackage><UnitOfMeasurePrice>0.0112</UnitOfMeasurePrice><AllowDiscount>1</AllowDiscount><ItemStatus>1</ItemStatus><ItemPrice>5.60</ItemPrice></item><item><PriceUpdateDate>2016-05-31 09:32:47</PriceUpdateDate><ItemCode>7290000412085</ItemCode><ItemType>1</ItemType><ItemName>פסטה קרניים בינוני 5</ItemName><ManufacturerName>פסטה אסם</ManufacturerName><ManufactureCountry>איטליה</ManufactureCountry><ManufacturerItemDescription>פסטה אסם קרניים בינוניות5</ManufacturerItemDescription><SoldByWeight/><Quantity>500.00</Quantity><UnitOfMeasure>גרם     </UnitOfMeasure><QtyInPackage>לא ידוע</QtyInPackage><UnitOfMeasurePrice>0.0112</UnitOfMeasurePrice><AllowDiscount>1</AllowDiscount><ItemStatus>1</ItemStatus><ItemPrice>5.60</ItemPrice></item><item><PriceUpdateDate>2016-05-31 09:32:47</PriceUpdateDate><ItemCode>7290000412092</ItemCode><ItemType>1</ItemType><ItemName>פסטה צדפים גדולים 50</ItemName><ManufacturerName>אסם</ManufacturerName><ManufactureCountry>ישראל</ManufactureCountry><ManufacturerItemDescription>פסטה צדפים גדולים 50</ManufacturerItemDescription><SoldByWeight/><Quantity>500.00</Quantity><UnitOfMeasure>גרם     </UnitOfMeasure><QtyInPackage>לא ידוע</QtyInPackage><UnitOfMeasurePrice>0.0112</UnitOfMeasurePrice><AllowDiscount>1</AllowDiscount><ItemStatus>1</ItemStatus><ItemPrice>5.60</ItemPrice></item><item><PriceUpdateDate>2016-05-31 09:32:47</PriceUpdateDate><ItemCode>7290000412108</ItemCode><ItemType>1</ItemType><ItemName>פסטה צדפות קטנות 500</ItemName><ManufacturerName>פסטה אסם</ManufacturerName><ManufactureCountry>ישראל</ManufactureCountry><ManufacturerItemDescription>פסטה צדפות קטנות 500</ManufacturerItemDescription><SoldByWeight/><Quantity>500.00</Quantity><UnitOfMeasure>גרם     </UnitOfMeasure><QtyInPackage>לא ידוע</QtyInPackage><UnitOfMeasurePrice>0.0112</UnitOfMeasurePrice><AllowDiscount>1</AllowDiscount><ItemStatus>1</ItemStatus><ItemPrice>5.60</ItemPrice></item><item><PriceUpdateDate>2016-05-31 09:32:47</PriceUpdateDate><ItemCode>7290000412115</ItemCode><ItemType>1</ItemType><ItemName>פסטה מס.8 500 גרם</ItemName><ManufacturerName>פסטה אסם</ManufacturerName><ManufactureCountry>איטליה</ManufactureCountry><ManufacturerItemDescription>פסטה אסם ספגטי 500  גר</ManufacturerItemDescription><SoldByWeight/><Quantity>500.00</Quantity><UnitOfMeasure>גרם     </UnitOfMeasure><QtyInPackage>לא ידוע</QtyInPackage><UnitOfMeasurePrice>0.0112</UnitOfMeasurePrice><AllowDiscount>1</AllowDiscount><ItemStatus>1</ItemStatus><ItemPrice>5.60</ItemPrice></item><item><PriceUpdateDate>2016-05-31 09:32:47</PriceUpdateDate><ItemCode>7290000412153</ItemCode><ItemType>1</ItemType><ItemName>אטריות מובחר רחבות 4</ItemName><ManufacturerName>פסטה אסם</ManufacturerName><ManufactureCountry>ישראל</ManufactureCountry><ManufacturerItemDescription>אטריות מובחר רחבות 400 גר</ManufacturerItemDescription><SoldByWeight/><Quantity>400.00</Quantity><UnitOfMeasure>גרם     </UnitOfMeasure><QtyInPackage>לא ידוע</QtyInPackage><UnitOfMeasurePrice>0.0148</UnitOfMeasurePrice><AllowDiscount>1</AllowDiscount><ItemStatus>1</ItemStatus><ItemPrice>5.90</ItemPrice></item><item><PriceUpdateDate>2016-05-31 09:32:47</PriceUpdateDate><ItemCode>7290000412160</ItemCode><ItemType>1</ItemType><ItemName>אטריות מובחר דקיקות</ItemName><ManufacturerName>אסם</ManufacturerName><ManufactureCountry>איטליה</ManufactureCountry><ManufacturerItemDescription>צמרוני אוזניים  עם שסתום</ManufacturerItemDescription><SoldByWeight/><Quantity>400.00</Quantity><UnitOfMeasure>גרם     </UnitOfMeasure><QtyInPackage>לא ידוע</QtyInPackage><UnitOfMeasurePrice>0.0148</UnitOfMeasurePrice><AllowDiscount>1</AllowDiscount><ItemStatus>1</ItemStatus><ItemPrice>5.90</ItemPrice></item><item><PriceUpdateDate>2016-08-02 06:30:46</PriceUpdateDate><ItemCode>7290000412177</ItemCode><ItemType>1</ItemType><ItemName>קרקר בצל 250 גרם</ItemName><ManufacturerName>לא ממותג</ManufacturerName><ManufactureCountry>ישראל</ManufactureCountry><ManufacturerItemDescription>קרקר בצל 250 גר</ManufacturerItemDescription><SoldByWeight/><Quantity>250.00</Quantity><UnitOfMeasure>גרם     </UnitOfMeasure><QtyInPackage>לא ידוע</QtyInPackage><UnitOfMeasurePrice>0.0460</UnitOfMeasurePrice><AllowDiscount>1</AllowDiscount><ItemStatus>1</ItemStatus><ItemPrice>11.50</ItemPrice></item><item><PriceUpdateDate>2016-05-31 09:32:47</PriceUpdateDate><ItemCode>7290000412214</ItemCode><ItemType>1</ItemType><ItemName>פתיתים קוסקוס עם בצל</ItemName><ManufacturerName>פסטה אסם</ManufacturerName><ManufactureCountry>ישראל</ManufactureCountry><ManufacturerItemDescription>פתיתים קוסקוס עם בצל</ManufacturerItemDescription><SoldByWeight/><Quantity>500.00</Quantity><UnitOfMeasure>גרם     </UnitOfMeasure><QtyInPackage>לא ידוע</QtyInPackage><UnitOfMeasurePrice>0.0118</UnitOfMeasurePrice><AllowDiscount>1</AllowDiscount><ItemStatus>1</ItemStatus><ItemPrice>5.90</ItemPrice></item><item><PriceUpdateDate>2016-05-31 09:32:47</PriceUpdateDate><ItemCode>7290000412245</ItemCode><ItemType>1</ItemType><ItemName>פתיתים קוסקוס 3 צבעי</ItemName><ManufacturerName>אסם</ManufacturerName><ManufactureCountry>ישראל</ManufactureCountry><ManufacturerItemDescription>פתיתים קוסקוס 3 צבעי</ManufacturerItemDescription><SoldByWeight/><Quantity>500.00</Quantity><UnitOfMeasure>גרם     </UnitOfMeasure><QtyInPackage>לא ידוע</QtyInPackage><UnitOfMeasurePrice>0.0118</UnitOfMeasurePrice><AllowDiscount>1</AllowDiscount><ItemStatus>1</ItemStatus><ItemPrice>5.90</ItemPrice></item><item><PriceUpdateDate>2016-08-02 06:30:46</PriceUpdateDate><ItemCode>7290000412252</ItemCode><ItemType>1</ItemType><ItemName>נס קפה רד מאג 200 גר</ItemName><ManufacturerName>רד מאג</ManufacturerName><ManufactureCountry>ספרד</ManufactureCountry><ManufacturerItemDescription>מברשת בקבוק+פט  טמה</ManufacturerItemDescription><SoldByWeight/><Quantity>200.00</Quantity><UnitOfMeasure>גרם     </UnitOfMeasure><QtyInPackage>לא ידוע</QtyInPackage><UnitOfMeasurePrice>0.1495</UnitOfMeasurePrice><AllowDiscount>1</AllowDiscount><ItemStatus>1</ItemStatus><ItemPrice>29.90</ItemPrice></item><item><PriceUpdateDate>2015-11-17 07:37:07</PriceUpdateDate><ItemCode>7290000412320</ItemCode><ItemType>1</ItemType><ItemName>מיני קרוטונים למרק ו</ItemName><ManufacturerName>אסם</ManufacturerName><ManufactureCountry>ישראל</ManufactureCountry><ManufacturerItemDescription>מיני קרוטונים למרק ו</ManufacturerItemDescription><SoldByWeight/><Quantity>250.00</Quantity><UnitOfMeasure>גרם     </UnitOfMeasure><QtyInPackage>לא ידוע</QtyInPackage><UnitOfMeasurePrice>0.0696</UnitOfMeasurePrice><AllowDiscount>1</AllowDiscount><ItemStatus>1</ItemStatus><ItemPrice>17.40</ItemPrice></item><item><PriceUpdateDate>2015-10-22 09:58:27</PriceUpdateDate><ItemCode>7290000412344</ItemCode><ItemType>1</ItemType><ItemName>קמח תופח 350 גרם</ItemName><ManufacturerName>אסם</ManufacturerName><ManufactureCountry>ישראל</ManufactureCountry><ManufacturerItemDescription>קמח תופח 350 גר</ManufacturerItemDescription><SoldByWeight/><Quantity>350.00</Quantity><UnitOfMeasure>גרם     </UnitOfMeasure><QtyInPackage>לא ידוע</QtyInPackage><UnitOfMeasurePrice>0.0169</UnitOfMeasurePrice><AllowDiscount>1</AllowDiscount><ItemStatus>1</ItemStatus><ItemPrice>5.90</ItemPrice></item><item><PriceUpdateDate>2016-03-16 13:26:01</PriceUpdateDate><ItemCode>7290000412368</ItemCode><ItemType>1</ItemType><ItemName>שקדי מרק רכיבים טבעי</ItemName><ManufacturerName>אסם</ManufacturerName><ManufactureCountry>ישראל</ManufactureCountry><ManufacturerItemDescription>שקדי מרק 400 גרם</ManufacturerItemDescription><SoldByWeight/><Quantity>400.00</Quantity><UnitOfMeasure>גרם     </UnitOfMeasure><QtyInPackage>לא ידוע</QtyInPackage><UnitOfMeasurePrice>0.0273</UnitOfMeasurePrice><AllowDiscount>1</AllowDiscount><ItemStatus>1</ItemStatus><ItemPrice>10.90</ItemPrice></item><item><PriceUpdateDate>2016-03-16 13:26:01</PriceUpdateDate><ItemCode>7290000412375</ItemCode><ItemType>1</ItemType><ItemName>קמח תופח 1 ק"ג</ItemName><ManufacturerName>אסם</ManufacturerName><ManufactureCountry>ישראל</ManufactureCountry><ManufacturerItemDescription>קמח תופח מאליו 1 קג</ManufacturerItemDescription><SoldByWeight/><Quantity>1000.00</Quantity><UnitOfMeasure>גרם     </UnitOfMeasure><QtyInPackage>לא ידוע</QtyInPackage><UnitOfMeasurePrice>0.0089</UnitOfMeasurePrice><AllowDiscount>1</AllowDiscount><ItemStatus>1</ItemStatus><ItemPrice>8.90</ItemPrice></item><item><PriceUpdateDate>2016-06-27 19:05:42</PriceUpdateDate><ItemCode>7290000412481</ItemCode><ItemType>1</ItemType><ItemName>סנו 00 מנקה אסלות 1</ItemName><ManufacturerName>סנו 00</ManufacturerName><ManufactureCountry>ישראל</ManufactureCountry><ManufacturerItemDescription>מנקה אסלות 1 00 ל .פז</ManufacturerItemDescription><SoldByWeight/><Quantity>1000.00</Quantity><UnitOfMeasure>מ"ל</UnitOfMeasure><QtyInPackage>לא ידוע</QtyInPackage><UnitOfMeasurePrice>0.0099</UnitOfMeasurePrice><AllowDiscount>1</AllowDiscount><ItemStatus>1</ItemStatus><ItemPrice>9.90</ItemPrice></item><item><PriceUpdateDate>2016-03-16 13:25:32</PriceUpdateDate><ItemCode>7290000412559</ItemCode><ItemType>1</ItemType><ItemName>קוסקוס אמיתי שקית 35</ItemName><ManufacturerName>אסם</ManufacturerName><ManufactureCountry>ישראל</ManufactureCountry><ManufacturerItemDescription>קוסקוס אמיתי שקית 35</ManufacturerItemDescription><SoldByWeight/><Quantity>350.00</Quantity><UnitOfMeasure>גרם     </UnitOfMeasure><QtyInPackage>לא ידוע</QtyInPackage><UnitOfMeasurePrice>0.0226</UnitOfMeasurePrice><AllowDiscount>1</AllowDiscount><ItemStatus>1</ItemStatus><ItemPrice>7.90</ItemPrice></item><item><PriceUpdateDate>2016-05-31 09:32:47</PriceUpdateDate><ItemCode>7290000412641</ItemCode><ItemType>1</ItemType><ItemName>תרכיז ויטמינצ''יק פט</ItemName><ManufacturerName>ויטמינצק</ManufacturerName><ManufactureCountry>ישראל</ManufactureCountry><ManufacturerItemDescription>תרכיז ויטמינצ''יק פט</ManufacturerItemDescription><SoldByWeight/><Quantity>1000.00</Quantity><UnitOfMeasure>מ"ל</UnitOfMeasure><QtyInPackage>לא ידוע</QtyInPackage><UnitOfMeasurePrice>0.0119</UnitOfMeasurePrice><AllowDiscount>1</AllowDiscount><ItemStatus>1</ItemStatus><ItemPrice>11.90</ItemPrice></item><item><PriceUpdateDate>2016-05-31 09:32:47</PriceUpdateDate><ItemCode>7290000412658</ItemCode><ItemType>1</ItemType><ItemName>תרכיז ויטמינציק לימו</ItemName><ManufacturerName>ויטמינצק</ManufacturerName><ManufactureCountry>ישראל</ManufactureCountry><ManufacturerItemDescription>תרכיז ויטמינציק לימו</ManufacturerItemDescription><SoldByWeight/><Quantity>1000.00</Quantity><UnitOfMeasure>מ"ל</UnitOfMeasure><QtyInPackage>לא ידוע</QtyInPackage><UnitOfMeasurePrice>0.0119</UnitOfMeasurePrice><AllowDiscount>1</AllowDiscount><ItemStatus>1</ItemStatus><ItemPrice>11.90</ItemPrice></item><item><PriceUpdateDate>2016-05-31 09:32:48</PriceUpdateDate><ItemCode>7290000412665</ItemCode><ItemType>1</ItemType><ItemName>תרכיז ויטמינציק אננס</ItemName><ManufacturerName>ויטמינצק</ManufacturerName><ManufactureCountry>ישראל</ManufactureCountry><ManufacturerItemDescription>תרכיז ויטמינציק אננס</ManufacturerItemDescription><SoldByWeight/><Quantity>1000.00</Quantity><UnitOfMeasure>מ"ל</UnitOfMeasure><QtyInPackage>לא ידוע</QtyInPackage><UnitOfMeasurePrice>0.0119</UnitOfMeasurePrice><AllowDiscount>1</AllowDiscount><ItemStatus>1</ItemStatus><ItemPrice>11.90</ItemPrice></item><item><PriceUpdateDate>2016-05-31 09:32:48</PriceUpdateDate><ItemCode>7290000412795</ItemCode><ItemType>1</ItemType><ItemName>חטיף דובונים 40 גרם</ItemName><ManufacturerName>דובונים</ManufacturerName><ManufactureCountry>ישראל</ManufactureCountry><ManufacturerItemDescription>דובונים40 גר</ManufacturerItemDescription><SoldByWeight/><Quantity>40.00</Quantity><UnitOfMeasure>גרם     </UnitOfMeasure><QtyInPackage>לא ידוע</QtyInPackage><UnitOfMeasurePrice>0.1000</UnitOfMeasurePrice><AllowDiscount>1</AllowDiscount><ItemStatus>1</ItemStatus><ItemPrice>4.00</ItemPrice></item><item><PriceUpdateDate>2015-10-20 14:57:30</PriceUpdateDate><ItemCode>7290000412801</ItemCode><ItemType>1</ItemType><ItemName>במבה מתוקה תות 30 גר</ItemName><ManufacturerName>במבה</ManufacturerName><ManufactureCountry>ישראל</ManufactureCountry><ManufacturerItemDescription>במבה מתוקה תות 30 גר</ManufacturerItemDescription><SoldByWeight/><Quantity>30.00</Quantity><UnitOfMeasure>גרם     </UnitOfMeasure><QtyInPackage>לא ידוע</QtyInPackage><UnitOfMeasurePrice>0.1167</UnitOfMeasurePrice><AllowDiscount>1</AllowDiscount><ItemStatus>1</ItemStatus><ItemPrice>3.50</ItemPrice></item><item><PriceUpdateDate>2016-05-31 09:32:48</PriceUpdateDate><ItemCode>7290000412825</ItemCode><ItemType>1</ItemType><ItemName>במבה 80 גרם</ItemName><ManufacturerName>במבה</ManufacturerName><ManufactureCountry>ישראל</ManufactureCountry><ManufacturerItemDescription>במבה 80 גרם</ManufacturerItemDescription><SoldByWeight/><Quantity>80.00</Quantity><UnitOfMeasure>גרם     </UnitOfMeasure><QtyInPackage>לא ידוע</QtyInPackage><UnitOfMeasurePrice>0.0563</UnitOfMeasurePrice><AllowDiscount>1</AllowDiscount><ItemStatus>1</ItemStatus><ItemPrice>4.50</ItemPrice></item><item><PriceUpdateDate>2016-05-31 09:32:48</PriceUpdateDate><ItemCode>7290000412832</ItemCode><ItemType>1</ItemType><ItemName>חטיף אפרופו 50 גרם</ItemName><ManufacturerName>אפרופו</ManufacturerName><ManufactureCountry>ישראל</ManufactureCountry><ManufacturerItemDescription>אפרופו50 גר.שקית</ManufacturerItemDescription><SoldByWeight/><Quantity>14.00</Quantity><UnitOfMeasure>גרם     </UnitOfMeasure><QtyInPackage>לא ידוע</QtyInPackage><UnitOfMeasurePrice>0.3071</UnitOfMeasurePrice><AllowDiscount>1</AllowDiscount><ItemStatus>1</ItemStatus><ItemPrice>4.30</ItemPrice></item><item><PriceUpdateDate>2016-05-31 09:32:48</PriceUpdateDate><ItemCode>7290000412887</ItemCode><ItemType>1</ItemType><ItemName>תרכיז ויטמינציק ענבי</ItemName><ManufacturerName>ויטמינצק</ManufacturerName><ManufactureCountry>ישראל</ManufactureCountry><ManufacturerItemDescription>תרכיז ויטמינציק ענבי</ManufacturerItemDescription><SoldByWeight/><Quantity>1000.00</Quantity><UnitOfMeasure>מ"ל</UnitOfMeasure><QtyInPackage>לא ידוע</QtyInPackage><UnitOfMeasurePrice>0.0119</UnitOfMeasurePrice><AllowDiscount>1</AllowDiscount><ItemStatus>1</ItemStatus><ItemPrice>11.90</ItemPrice></item><item><PriceUpdateDate>2016-05-31 09:32:48</PriceUpdateDate><ItemCode>7290000412894</ItemCode><ItemType>1</ItemType><ItemName>תרכיז ויטמינציק תפו"</ItemName><ManufacturerName>ויטמינצק</ManufacturerName><ManufactureCountry>ישראל</ManufactureCountry><ManufacturerItemDescription>תרכיז ויטמינציק תפו"</ManufacturerItemDescription><SoldByWeight/><Quantity>1000.00</Quantity><UnitOfMeasure>מ"ל</UnitOfMeasure><QtyInPackage>לא ידוע</QtyInPackage><UnitOfMeasurePrice>0.0119</UnitOfMeasurePrice><AllowDiscount>1</AllowDiscount><ItemStatus>1</ItemStatus><ItemPrice>11.90</ItemPrice></item><item><PriceUpdateDate>2016-03-16 13:26:01</PriceUpdateDate><ItemCode>7290000412979</ItemCode><ItemType>1</ItemType><ItemName>מנה חמה ספגטי בולונז</ItemName><ManufacturerName>אסם</ManufacturerName><ManufactureCountry>ישראל</ManufactureCountry><ManufacturerItemDescription>מנה חמה ספגטי בולונז 65 ג</ManufacturerItemDescription><SoldByWeight/><Quantity>65.00</Quantity><UnitOfMeasure>גרם     </UnitOfMeasure><QtyInPackage>לא ידוע</QtyInPackage><UnitOfMeasurePrice>0.1062</UnitOfMeasurePrice><AllowDiscount>1</AllowDiscount><ItemStatus>1</ItemStatus><ItemPrice>6.90</ItemPrice></item><item><PriceUpdateDate>2015-11-17 07:37:08</PriceUpdateDate><ItemCode>7290000412993</ItemCode><ItemType>1</ItemType><ItemName>ניוקי בצקיות מקמח תפ</ItemName><ManufacturerName>אסם</ManufacturerName><ManufactureCountry>ישראל</ManufactureCountry><ManufacturerItemDescription>ניוקי בצקיות מקמח תפ</ManufacturerItemDescription><SoldByWeight/><Quantity>500.00</Quantity><UnitOfMeasure>גרם     </UnitOfMeasure><QtyInPackage>לא ידוע</QtyInPackage><UnitOfMeasurePrice>0.0300</UnitOfMeasurePrice><AllowDiscount>1</AllowDiscount><ItemStatus>1</ItemStatus><ItemPrice>15.00</ItemPrice></item><item><PriceUpdateDate>2016-03-16 13:26:01</PriceUpdateDate><ItemCode>7290000413020</ItemCode><ItemType>1</ItemType><ItemName>פודינג בטעם וניל 80</ItemName><ManufacturerName>אסם</ManufacturerName><ManufactureCountry>ישראל</ManufactureCountry><ManufacturerItemDescription>פודינג וניל 80 גרם</ManufacturerItemDescription><SoldByWeight/><Quantity>80.00</Quantity><UnitOfMeasure>גרם     </UnitOfMeasure><QtyInPackage>לא ידוע</QtyInPackage><UnitOfMeasurePrice>0.0688</UnitOfMeasurePrice><AllowDiscount>1</AllowDiscount><ItemStatus>1</ItemStatus><ItemPrice>5.50</ItemPrice></item><item><PriceUpdateDate>2016-03-16 13:26:01</PriceUpdateDate><ItemCode>7290000413037</ItemCode><ItemType>1</ItemType><ItemName>פודינג בטעם שוקולד 9</ItemName><ManufacturerName>אסם</ManufacturerName><ManufactureCountry>ישראל</ManufactureCountry><ManufacturerItemDescription>פודינג בטעם שוקולד 95 גרם</ManufacturerItemDescription><SoldByWeight/><Quantity>95.00</Quantity><UnitOfMeasure>גרם     </UnitOfMeasure><QtyInPackage>לא ידוע</QtyInPackage><UnitOfMeasurePrice>0.0579</UnitOfMeasurePrice><AllowDiscount>1</AllowDiscount><ItemStatus>1</ItemStatus><ItemPrice>5.50</ItemPrice></item><item><PriceUpdateDate>2015-10-22 09:58:27</PriceUpdateDate><ItemCode>7290000413051</ItemCode><ItemType>1</ItemType><ItemName>אבקת ג''לי תות שדה</ItemName><ManufacturerName>אסם</ManufacturerName><ManufactureCountry>ישראל</ManufactureCountry><ManufacturerItemDescription>גלי בזק טעם תות שדה 90 גר</ManufacturerItemDescription><SoldByWeight/><Quantity>14.00</Quantity><UnitOfMeasure>גרם     </UnitOfMeasure><QtyInPackage>לא ידוע</QtyInPackage><UnitOfMeasurePrice>0.5571</UnitOfMeasurePrice><AllowDiscount>1</AllowDiscount><ItemStatus>1</ItemStatus><ItemPrice>7.80</ItemPrice></item><item><PriceUpdateDate>2015-10-22 09:58:28</PriceUpdateDate><ItemCode>7290000413075</ItemCode><ItemType>1</ItemType><ItemName>אבקת ג''לי 85 גרם</ItemName><ManufacturerName>אסם</ManufacturerName><ManufactureCountry>ישראל</ManufactureCountry><ManufacturerItemDescription>גלי בזק טעם פטל 85 גרם</ManufacturerItemDescription><SoldByWeight/><Quantity>14.00</Quantity><UnitOfMeasure>גרם     </UnitOfMeasure><QtyInPackage>לא ידוע</QtyInPackage><UnitOfMeasurePrice>0.5571</UnitOfMeasurePrice><AllowDiscount>1</AllowDiscount><ItemStatus>1</ItemStatus><ItemPrice>7.80</ItemPrice></item><item><PriceUpdateDate>2015-10-13 09:44:27</PriceUpdateDate><ItemCode>7290000413150</ItemCode><ItemType>1</ItemType><ItemName>במבה יום הולדת 25 גר</ItemName><ManufacturerName>במבה</ManufacturerName><ManufactureCountry>ישראל</ManufactureCountry><ManufacturerItemDescription>במבה יום הולדת 25 גר</ManufacturerItemDescription><SoldByWeight/><Quantity>25.00</Quantity><UnitOfMeasure>גרם     </UnitOfMeasure><QtyInPackage>לא ידוע</QtyInPackage><UnitOfMeasurePrice>0.1280</UnitOfMeasurePrice><AllowDiscount>1</AllowDiscount><ItemStatus>1</ItemStatus><ItemPrice>3.20</ItemPrice></item><item><PriceUpdateDate>2015-10-22 09:58:28</PriceUpdateDate><ItemCode>7290000413204</ItemCode><ItemType>1</ItemType><ItemName>פסטה פרפקטו פנה 500</ItemName><ManufacturerName>פרפקטו</ManufacturerName><ManufactureCountry>איטליה</ManufactureCountry><ManufacturerItemDescription>פסטה פנה ריגאטה פרפקטו500</ManufacturerItemDescription><SoldByWeight/><Quantity>500.00</Quantity><UnitOfMeasure>גרם     </UnitOfMeasure><QtyInPackage>לא ידוע</QtyInPackage><UnitOfMeasurePrice>0.0182</UnitOfMeasurePrice><AllowDiscount>1</AllowDiscount><ItemStatus>1</ItemStatus><ItemPrice>9.10</ItemPrice></item><item><PriceUpdateDate>2016-08-02 06:30:46</PriceUpdateDate><ItemCode>7290000413372</ItemCode><ItemType>1</ItemType><ItemName>אבקת מרק פיטריות במי</ItemName><ManufacturerName>אסם</ManufacturerName><ManufactureCountry>ישראל</ManufactureCountry><ManufacturerItemDescription>מרק פטריות 400 גרם</ManufacturerItemDescription><SoldByWeight/><Quantity>400.00</Quantity><UnitOfMeasure>גרם     </UnitOfMeasure><QtyInPackage>לא ידוע</QtyInPackage><UnitOfMeasurePrice>0.0747</UnitOfMeasurePrice><AllowDiscount>1</AllowDiscount><ItemStatus>1</ItemStatus><ItemPrice>29.90</ItemPrice></item><item><PriceUpdateDate>2016-08-02 06:30:46</PriceUpdateDate><ItemCode>7290000413457</ItemCode><ItemType>1</ItemType><ItemName>רוטב לסלט אלף איים</ItemName><ManufacturerName>אסם</ManufacturerName><ManufactureCountry>ישראל</ManufactureCountry><ManufacturerItemDescription>רוטב אלף האיים 290 מל</ManufacturerItemDescription><SoldByWeight/><Quantity>290.00</Quantity><UnitOfMeasure>מ"ל</UnitOfMeasure><QtyInPackage>לא ידוע</QtyInPackage><UnitOfMeasurePrice>0.0445</UnitOfMeasurePrice><AllowDiscount>1</AllowDiscount><ItemStatus>1</ItemStatus><ItemPrice>12.90</ItemPrice></item><item><PriceUpdateDate>2016-05-31 09:32:48</PriceUpdateDate><ItemCode>7290000413464</ItemCode><ItemType>1</ItemType><ItemName>רוטב סויה סגנון סיני</ItemName><ManufacturerName>אסם</ManufacturerName><ManufactureCountry>ישראל</ManufactureCountry><ManufacturerItemDescription>רוטב סויה סגנון סיני 290</ManufacturerItemDescription><SoldByWeight/><Quantity>290.00</Quantity><UnitOfMeasure>מ"ל</UnitOfMeasure><QtyInPackage>לא ידוע</QtyInPackage><UnitOfMeasurePrice>0.0362</UnitOfMeasurePrice><AllowDiscount>1</AllowDiscount><ItemStatus>1</ItemStatus><ItemPrice>10.50</ItemPrice></item><item><PriceUpdateDate>2016-05-31 09:32:48</PriceUpdateDate><ItemCode>7290000413532</ItemCode><ItemType>1</ItemType><ItemName>קטשופ אסם רכיבים טבע</ItemName><ManufacturerName>אסם</ManufacturerName><ManufactureCountry>ישראל</ManufactureCountry><ManufacturerItemDescription>קטשופ לחיץ רגיל 750 גרם</ManufacturerItemDescription><SoldByWeight/><Quantity>750.00</Quantity><UnitOfMeasure>גרם     </UnitOfMeasure><QtyInPackage>לא ידוע</QtyInPackage><UnitOfMeasurePrice>0.0153</UnitOfMeasurePrice><AllowDiscount>0</AllowDiscount><ItemStatus>1</ItemStatus><ItemPrice>11.50</ItemPrice></item><item><PriceUpdateDate>2016-05-31 09:30:20</PriceUpdateDate><ItemCode>7290000413570</ItemCode><ItemType>1</ItemType><ItemName>קפה נמס טסטר'ס צ'ויס</ItemName><ManufacturerName>טסטרס צויס</ManufacturerName><ManufactureCountry>ישראל</ManufactureCountry><ManufacturerItemDescription>קפה טסטרס צויס  'ויס200ג</ManufacturerItemDescription><SoldByWeight/><Quantity>200.00</Quantity><UnitOfMeasure>גרם     </UnitOfMeasure><QtyInPackage>לא ידוע</QtyInPackage><UnitOfMeasurePrice>0.1645</UnitOfMeasurePrice><AllowDiscount>1</AllowDiscount><ItemStatus>1</ItemStatus><ItemPrice>32.90</ItemPrice></item><item><PriceUpdateDate>2016-05-31 09:32:49</PriceUpdateDate><ItemCode>7290000413594</ItemCode><ItemType>1</ItemType><ItemName>טסטר'ס צ'ויס נטול קפ</ItemName><ManufacturerName>ג'יקובס</ManufacturerName><ManufactureCountry>ישראל</ManufactureCountry><ManufacturerItemDescription>קפה טסטרס צויס  ופאין200</ManufacturerItemDescription><SoldByWeight/><Quantity>200.00</Quantity><UnitOfMeasure>גרם     </UnitOfMeasure><QtyInPackage>לא ידוע</QtyInPackage><UnitOfMeasurePrice>0.1985</UnitOfMeasurePrice><AllowDiscount>1</AllowDiscount><ItemStatus>1</ItemStatus><ItemPrice>39.70</ItemPrice></item><item><PriceUpdateDate>2016-08-02 06:30:46</PriceUpdateDate><ItemCode>7290000413655</ItemCode><ItemType>1</ItemType><ItemName>מב דגני בוקר סיני מי</ItemName><ManufacturerName>סיני מיני</ManufacturerName><ManufactureCountry>פולין</ManufactureCountry><ManufacturerItemDescription>הוטפופ מלח      ח100*5ג</ManufacturerItemDescription><SoldByWeight/><Quantity>500.00</Quantity><UnitOfMeasure>גרם     </UnitOfMeasure><QtyInPackage>לא ידוע</QtyInPackage><UnitOfMeasurePrice>0.0378</UnitOfMeasurePrice><AllowDiscount>1</AllowDiscount><ItemStatus>1</ItemStatus><ItemPrice>18.90</ItemPrice></item><item><PriceUpdateDate>2016-05-31 09:32:49</PriceUpdateDate><ItemCode>7290000413693</ItemCode><ItemType>1</ItemType><ItemName>מנה חמה נודלס איטריו</ItemName><ManufacturerName>אסם</ManufacturerName><ManufactureCountry>ישראל</ManufactureCountry><ManufacturerItemDescription>מנה חמה נודלס   עוף70גרם</ManufacturerItemDescription><SoldByWeight/><Quantity>70.00</Quantity><UnitOfMeasure>גרם     </UnitOfMeasure><QtyInPackage>לא ידוע</QtyInPackage><UnitOfMeasurePrice>0.0843</UnitOfMeasurePrice><AllowDiscount>1</AllowDiscount><ItemStatus>1</ItemStatus><ItemPrice>5.90</ItemPrice></item><item><PriceUpdateDate>2016-05-31 09:32:49</PriceUpdateDate><ItemCode>7290000413709</ItemCode><ItemType>1</ItemType><ItemName>מנה חמה נודלס טעם בק</ItemName><ManufacturerName>אסם</ManufacturerName><ManufactureCountry>ישראל</ManufactureCountry><ManufacturerItemDescription>מנה חמה נודלס טעם בק</ManufacturerItemDescription><SoldByWeight/><Quantity>70.00</Quantity><UnitOfMeasure>גרם     </UnitOfMeasure><QtyInPackage>לא ידוע</QtyInPackage><UnitOfMeasurePrice>0.0843</UnitOfMeasurePrice><AllowDiscount>1</AllowDiscount><ItemStatus>1</ItemStatus><ItemPrice>5.90</ItemPrice></item><item><PriceUpdateDate>2016-05-31 09:32:49</PriceUpdateDate><ItemCode>7290000413716</ItemCode><ItemType>1</ItemType><ItemName>מנה חמה נודלס טעם צי</ItemName><ManufacturerName>אסם</ManufacturerName><ManufactureCountry>ישראל</ManufactureCountry><ManufacturerItemDescription>מנה חמה נודלס טעם צי</ManufacturerItemDescription><SoldByWeight/><Quantity>70.00</Quantity><UnitOfMeasure>גרם     </UnitOfMeasure><QtyInPackage>לא ידוע</QtyInPackage><UnitOfMeasurePrice>0.0843</UnitOfMeasurePrice><AllowDiscount>1</AllowDiscount><ItemStatus>1</ItemStatus><ItemPrice>5.90</ItemPrice></item><item><PriceUpdateDate>2016-03-29 06:06:05</PriceUpdateDate><ItemCode>7290000413723</ItemCode><ItemType>1</ItemType><ItemName>מארז צ'יפסי 4*50 גרם</ItemName><ManufacturerName>ציפסי</ManufacturerName><ManufactureCountry>ישראל</ManufactureCountry><ManufacturerItemDescription>מארז צ'יפסי 4*50 גרם</ManufacturerItemDescription><SoldByWeight/><Quantity>200.00</Quantity><UnitOfMeasure>גרם     </UnitOfMeasure><QtyInPackage>לא ידוע</QtyInPackage><UnitOfMeasurePrice>0.0645</UnitOfMeasurePrice><AllowDiscount>1</AllowDiscount><ItemStatus>1</ItemStatus><ItemPrice>12.90</ItemPrice></item><item><PriceUpdateDate>2016-08-02 06:30:46</PriceUpdateDate><ItemCode>7290000413747</ItemCode><ItemType>1</ItemType><ItemName>פתי בר שוקו 500 גרם</ItemName><ManufacturerName>פתי בר אסם</ManufacturerName><ManufactureCountry>ישראל</ManufactureCountry><ManufacturerItemDescription>ביסקויט פתיבר שוקו 500 גר</ManufacturerItemDescription><SoldByWeight/><Quantity>500.00</Quantity><UnitOfMeasure>גרם     </UnitOfMeasure><QtyInPackage>לא ידוע</QtyInPackage><UnitOfMeasurePrice>0.0258</UnitOfMeasurePrice><AllowDiscount>1</AllowDiscount><ItemStatus>1</ItemStatus><ItemPrice>12.90</ItemPrice></item><item><PriceUpdateDate>2016-08-10 11:21:58</PriceUpdateDate><ItemCode>7290000413754</ItemCode><ItemType>1</ItemType><ItemName>פתי בר בינוני 250 גר</ItemName><ManufacturerName>לא ידוע</ManufacturerName><ManufactureCountry>ישראל</ManufactureCountry><ManufacturerItemDescription>פתיבר 250 גר</ManufacturerItemDescription><SoldByWeight/><Quantity>250.00</Quantity><UnitOfMeasure>גרם     </UnitOfMeasure><QtyInPackage>לא ידוע</QtyInPackage><UnitOfMeasurePrice>0.0336</UnitOfMeasurePrice><AllowDiscount>1</AllowDiscount><ItemStatus>1</ItemStatus><ItemPrice>8.40</ItemPrice></item><item><PriceUpdateDate>2016-03-16 13:25:32</PriceUpdateDate><ItemCode>7290000413761</ItemCode><ItemType>1</ItemType><ItemName>פתי בר וניל 500 גרם</ItemName><ManufacturerName>אסם</ManufacturerName><ManufactureCountry>ישראל</ManufactureCountry><ManufacturerItemDescription>ביסקויט פתיבר 500 גר</ManufacturerItemDescription><SoldByWeight/><Quantity>500.00</Quantity><UnitOfMeasure>גרם     </UnitOfMeasure><QtyInPackage>לא ידוע</QtyInPackage><UnitOfMeasurePrice>0.0218</UnitOfMeasurePrice><AllowDiscount>1</AllowDiscount><ItemStatus>1</ItemStatus><ItemPrice>10.90</ItemPrice></item><item><PriceUpdateDate>2016-08-02 06:30:46</PriceUpdateDate><ItemCode>7290000413778</ItemCode><ItemType>1</ItemType><ItemName>קרם קרקר 227 גרם</ItemName><ManufacturerName>קרקר אסם</ManufacturerName><ManufactureCountry>ישראל</ManufactureCountry><ManufacturerItemDescription>קרם קרקר250 גר</ManufacturerItemDescription><SoldByWeight/><Quantity>227.00</Quantity><UnitOfMeasure>גרם     </UnitOfMeasure><QtyInPackage>לא ידוע</QtyInPackage><UnitOfMeasurePrice>0.0436</UnitOfMeasurePrice><AllowDiscount>1</AllowDiscount><ItemStatus>1</ItemStatus><ItemPrice>9.90</ItemPrice></item><item><PriceUpdateDate>2016-08-02 06:30:46</PriceUpdateDate><ItemCode>7290000413808</ItemCode><ItemType>1</ItemType><ItemName>לחמית עם סובין230 גר</ItemName><ManufacturerName>לחמית</ManufacturerName><ManufactureCountry>ישראל</ManufactureCountry><ManufacturerItemDescription>לחמית עם סובין 230 גרם</ManufacturerItemDescription><SoldByWeight/><Quantity>230.00</Quantity><UnitOfMeasure>גרם     </UnitOfMeasure><QtyInPackage>לא ידוע</QtyInPackage><UnitOfMeasurePrice>0.0430</UnitOfMeasurePrice><AllowDiscount>1</AllowDiscount><ItemStatus>1</ItemStatus><ItemPrice>9.90</ItemPrice></item><item><PriceUpdateDate>2016-05-31 09:32:49</PriceUpdateDate><ItemCode>7290000413839</ItemCode><ItemType>1</ItemType><ItemName>קרקר זהב 150 גרם</ItemName><ManufacturerName>קרקר אסם</ManufacturerName><ManufactureCountry>ישראל</ManufactureCountry><ManufacturerItemDescription>קרקר זהב 150 גרם</ManufacturerItemDescription><SoldByWeight/><Quantity>150.00</Quantity><UnitOfMeasure>גרם     </UnitOfMeasure><QtyInPackage>לא ידוע</QtyInPackage><UnitOfMeasurePrice>0.0487</UnitOfMeasurePrice><AllowDiscount>1</AllowDiscount><ItemStatus>1</ItemStatus><ItemPrice>7.30</ItemPrice></item><item><PriceUpdateDate>2015-10-22 09:58:28</PriceUpdateDate><ItemCode>7290000413884</ItemCode><ItemType>1</ItemType><ItemName>לחמית חיטה מלאה 1 ק"</ItemName><ManufacturerName>לחמית</ManufacturerName><ManufactureCountry>ישראל</ManufactureCountry><ManufacturerItemDescription>לחמית חיטה מלאה 1 ק"</ManufacturerItemDescription><SoldByWeight/><Quantity>1000.00</Quantity><UnitOfMeasure>גרם     </UnitOfMeasure><QtyInPackage>לא ידוע</QtyInPackage><UnitOfMeasurePrice>0.0300</UnitOfMeasurePrice><AllowDiscount>1</AllowDiscount><ItemStatus>1</ItemStatus><ItemPrice>30.00</ItemPrice></item><item><PriceUpdateDate>2015-10-22 09:58:28</PriceUpdateDate><ItemCode>7290000413945</ItemCode><ItemType>1</ItemType><ItemName>עוגיות מיני שוקוצ'יפ</ItemName><ManufacturerName>לא ממותג</ManufacturerName><ManufactureCountry>ישראל</ManufactureCountry><ManufacturerItemDescription>עוגיות מיני שוקוצ'יפ</ManufacturerItemDescription><SoldByWeight/><Quantity>225.00</Quantity><UnitOfMeasure>גרם     </UnitOfMeasure><QtyInPackage>לא ידוע</QtyInPackage><UnitOfMeasurePrice>0.0560</UnitOfMeasurePrice><AllowDiscount>1</AllowDiscount><ItemStatus>1</ItemStatus><ItemPrice>12.60</ItemPrice></item><item><PriceUpdateDate>2016-02-08 07:25:29</PriceUpdateDate><ItemCode>7290000413952</ItemCode><ItemType>1</ItemType><ItemName>עוגיות שוקוצ'יפס קלא</ItemName><ManufacturerName>אסם</ManufacturerName><ManufactureCountry>ישראל</ManufactureCountry><ManufacturerItemDescription>עוגיות משהו וניל שוקוציפס</ManufacturerItemDescription><SoldByWeight/><Quantity>200.00</Quantity><UnitOfMeasure>גרם     </UnitOfMeasure><QtyInPackage>לא ידוע</QtyInPackage><UnitOfMeasurePrice>0.0645</UnitOfMeasurePrice><AllowDiscount>1</AllowDiscount><ItemStatus>1</ItemStatus><ItemPrice>12.90</ItemPrice></item><item><PriceUpdateDate>2016-08-02 06:30:47</PriceUpdateDate><ItemCode>7290000413969</ItemCode><ItemType>1</ItemType><ItemName>לחמית חיטה מלאה 250</ItemName><ManufacturerName>לחמית</ManufacturerName><ManufactureCountry>ישראל</ManufactureCountry><ManufacturerItemDescription>לחמית קרקר חיטה מלאה 250</ManufacturerItemDescription><SoldByWeight/><Quantity>250.00</Quantity><UnitOfMeasure>גרם     </UnitOfMeasure><QtyInPackage>לא ידוע</QtyInPackage><UnitOfMeasurePrice>0.0396</UnitOfMeasurePrice><AllowDiscount>1</AllowDiscount><ItemStatus>1</ItemStatus><ItemPrice>9.90</ItemPrice></item><item><PriceUpdateDate>2016-03-01 06:24:08</PriceUpdateDate><ItemCode>7290000413990</ItemCode><ItemType>1</ItemType><ItemName>עוגת הבית שמרים בריו</ItemName><ManufacturerName>אסם</ManufacturerName><ManufactureCountry>ישראל</ManufactureCountry><ManufacturerItemDescription>עוגת הבית שמרים בריוש שוק</ManufacturerItemDescription><SoldByWeight/><Quantity>360.00</Quantity><UnitOfMeasure>גרם     </UnitOfMeasure><QtyInPackage>לא ידוע</QtyInPackage><UnitOfMeasurePrice>0.0536</UnitOfMeasurePrice><AllowDiscount>1</AllowDiscount><ItemStatus>1</ItemStatus><ItemPrice>19.30</ItemPrice></item><item><PriceUpdateDate>2016-08-02 06:35:54</PriceUpdateDate><ItemCode>7290000414027</ItemCode><ItemType>1</ItemType><ItemName>מב בייגלה שמיניות קט</ItemName><ManufacturerName>בייגלה אסם</ManufacturerName><ManufactureCountry>ישראל</ManufactureCountry><ManufacturerItemDescription>ביגלה שמיניות קטנות 400 ג</ManufacturerItemDescription><SoldByWeight/><Quantity>400.00</Quantity><UnitOfMeasure>גרם     </UnitOfMeasure><QtyInPackage>לא ידוע</QtyInPackage><UnitOfMeasurePrice>0.0223</UnitOfMeasurePrice><AllowDiscount>1</AllowDiscount><ItemStatus>1</ItemStatus><ItemPrice>8.90</ItemPrice></item><item><PriceUpdateDate>2016-02-08 07:25:29</PriceUpdateDate><ItemCode>7290000414096</ItemCode><ItemType>1</ItemType><ItemName>עוגיות קרמוגית במילו</ItemName><ManufacturerName>אסם</ManufacturerName><ManufactureCountry>ישראל</ManufactureCountry><ManufacturerItemDescription>עוגיות משהו קרמוגית שוקול</ManufacturerItemDescription><SoldByWeight/><Quantity>200.00</Quantity><UnitOfMeasure>גרם     </UnitOfMeasure><QtyInPackage>לא ידוע</QtyInPackage><UnitOfMeasurePrice>0.0645</UnitOfMeasurePrice><AllowDiscount>1</AllowDiscount><ItemStatus>1</ItemStatus><ItemPrice>12.90</ItemPrice></item><item><PriceUpdateDate>2016-08-02 06:30:47</PriceUpdateDate><ItemCode>7290000414126</ItemCode><ItemType>1</ItemType><ItemName>לחמית כפרית 190 גרם</ItemName><ManufacturerName>לחמית</ManufacturerName><ManufactureCountry>ישראל</ManufactureCountry><ManufacturerItemDescription>לחמית כפרית 190 גרם</ManufacturerItemDescription><SoldByWeight/><Quantity>190.00</Quantity><UnitOfMeasure>גרם     </UnitOfMeasure><QtyInPackage>לא ידוע</QtyInPackage><UnitOfMeasurePrice>0.0642</UnitOfMeasurePrice><AllowDiscount>1</AllowDiscount><ItemStatus>1</ItemStatus><ItemPrice>12.20</ItemPrice></item><item><PriceUpdateDate>2015-11-17 07:37:09</PriceUpdateDate><ItemCode>7290000414188</ItemCode><ItemType>1</ItemType><ItemName>קרוטונים מתובלים 250</ItemName><ManufacturerName>אסם</ManufacturerName><ManufactureCountry>ישראל</ManufactureCountry><ManufacturerItemDescription>קרוטונים מתובלים 250</ManufacturerItemDescription><SoldByWeight/><Quantity>250.00</Quantity><UnitOfMeasure>גרם     </UnitOfMeasure><QtyInPackage>לא ידוע</QtyInPackage><UnitOfMeasurePrice>0.0620</UnitOfMeasurePrice><AllowDiscount>1</AllowDiscount><ItemStatus>1</ItemStatus><ItemPrice>15.50</ItemPrice></item><item><PriceUpdateDate>2016-08-02 06:30:47</PriceUpdateDate><ItemCode>7290000414249</ItemCode><ItemType>1</ItemType><ItemName>קרם קרקר דל נתרן 250</ItemName><ManufacturerName>אסם</ManufacturerName><ManufactureCountry>ישראל</ManufactureCountry><ManufacturerItemDescription>קרם קרקר דל נתרן 250</ManufacturerItemDescription><SoldByWeight/><Quantity>250.00</Quantity><UnitOfMeasure>גרם     </UnitOfMeasure><QtyInPackage>לא ידוע</QtyInPackage><UnitOfMeasurePrice>0.0476</UnitOfMeasurePrice><AllowDiscount>1</AllowDiscount><ItemStatus>1</ItemStatus><ItemPrice>11.90</ItemPrice></item><item><PriceUpdateDate>2016-01-18 06:58:58</PriceUpdateDate><ItemCode>7290000414355</ItemCode><ItemType>1</ItemType><ItemName>טוסטעים פת שומשום 10</ItemName><ManufacturerName>אסם</ManufacturerName><ManufactureCountry>ישראל</ManufactureCountry><ManufacturerItemDescription>טוסטעים +שומשו  שומשו100</ManufacturerItemDescription><SoldByWeight/><Quantity>100.00</Quantity><UnitOfMeasure>גרם     </UnitOfMeasure><QtyInPackage>לא ידוע</QtyInPackage><UnitOfMeasurePrice>0.1190</UnitOfMeasurePrice><AllowDiscount>1</AllowDiscount><ItemStatus>1</ItemStatus><ItemPrice>11.90</ItemPrice></item><item><PriceUpdateDate>2016-05-31 09:32:49</PriceUpdateDate><ItemCode>7290000414447</ItemCode><ItemType>1</ItemType><ItemName>אפונה עדינה 600 גרם</ItemName><ManufacturerName>סנפרוסט</ManufacturerName><ManufactureCountry>ישראל</ManufactureCountry><ManufacturerItemDescription>אפונה עדינה 600 גר</ManufacturerItemDescription><SoldByWeight/><Quantity>600.00</Quantity><UnitOfMeasure>גרם     </UnitOfMeasure><QtyInPackage>לא ידוע</QtyInPackage><UnitOfMeasurePrice>0.0298</UnitOfMeasurePrice><AllowDiscount>1</AllowDiscount><ItemStatus>1</ItemStatus><ItemPrice>17.90</ItemPrice></item><item><PriceUpdateDate>2016-05-31 09:32:49</PriceUpdateDate><ItemCode>7290000414485</ItemCode><ItemType>1</ItemType><ItemName>אפונת גינה סנפרוסט 8</ItemName><ManufacturerName>סנפרוסט</ManufacturerName><ManufactureCountry>ישראל</ManufactureCountry><ManufacturerItemDescription>אפונת גינה 800 גר</ManufacturerItemDescription><SoldByWeight/><Quantity>800.00</Quantity><UnitOfMeasure>גרם     </UnitOfMeasure><QtyInPackage>לא ידוע</QtyInPackage><UnitOfMeasurePrice>0.0199</UnitOfMeasurePrice><AllowDiscount>1</AllowDiscount><ItemStatus>1</ItemStatus><ItemPrice>15.90</ItemPrice></item><item><PriceUpdateDate>2016-08-02 06:35:54</PriceUpdateDate><ItemCode>7290000414492</ItemCode><ItemType>1</ItemType><ItemName>מב שעועית שלמה סנפרו</ItemName><ManufacturerName>סנפרוסט</ManufacturerName><ManufactureCountry>ישראל</ManufactureCountry><ManufacturerItemDescription>שעועית ירוקה שלמה 800 גר</ManufacturerItemDescription><SoldByWeight/><Quantity>800.00</Quantity><UnitOfMeasure>גרם     </UnitOfMeasure><QtyInPackage>לא ידוע</QtyInPackage><UnitOfMeasurePrice>0.0186</UnitOfMeasurePrice><AllowDiscount>1</AllowDiscount><ItemStatus>1</ItemStatus><ItemPrice>14.90</ItemPrice></item><item><PriceUpdateDate>2016-05-31 09:32:49</PriceUpdateDate><ItemCode>7290000414508</ItemCode><ItemType>1</ItemType><ItemName>גרעיני תירס 800 גרם</ItemName><ManufacturerName>סנפרוסט</ManufacturerName><ManufactureCountry>ישראל</ManufactureCountry><ManufacturerItemDescription>תירס גרעינים 800 גר</ManufacturerItemDescription><SoldByWeight/><Quantity>800.00</Quantity><UnitOfMeasure>גרם     </UnitOfMeasure><QtyInPackage>לא ידוע</QtyInPackage><UnitOfMeasurePrice>0.0199</UnitOfMeasurePrice><AllowDiscount>1</AllowDiscount><ItemStatus>1</ItemStatus><ItemPrice>15.90</ItemPrice></item><item><PriceUpdateDate>2016-05-01 07:22:41</PriceUpdateDate><ItemCode>7290000414522</ItemCode><ItemType>1</ItemType><ItemName>פול ירוק 800 גרם</ItemName><ManufacturerName>סנפרוסט</ManufacturerName><ManufactureCountry>ישראל</ManufactureCountry><ManufacturerItemDescription>פול ירוק 800 גר</ManufacturerItemDescription><SoldByWeight/><Quantity>800.00</Quantity><UnitOfMeasure>גרם     </UnitOfMeasure><QtyInPackage>לא ידוע</QtyInPackage><UnitOfMeasurePrice>0.0349</UnitOfMeasurePrice><AllowDiscount>1</AllowDiscount><ItemStatus>1</ItemStatus><ItemPrice>27.90</ItemPrice></item><item><PriceUpdateDate>2016-08-02 06:35:54</PriceUpdateDate><ItemCode>7290000414591</ItemCode><ItemType>1</ItemType><ItemName>מב שעועית לבנה מבושל</ItemName><ManufacturerName>סנפרוסט</ManufacturerName><ManufactureCountry>ישראל</ManufactureCountry><ManufacturerItemDescription>שעועית לבנה מבושלת קפואה8</ManufacturerItemDescription><SoldByWeight/><Quantity>800.00</Quantity><UnitOfMeasure>גרם     </UnitOfMeasure><QtyInPackage>לא ידוע</QtyInPackage><UnitOfMeasurePrice>0.0186</UnitOfMeasurePrice><AllowDiscount>1</AllowDiscount><ItemStatus>1</ItemStatus><ItemPrice>14.90</ItemPrice></item><item><PriceUpdateDate>2016-05-31 09:32:50</PriceUpdateDate><ItemCode>7290000414621</ItemCode><ItemType>1</ItemType><ItemName>שעועית עדינה שלמה סנ</ItemName><ManufacturerName>סנפרוסט</ManufacturerName><ManufactureCountry>ישראל</ManufactureCountry><ManufacturerItemDescription>שעועית עדינה שלמה 600 גרם</ManufacturerItemDescription><SoldByWeight/><Quantity>600.00</Quantity><UnitOfMeasure>גרם     </UnitOfMeasure><QtyInPackage>לא ידוע</QtyInPackage><UnitOfMeasurePrice>0.0332</UnitOfMeasurePrice><AllowDiscount>1</AllowDiscount><ItemStatus>1</ItemStatus><ItemPrice>19.90</ItemPrice></item><item><PriceUpdateDate>2016-05-31 09:30:20</PriceUpdateDate><ItemCode>7290000414652</ItemCode><ItemType>1</ItemType><ItemName>אפונה וגזר 800 גרם</ItemName><ManufacturerName>סנפרוסט</ManufacturerName><ManufactureCountry>ישראל</ManufactureCountry><ManufacturerItemDescription>אפונה וגזר800 גר</ManufacturerItemDescription><SoldByWeight/><Quantity>800.00</Quantity><UnitOfMeasure>גרם     </UnitOfMeasure><QtyInPackage>לא ידוע</QtyInPackage><UnitOfMeasurePrice>0.0238</UnitOfMeasurePrice><AllowDiscount>1</AllowDiscount><ItemStatus>1</ItemStatus><ItemPrice>19.00</ItemPrice></item><item><PriceUpdateDate>2016-05-01 07:22:42</PriceUpdateDate><ItemCode>7290000414799</ItemCode><ItemType>1</ItemType><ItemName>תפרחת ברוקולי סנפרוס</ItemName><ManufacturerName>סנפרוסט</ManufacturerName><ManufactureCountry>ישראל</ManufactureCountry><ManufacturerItemDescription>תפרחות ברוקולי 800 גר</ManufacturerItemDescription><SoldByWeight/><Quantity>800.00</Quantity><UnitOfMeasure>גרם     </UnitOfMeasure><QtyInPackage>לא ידוע</QtyInPackage><UnitOfMeasurePrice>0.0355</UnitOfMeasurePrice><AllowDiscount>1</AllowDiscount><ItemStatus>1</ItemStatus><ItemPrice>28.40</ItemPrice></item><item><PriceUpdateDate>2015-01-27 06:47:22</PriceUpdateDate><ItemCode>7290000414812</ItemCode><ItemType>1</ItemType><ItemName>מרגרינה עם מלח 200 ג</ItemName><ManufacturerName>בלובנד</ManufacturerName><ManufactureCountry>ישראל</ManufactureCountry><ManufacturerItemDescription>מרגרינה עם מלח 200 ג</ManufacturerItemDescription><SoldByWeight/><Quantity>200.00</Quantity><UnitOfMeasure>מ"ל</UnitOfMeasure><QtyInPackage>לא ידוע</QtyInPackage><UnitOfMeasurePrice>0.0240</UnitOfMeasurePrice><AllowDiscount>1</AllowDiscount><ItemStatus>1</ItemStatus><ItemPrice>4.80</ItemPrice></item><item><PriceUpdateDate>2016-05-31 09:32:50</PriceUpdateDate><ItemCode>7290000414829</ItemCode><ItemType>1</ItemType><ItemName>מרגרינה בלו בנד בלי</ItemName><ManufacturerName>בלובנד</ManufacturerName><ManufactureCountry>ישראל</ManufactureCountry><ManufacturerItemDescription>מרגרינה בלו בנד בלי</ManufacturerItemDescription><SoldByWeight/><Quantity>200.00</Quantity><UnitOfMeasure>מ"ל</UnitOfMeasure><QtyInPackage>לא ידוע</QtyInPackage><UnitOfMeasurePrice>0.0235</UnitOfMeasurePrice><AllowDiscount>1</AllowDiscount><ItemStatus>1</ItemStatus><ItemPrice>4.70</ItemPrice></item><item><PriceUpdateDate>2015-10-13 09:47:40</PriceUpdateDate><ItemCode>7290000414836</ItemCode><ItemType>1</ItemType><ItemName>מרגרינה בטעם חמאה 20</ItemName><ManufacturerName>בלובנד</ManufacturerName><ManufactureCountry>ישראל</ManufactureCountry><ManufacturerItemDescription>מרגרינה בטעם חמאה 20</ManufacturerItemDescription><SoldByWeight/><Quantity>200.00</Quantity><UnitOfMeasure>מ"ל</UnitOfMeasure><QtyInPackage>לא ידוע</QtyInPackage><UnitOfMeasurePrice>0.0270</UnitOfMeasurePrice><AllowDiscount>1</AllowDiscount><ItemStatus>1</ItemStatus><ItemPrice>5.40</ItemPrice></item><item><PriceUpdateDate>2015-10-13 09:47:40</PriceUpdateDate><ItemCode>7290000414874</ItemCode><ItemType>1</ItemType><ItemName>חטיף כיפלי גריל בד"צ</ItemName><ManufacturerName>כיפלי</ManufacturerName><ManufactureCountry>ישראל</ManufactureCountry><ManufacturerItemDescription>חטיף כיפלי גריל בד"צ</ManufacturerItemDescription><SoldByWeight/><Quantity>14.00</Quantity><UnitOfMeasure>גרם     </UnitOfMeasure><QtyInPackage>לא ידוע</QtyInPackage><UnitOfMeasurePrice>0.4857</UnitOfMeasurePrice><AllowDiscount>1</AllowDiscount><ItemStatus>1</ItemStatus><ItemPrice>6.80</ItemPrice></item><item><PriceUpdateDate>2015-10-13 09:47:40</PriceUpdateDate><ItemCode>7290000414881</ItemCode><ItemType>1</ItemType><ItemName>חטיף כיפלי בצל בד"צ</ItemName><ManufacturerName>כיפלי</ManufacturerName><ManufactureCountry>ישראל</ManufactureCountry><ManufacturerItemDescription>חטיף כיפלי בצל בד"צ</ManufacturerItemDescription><SoldByWeight/><Quantity>70.00</Quantity><UnitOfMeasure>גרם     </UnitOfMeasure><QtyInPackage>לא ידוע</QtyInPackage><UnitOfMeasurePrice>0.0971</UnitOfMeasurePrice><AllowDiscount>1</AllowDiscount><ItemStatus>1</ItemStatus><ItemPrice>6.80</ItemPrice></item><item><PriceUpdateDate>2015-11-17 07:37:09</PriceUpdateDate><ItemCode>7290000414898</ItemCode><ItemType>1</ItemType><ItemName>מיונז 250 גרם</ItemName><ManufacturerName>תלמה</ManufacturerName><ManufactureCountry>ישראל</ManufactureCountry><ManufacturerItemDescription>מיונז 250 גרם</ManufacturerItemDescription><SoldByWeight/><Quantity>250.00</Quantity><UnitOfMeasure>גרם     </UnitOfMeasure><QtyInPackage>לא ידוע</QtyInPackage><UnitOfMeasurePrice>0.0308</UnitOfMeasurePrice><AllowDiscount>1</AllowDiscount><ItemStatus>1</ItemStatus><ItemPrice>7.70</ItemPrice></item><item><PriceUpdateDate>2016-05-31 09:32:50</PriceUpdateDate><ItemCode>7290000414904</ItemCode><ItemType>1</ItemType><ItemName>מרכך כביסה בדין לבן</ItemName><ManufacturerName>בדין</ManufacturerName><ManufactureCountry>ישראל</ManufactureCountry><ManufacturerItemDescription>מרכך כביסה בדין לבן</ManufacturerItemDescription><SoldByWeight/><Quantity>4000.00</Quantity><UnitOfMeasure>מ"ל</UnitOfMeasure><QtyInPackage>לא ידוע</QtyInPackage><UnitOfMeasurePrice>0.0050</UnitOfMeasurePrice><AllowDiscount>1</AllowDiscount><ItemStatus>1</ItemStatus><ItemPrice>19.90</ItemPrice></item><item><PriceUpdateDate>2016-05-31 09:32:50</PriceUpdateDate><ItemCode>7290000414928</ItemCode><ItemType>1</ItemType><ItemName>מיונז אמיתי תלמה 500</ItemName><ManufacturerName>תלמה</ManufacturerName><ManufactureCountry>ישראל</ManufactureCountry><ManufacturerItemDescription>מיונז אמיתי תלמה 500</ManufacturerItemDescription><SoldByWeight/><Quantity>500.00</Quantity><UnitOfMeasure>גרם     </UnitOfMeasure><QtyInPackage>לא ידוע</QtyInPackage><UnitOfMeasurePrice>0.0190</UnitOfMeasurePrice><AllowDiscount>1</AllowDiscount><ItemStatus>1</ItemStatus><ItemPrice>9.50</ItemPrice></item><item><PriceUpdateDate>2015-11-17 07:37:09</PriceUpdateDate><ItemCode>7290000414959</ItemCode><ItemType>1</ItemType><ItemName>חרדל אמיתי 250 גרם</ItemName><ManufacturerName>תלמה</ManufacturerName><ManufactureCountry>ישראל</ManufactureCountry><ManufacturerItemDescription>חרדל אמיתי 250 גרם</ManufacturerItemDescription><SoldByWeight/><Quantity>250.00</Quantity><UnitOfMeasure>גרם     </UnitOfMeasure><QtyInPackage>לא ידוע</QtyInPackage><UnitOfMeasurePrice>0.0348</UnitOfMeasurePrice><AllowDiscount>1</AllowDiscount><ItemStatus>1</ItemStatus><ItemPrice>8.70</ItemPrice></item><item><PriceUpdateDate>2016-02-01 20:37:24</PriceUpdateDate><ItemCode>7290000415000</ItemCode><ItemType>1</ItemType><ItemName>מרק קנור עוף איטריות</ItemName><ManufacturerName>קנור</ManufacturerName><ManufactureCountry>ישראל</ManufactureCountry><ManufacturerItemDescription>מרקנור עשיר איטריות</ManufacturerItemDescription><SoldByWeight/><Quantity>14.00</Quantity><UnitOfMeasure>גרם     </UnitOfMeasure><QtyInPackage>לא ידוע</QtyInPackage><UnitOfMeasurePrice>0.8286</UnitOfMeasurePrice><AllowDiscount>1</AllowDiscount><ItemStatus>1</ItemStatus><ItemPrice>11.60</ItemPrice></item><item><PriceUpdateDate>2016-02-01 20:37:24</PriceUpdateDate><ItemCode>7290000415017</ItemCode><ItemType>1</ItemType><ItemName>מרק קנור ירקות עשיר</ItemName><ManufacturerName>קנור</ManufacturerName><ManufactureCountry>ישראל</ManufactureCountry><ManufacturerItemDescription>מרקנור עשיר ירקות</ManufacturerItemDescription><SoldByWeight/><Quantity>14.00</Quantity><UnitOfMeasure>גרם     </UnitOfMeasure><QtyInPackage>לא ידוע</QtyInPackage><UnitOfMeasurePrice>0.8286</UnitOfMeasurePrice><AllowDiscount>1</AllowDiscount><ItemStatus>1</ItemStatus><ItemPrice>11.60</ItemPrice></item><item><PriceUpdateDate>2016-02-01 20:37:24</PriceUpdateDate><ItemCode>7290000415024</ItemCode><ItemType>1</ItemType><ItemName>מרק קנור פטריות עשיר</ItemName><ManufacturerName>קנור</ManufacturerName><ManufactureCountry>ישראל</ManufactureCountry><ManufacturerItemDescription>מרקנור עשיר פטריות</ManufacturerItemDescription><SoldByWeight/><Quantity>68.00</Quantity><UnitOfMeasure>גרם     </UnitOfMeasure><QtyInPackage>לא ידוע</QtyInPackage><UnitOfMeasurePrice>0.1706</UnitOfMeasurePrice><AllowDiscount>1</AllowDiscount><ItemStatus>1</ItemStatus><ItemPrice>11.60</ItemPrice></item><item><PriceUpdateDate>2015-10-20 14:58:44</PriceUpdateDate><ItemCode>7290000415093</ItemCode><ItemType>1</ItemType><ItemName>חטיף כיפלי צ'יפס בד"</ItemName><ManufacturerName>כיפלי</ManufacturerName><ManufactureCountry>ישראל</ManufactureCountry><ManufacturerItemDescription>חטיף כיפלי צ'יפס בד"</ManufacturerItemDescription><SoldByWeight/><Quantity>50.00</Quantity><UnitOfMeasure>גרם     </UnitOfMeasure><QtyInPackage>לא ידוע</QtyInPackage><UnitOfMeasurePrice>0.1220</UnitOfMeasurePrice><AllowDiscount>1</AllowDiscount><ItemStatus>1</ItemStatus><ItemPrice>6.10</ItemPrice></item><item><PriceUpdateDate>2015-10-20 14:58:47</PriceUpdateDate><ItemCode>7290000415109</ItemCode><ItemType>1</ItemType><ItemName>חטיף כיפלי צ'יפס קטש</ItemName><ManufacturerName>כיפלי</ManufacturerName><ManufactureCountry>ישראל</ManufactureCountry><ManufacturerItemDescription>חטיף כיפלי צ'יפס קטש</ManufacturerItemDescription><SoldByWeight/><Quantity>14.00</Quantity><UnitOfMeasure>גרם     </UnitOfMeasure><QtyInPackage>לא ידוע</QtyInPackage><UnitOfMeasurePrice>0.4357</UnitOfMeasurePrice><AllowDiscount>1</AllowDiscount><ItemStatus>1</ItemStatus><ItemPrice>6.10</ItemPrice></item><item><PriceUpdateDate>2015-10-13 09:47:40</PriceUpdateDate><ItemCode>7290000415116</ItemCode><ItemType>1</ItemType><ItemName>מרק נמס בכוס לייט זו</ItemName><ManufacturerName>קנור</ManufacturerName><ManufactureCountry>ישראל</ManufactureCountry><ManufacturerItemDescription>מרקלייט נמס ירקות 034  גר</ManufacturerItemDescription><SoldByWeight/><Quantity>14.00</Quantity><UnitOfMeasure>גרם     </UnitOfMeasure><QtyInPackage>לא ידוע</QtyInPackage><UnitOfMeasurePrice>0.5929</UnitOfMeasurePrice><AllowDiscount>1</AllowDiscount><ItemStatus>1</ItemStatus><ItemPrice>8.30</ItemPrice></item><item><PriceUpdateDate>2016-08-10 11:21:38</PriceUpdateDate><ItemCode>7290000415475</ItemCode><ItemType>1</ItemType><ItemName>חטיף דגנים קוקומן 8</ItemName><ManufacturerName>קוקומן</ManufacturerName><ManufactureCountry>ישראל</ManufactureCountry><ManufacturerItemDescription>חטיף דגנים קוקומן 8</ManufacturerItemDescription><SoldByWeight/><Quantity>168.00</Quantity><UnitOfMeasure>גרם     </UnitOfMeasure><QtyInPackage>לא ידוע</QtyInPackage><UnitOfMeasurePrice>0.1363</UnitOfMeasurePrice><AllowDiscount>1</AllowDiscount><ItemStatus>1</ItemStatus><ItemPrice>22.90</ItemPrice></item><item><PriceUpdateDate>2015-10-13 09:47:40</PriceUpdateDate><ItemCode>7290000415499</ItemCode><ItemType>1</ItemType><ItemName>זוג מרק נמס בכוס קנו</ItemName><ManufacturerName>קנור</ManufacturerName><ManufactureCountry>ישראל</ManufactureCountry><ManufacturerItemDescription>מרק נמס בכוס פטריות</ManufacturerItemDescription><SoldByWeight/><Quantity>43.00</Quantity><UnitOfMeasure>גרם     </UnitOfMeasure><QtyInPackage>לא ידוע</QtyInPackage><UnitOfMeasurePrice>0.1930</UnitOfMeasurePrice><AllowDiscount>1</AllowDiscount><ItemStatus>1</ItemStatus><ItemPrice>8.30</ItemPrice></item><item><PriceUpdateDate>2015-12-04 07:07:56</PriceUpdateDate><ItemCode>7290000415628</ItemCode><ItemType>1</ItemType><ItemName>קובה למרק 1 ק"ג</ItemName><ManufacturerName>יסמין</ManufacturerName><ManufactureCountry>ישראל</ManufactureCountry><ManufacturerItemDescription>קובה למרק 1 ק"ג</ManufacturerItemDescription><SoldByWeight/><Quantity>1000.00</Quantity><UnitOfMeasure>גרם     </UnitOfMeasure><QtyInPackage>לא ידוע</QtyInPackage><UnitOfMeasurePrice>0.0369</UnitOfMeasurePrice><AllowDiscount>1</AllowDiscount><ItemStatus>1</ItemStatus><ItemPrice>36.90</ItemPrice></item><item><PriceUpdateDate>2016-08-02 06:30:47</PriceUpdateDate><ItemCode>7290000415635</ItemCode><ItemType>1</ItemType><ItemName>מב פנטסטיק סיף ג'ל א</ItemName><ManufacturerName>סיף-פנטסטיק</ManufacturerName><ManufactureCountry>ישראל</ManufactureCountry><ManufacturerItemDescription>מב פנטסטיק סיף ג'ל א</ManufacturerItemDescription><SoldByWeight/><Quantity>750.00</Quantity><UnitOfMeasure>מ"ל</UnitOfMeasure><QtyInPackage>לא ידוע</QtyInPackage><UnitOfMeasurePrice>0.0132</UnitOfMeasurePrice><AllowDiscount>1</AllowDiscount><ItemStatus>1</ItemStatus><ItemPrice>9.90</ItemPrice></item><item><PriceUpdateDate>2015-12-04 07:07:56</PriceUpdateDate><ItemCode>7290000415666</ItemCode><ItemType>1</ItemType><ItemName>קובה חמוסטה 1 ק"ג</ItemName><ManufacturerName>יסמין</ManufacturerName><ManufactureCountry>ישראל</ManufactureCountry><ManufacturerItemDescription>קובה חמוסטה 1 ק"ג</ManufacturerItemDescription><SoldByWeight/><Quantity>1000.00</Quantity><UnitOfMeasure>גרם     </UnitOfMeasure><QtyInPackage>לא ידוע</QtyInPackage><UnitOfMeasurePrice>0.0479</UnitOfMeasurePrice><AllowDiscount>1</AllowDiscount><ItemStatus>1</ItemStatus><ItemPrice>47.90</ItemPrice></item><item><PriceUpdateDate>2016-02-08 07:25:29</PriceUpdateDate><ItemCode>7290000415703</ItemCode><ItemType>1</ItemType><ItemName>מיונז הלמנס 424 גרם</ItemName><ManufacturerName>הלמנס</ManufacturerName><ManufactureCountry>ארצות הברית</ManufactureCountry><ManufacturerItemDescription>מחצלת לגלגול סושי 1 יחיד</ManufacturerItemDescription><SoldByWeight/><Quantity>424.00</Quantity><UnitOfMeasure>גרם     </UnitOfMeasure><QtyInPackage>לא ידוע</QtyInPackage><UnitOfMeasurePrice>0.0351</UnitOfMeasurePrice><AllowDiscount>1</AllowDiscount><ItemStatus>1</ItemStatus><ItemPrice>14.90</ItemPrice></item><item><PriceUpdateDate>2015-11-17 07:38:50</PriceUpdateDate><ItemCode>7290000415826</ItemCode><ItemType>1</ItemType><ItemName>עלי גפן 800 גרם</ItemName><ManufacturerName>יסמין</ManufacturerName><ManufactureCountry>ישראל</ManufactureCountry><ManufacturerItemDescription>עלי גפן 800 גרם</ManufacturerItemDescription><SoldByWeight/><Quantity>800.00</Quantity><UnitOfMeasure>גרם     </UnitOfMeasure><QtyInPackage>לא ידוע</QtyInPackage><UnitOfMeasurePrice>0.0509</UnitOfMeasurePrice><AllowDiscount>1</AllowDiscount><ItemStatus>1</ItemStatus><ItemPrice>40.70</ItemPrice></item><item><PriceUpdateDate>2015-11-17 07:38:51</PriceUpdateDate><ItemCode>7290000415987</ItemCode><ItemType>1</ItemType><ItemName>ארוחה זה מאמא קובה ח</ItemName><ManufacturerName>יסמין</ManufacturerName><ManufactureCountry>ישראל</ManufactureCountry><ManufacturerItemDescription>ארוחה זה מאמא קובה ח</ManufacturerItemDescription><SoldByWeight/><Quantity>400.00</Quantity><UnitOfMeasure>גרם     </UnitOfMeasure><QtyInPackage>לא ידוע</QtyInPackage><UnitOfMeasurePrice>0.0610</UnitOfMeasurePrice><AllowDiscount>1</AllowDiscount><ItemStatus>1</ItemStatus><ItemPrice>24.40</ItemPrice></item><item><PriceUpdateDate>2015-10-22 09:58:28</PriceUpdateDate><ItemCode>7290000415994</ItemCode><ItemType>1</ItemType><ItemName>מרגרינה מזולה 250גרם</ItemName><ManufacturerName>מזולה</ManufacturerName><ManufactureCountry>ישראל</ManufactureCountry><ManufacturerItemDescription>מרגרינה מזולה 250גרם</ManufacturerItemDescription><SoldByWeight/><Quantity>250.00</Quantity><UnitOfMeasure>גרם     </UnitOfMeasure><QtyInPackage>לא ידוע</QtyInPackage><UnitOfMeasurePrice>0.0448</UnitOfMeasurePrice><AllowDiscount>1</AllowDiscount><ItemStatus>1</ItemStatus><ItemPrice>11.20</ItemPrice></item><item><PriceUpdateDate>2015-10-22 09:58:28</PriceUpdateDate><ItemCode>7290000416007</ItemCode><ItemType>1</ItemType><ItemName>מרגרינה מזולה 250 גר</ItemName><ManufacturerName>מזולה</ManufacturerName><ManufactureCountry>ישראל</ManufactureCountry><ManufacturerItemDescription>מרגרינה מזולה 250 גר</ManufacturerItemDescription><SoldByWeight/><Quantity>250.00</Quantity><UnitOfMeasure>גרם     </UnitOfMeasure><QtyInPackage>לא ידוע</QtyInPackage><UnitOfMeasurePrice>0.0412</UnitOfMeasurePrice><AllowDiscount>1</AllowDiscount><ItemStatus>1</ItemStatus><ItemPrice>10.30</ItemPrice></item><item><PriceUpdateDate>2016-05-01 07:23:14</PriceUpdateDate><ItemCode>7290000416021</ItemCode><ItemType>1</ItemType><ItemName>ממרח השחר העולה 500</ItemName><ManufacturerName>השחר</ManufacturerName><ManufactureCountry>ישראל</ManufactureCountry><ManufacturerItemDescription>ממרח שוקולד השחר500 גר</ManufacturerItemDescription><SoldByWeight/><Quantity>500.00</Quantity><UnitOfMeasure>גרם     </UnitOfMeasure><QtyInPackage>לא ידוע</QtyInPackage><UnitOfMeasurePrice>0.0238</UnitOfMeasurePrice><AllowDiscount>1</AllowDiscount><ItemStatus>1</ItemStatus><ItemPrice>11.90</ItemPrice></item><item><PriceUpdateDate>2015-11-17 07:37:10</PriceUpdateDate><ItemCode>7290000416137</ItemCode><ItemType>1</ItemType><ItemName>שמפו כביסה בדיו 2 לי</ItemName><ManufacturerName>קלין-סיף</ManufacturerName><ManufactureCountry>ישראל</ManufactureCountry><ManufacturerItemDescription>שמפו כביסה בדיו 2 לי</ManufacturerItemDescription><SoldByWeight/><Quantity>2000.00</Quantity><UnitOfMeasure>מ"ל</UnitOfMeasure><QtyInPackage>לא ידוע</QtyInPackage><UnitOfMeasurePrice>0.0140</UnitOfMeasurePrice><AllowDiscount>1</AllowDiscount><ItemStatus>1</ItemStatus><ItemPrice>28.00</ItemPrice></item><item><PriceUpdateDate>2016-08-02 06:36:15</PriceUpdateDate><ItemCode>7290000416168</ItemCode><ItemType>1</ItemType><ItemName>מב ממרח השחר שפורפרת</ItemName><ManufacturerName>השחר</ManufacturerName><ManufactureCountry>ישראל</ManufactureCountry><ManufacturerItemDescription>ממרח השחר שפורפרת לחיץ 33</ManufacturerItemDescription><SoldByWeight/><Quantity>330.00</Quantity><UnitOfMeasure>גרם     </UnitOfMeasure><QtyInPackage>לא ידוע</QtyInPackage><UnitOfMeasurePrice>0.0239</UnitOfMeasurePrice><AllowDiscount>1</AllowDiscount><ItemStatus>1</ItemStatus><ItemPrice>7.90</ItemPrice></item><item><PriceUpdateDate>2016-08-02 06:35:55</PriceUpdateDate><ItemCode>7290000416229</ItemCode><ItemType>1</ItemType><ItemName>מב מאגדת שישיה מריר</ItemName><ManufacturerName>ורד הגליל</ManufacturerName><ManufactureCountry>ישראל</ManufactureCountry><ManufacturerItemDescription>מב מאגדת שישיה מריר</ManufacturerItemDescription><SoldByWeight/><Quantity>600.00</Quantity><UnitOfMeasure>גרם     </UnitOfMeasure><QtyInPackage>לא ידוע</QtyInPackage><UnitOfMeasurePrice>0.0332</UnitOfMeasurePrice><AllowDiscount>1</AllowDiscount><ItemStatus>1</ItemStatus><ItemPrice>19.90</ItemPrice></item><item><PriceUpdateDate>2015-11-17 07:37:10</PriceUpdateDate><ItemCode>7290000416380</ItemCode><ItemType>1</ItemType><ItemName>רוטב פטריות 28 גרם</ItemName><ManufacturerName>קנור</ManufacturerName><ManufactureCountry>ישראל</ManufactureCountry><ManufacturerItemDescription>רוטב פטריות 28 גרם</ManufacturerItemDescription><SoldByWeight/><Quantity>28.00</Quantity><UnitOfMeasure>גרם     </UnitOfMeasure><QtyInPackage>לא ידוע</QtyInPackage><UnitOfMeasurePrice>0.1929</UnitOfMeasurePrice><AllowDiscount>1</AllowDiscount><ItemStatus>1</ItemStatus><ItemPrice>5.40</ItemPrice></item><item><PriceUpdateDate>2016-03-16 13:26:01</PriceUpdateDate><ItemCode>7290000416588</ItemCode><ItemType>1</ItemType><ItemName>שמפו הוואי לילדים 70</ItemName><ManufacturerName>הוואי</ManufacturerName><ManufactureCountry>ישראל</ManufactureCountry><ManufacturerItemDescription>שמפו הוואי לילדים 70</ManufacturerItemDescription><SoldByWeight/><Quantity>700.00</Quantity><UnitOfMeasure>מ"ל</UnitOfMeasure><QtyInPackage>לא ידוע</QtyInPackage><UnitOfMeasurePrice>0.0141</UnitOfMeasurePrice><AllowDiscount>0</AllowDiscount><ItemStatus>1</ItemStatus><ItemPrice>9.90</ItemPrice></item><item><PriceUpdateDate>2016-06-27 19:05:11</PriceUpdateDate><ItemCode>7290000416960</ItemCode><ItemType>1</ItemType><ItemName>משחת שיניים טום וג'ר</ItemName><ManufacturerName>טום אנד גרי</ManufacturerName><ManufactureCountry>ישראל</ManufactureCountry><ManufacturerItemDescription>משחת שיניים טום וג'ר</ManufacturerItemDescription><SoldByWeight/><Quantity>1.00</Quantity><UnitOfMeasure>יח'</UnitOfMeasure><QtyInPackage>לא ידוע</QtyInPackage><UnitOfMeasurePrice>9.9000</UnitOfMeasurePrice><AllowDiscount>1</AllowDiscount><ItemStatus>1</ItemStatus><ItemPrice>9.90</ItemPrice></item><item><PriceUpdateDate>2016-08-02 06:30:48</PriceUpdateDate><ItemCode>7290000417219</ItemCode><ItemType>1</ItemType><ItemName>נקניקיות עוף 400 גרם</ItemName><ManufacturerName>עוף טוב</ManufacturerName><ManufactureCountry>ישראל</ManufactureCountry><ManufacturerItemDescription>נקניקיות עוף עוף טוב 400</ManufacturerItemDescription><SoldByWeight/><Quantity>400.00</Quantity><UnitOfMeasure>גרם     </UnitOfMeasure><QtyInPackage>לא ידוע</QtyInPackage><UnitOfMeasurePrice>0.0298</UnitOfMeasurePrice><AllowDiscount>1</AllowDiscount><ItemStatus>1</ItemStatus><ItemPrice>11.90</ItemPrice></item><item><PriceUpdateDate>2015-11-12 11:29:27</PriceUpdateDate><ItemCode>7290000417547</ItemCode><ItemType>1</ItemType><ItemName>גולדבנד גביע 250 גרם</ItemName><ManufacturerName>גולדבנד</ManufacturerName><ManufactureCountry>ישראל</ManufactureCountry><ManufacturerItemDescription>גולדבנד גביע 250 גרם</ManufacturerItemDescription><SoldByWeight/><Quantity>250.00</Quantity><UnitOfMeasure>גרם     </UnitOfMeasure><QtyInPackage>לא ידוע</QtyInPackage><UnitOfMeasurePrice>0.0372</UnitOfMeasurePrice><AllowDiscount>1</AllowDiscount><ItemStatus>1</ItemStatus><ItemPrice>9.30</ItemPrice></item><item><PriceUpdateDate>2015-11-12 11:29:27</PriceUpdateDate><ItemCode>7290000417554</ItemCode><ItemType>1</ItemType><ItemName>מחמאה גביע 250 גרם</ItemName><ManufacturerName>מחמאה</ManufacturerName><ManufactureCountry>ישראל</ManufactureCountry><ManufacturerItemDescription>מחמאה גביע 250 גרם</ManufacturerItemDescription><SoldByWeight/><Quantity>250.00</Quantity><UnitOfMeasure>גרם     </UnitOfMeasure><QtyInPackage>לא ידוע</QtyInPackage><UnitOfMeasurePrice>0.0352</UnitOfMeasurePrice><AllowDiscount>1</AllowDiscount><ItemStatus>1</ItemStatus><ItemPrice>8.80</ItemPrice></item><item><PriceUpdateDate>2016-05-01 07:22:43</PriceUpdateDate><ItemCode>7290000417578</ItemCode><ItemType>1</ItemType><ItemName>מיונז אמיתי משמן קנו</ItemName><ManufacturerName>תלמה</ManufacturerName><ManufactureCountry>ישראל</ManufactureCountry><ManufacturerItemDescription>מיונז אמיתי משמן קנו</ManufacturerItemDescription><SoldByWeight/><Quantity>500.00</Quantity><UnitOfMeasure>גרם     </UnitOfMeasure><QtyInPackage>לא ידוע</QtyInPackage><UnitOfMeasurePrice>0.0318</UnitOfMeasurePrice><AllowDiscount>1</AllowDiscount><ItemStatus>1</ItemStatus><ItemPrice>15.90</ItemPrice></item><item><PriceUpdateDate>2016-05-31 09:32:50</PriceUpdateDate><ItemCode>7290000417622</ItemCode><ItemType>1</ItemType><ItemName>שוקולד פרה חלב 100 ג</ItemName><ManufacturerName>פרה</ManufacturerName><ManufactureCountry>ישראל</ManufactureCountry><ManufacturerItemDescription>שוקולד פרה חלב שטוח 100 ג</ManufacturerItemDescription><SoldByWeight/><Quantity>100.00</Quantity><UnitOfMeasure>גרם     </UnitOfMeasure><QtyInPackage>לא ידוע</QtyInPackage><UnitOfMeasurePrice>0.0540</UnitOfMeasurePrice><AllowDiscount>0</AllowDiscount><ItemStatus>1</ItemStatus><ItemPrice>5.40</ItemPrice></item><item><PriceUpdateDate>2016-05-31 09:32:50</PriceUpdateDate><ItemCode>7290000417639</ItemCode><ItemType>1</ItemType><ItemName>שוקולד פרה מריר 100</ItemName><ManufacturerName>פרה</ManufacturerName><ManufactureCountry>ישראל</ManufactureCountry><ManufacturerItemDescription>שוקולד פרה מריר שטוח 100</ManufacturerItemDescription><SoldByWeight/><Quantity>100.00</Quantity><UnitOfMeasure>גרם     </UnitOfMeasure><QtyInPackage>לא ידוע</QtyInPackage><UnitOfMeasurePrice>0.0540</UnitOfMeasurePrice><AllowDiscount>0</AllowDiscount><ItemStatus>1</ItemStatus><ItemPrice>5.40</ItemPrice></item><item><PriceUpdateDate>2016-02-16 10:18:30</PriceUpdateDate><ItemCode>7290000417653</ItemCode><ItemType>1</ItemType><ItemName>שוקולד פרה קרם נוגט</ItemName><ManufacturerName>פרה</ManufacturerName><ManufactureCountry>ישראל</ManufactureCountry><ManufacturerItemDescription>שוקולד פרה קרם נוגט 100 ג</ManufacturerItemDescription><SoldByWeight/><Quantity>100.00</Quantity><UnitOfMeasure>גרם     </UnitOfMeasure><QtyInPackage>לא ידוע</QtyInPackage><UnitOfMeasurePrice>0.0690</UnitOfMeasurePrice><AllowDiscount>0</AllowDiscount><ItemStatus>1</ItemStatus><ItemPrice>6.90</ItemPrice></item><item><PriceUpdateDate>2016-05-31 09:32:50</PriceUpdateDate><ItemCode>7290000417714</ItemCode><ItemType>1</ItemType><ItemName>בפלות שוקולד 1 ק"ג ע</ItemName><ManufacturerName>עלית</ManufacturerName><ManufactureCountry>ישראל</ManufactureCountry><ManufacturerItemDescription>בפלות שוקולד 1 ק"ג ע</ManufacturerItemDescription><SoldByWeight/><Quantity>1000.00</Quantity><UnitOfMeasure>גרם     </UnitOfMeasure><QtyInPackage>לא ידוע</QtyInPackage><UnitOfMeasurePrice>0.0193</UnitOfMeasurePrice><AllowDiscount>1</AllowDiscount><ItemStatus>1</ItemStatus><ItemPrice>19.30</ItemPrice></item><item><PriceUpdateDate>2016-05-31 09:32:51</PriceUpdateDate><ItemCode>7290000417738</ItemCode><ItemType>1</ItemType><ItemName>אבקת שוקולית 500 גרם</ItemName><ManufacturerName>שוקולית</ManufacturerName><ManufactureCountry>ישראל</ManufactureCountry><ManufacturerItemDescription>שוקולית עלית 500 גרם</ManufacturerItemDescription><SoldByWeight/><Quantity>500.00</Quantity><UnitOfMeasure>גרם     </UnitOfMeasure><QtyInPackage>לא ידוע</QtyInPackage><UnitOfMeasurePrice>0.0270</UnitOfMeasurePrice><AllowDiscount>1</AllowDiscount><ItemStatus>1</ItemStatus><ItemPrice>13.50</ItemPrice></item><item><PriceUpdateDate>2016-03-16 13:26:01</PriceUpdateDate><ItemCode>7290000417776</ItemCode><ItemType>1</ItemType><ItemName>קפה טורקי עלית בשקית</ItemName><ManufacturerName>עלית</ManufacturerName><ManufactureCountry>ישראל</ManufactureCountry><ManufacturerItemDescription>קפה טורקי בצלופן 100 גרם</ManufacturerItemDescription><SoldByWeight/><Quantity>100.00</Quantity><UnitOfMeasure>גרם     </UnitOfMeasure><QtyInPackage>לא ידוע</QtyInPackage><UnitOfMeasurePrice>0.0880</UnitOfMeasurePrice><AllowDiscount>0</AllowDiscount><ItemStatus>1</ItemStatus><ItemPrice>8.80</ItemPrice></item><item><PriceUpdateDate>2016-02-16 10:18:30</PriceUpdateDate><ItemCode>7290000417783</ItemCode><ItemType>1</ItemType><ItemName>קפה טורקי עלית עם הל</ItemName><ManufacturerName>טורקי עלית</ManufacturerName><ManufactureCountry>ישראל</ManufactureCountry><ManufacturerItemDescription>קפה עם הל 100 גר</ManufacturerItemDescription><SoldByWeight/><Quantity>100.00</Quantity><UnitOfMeasure>גרם     </UnitOfMeasure><QtyInPackage>לא ידוע</QtyInPackage><UnitOfMeasurePrice>0.0990</UnitOfMeasurePrice><AllowDiscount>1</AllowDiscount><ItemStatus>1</ItemStatus><ItemPrice>9.90</ItemPrice></item><item><PriceUpdateDate>2016-06-01 10:34:09</PriceUpdateDate><ItemCode>7290000417844</ItemCode><ItemType>1</ItemType><ItemName>קפה נמס עלית 50 גרם</ItemName><ManufacturerName>עלית נמס</ManufacturerName><ManufactureCountry>ישראל</ManufactureCountry><ManufacturerItemDescription>קפה נמס עלית 50 גר</ManufacturerItemDescription><SoldByWeight/><Quantity>14.00</Quantity><UnitOfMeasure>גרם     </UnitOfMeasure><QtyInPackage>לא ידוע</QtyInPackage><UnitOfMeasurePrice>0.7071</UnitOfMeasurePrice><AllowDiscount>0</AllowDiscount><ItemStatus>1</ItemStatus><ItemPrice>9.90</ItemPrice></item><item><PriceUpdateDate>2016-03-16 13:25:32</PriceUpdateDate><ItemCode>7290000417851</ItemCode><ItemType>1</ItemType><ItemName>קפה נמס עלית 200 גרם</ItemName><ManufacturerName>עלית נמס</ManufacturerName><ManufactureCountry>ישראל</ManufactureCountry><ManufacturerItemDescription>קפה נמס עלית פחית 200 גר</ManufacturerItemDescription><SoldByWeight/><Quantity>200.00</Quantity><UnitOfMeasure>גרם     </UnitOfMeasure><QtyInPackage>לא ידוע</QtyInPackage><UnitOfMeasurePrice>0.0995</UnitOfMeasurePrice><AllowDiscount>1</AllowDiscount><ItemStatus>1</ItemStatus><ItemPrice>19.90</ItemPrice></item><item><PriceUpdateDate>2016-05-31 09:30:21</PriceUpdateDate><ItemCode>7290000417905</ItemCode><ItemType>1</ItemType><ItemName>קפה טורקי עלית בואקו</ItemName><ManufacturerName>עלית</ManufacturerName><ManufactureCountry>ישראל</ManufactureCountry><ManufacturerItemDescription>קפה טורקי קלוי טחוןבואקום</ManufacturerItemDescription><SoldByWeight/><Quantity>200.00</Quantity><UnitOfMeasure>גרם     </UnitOfMeasure><QtyInPackage>לא ידוע</QtyInPackage><UnitOfMeasurePrice>0.0945</UnitOfMeasurePrice><AllowDiscount>1</AllowDiscount><ItemStatus>1</ItemStatus><ItemPrice>18.90</ItemPrice></item><item><PriceUpdateDate>2015-10-01 00:27:00</PriceUpdateDate><ItemCode>7290000417943</ItemCode><ItemType>1</ItemType><ItemName>חטיף תפוציפס טבעי 50</ItemName><ManufacturerName>תפוצ'יפס</ManufacturerName><ManufactureCountry>ישראל</ManufactureCountry><ManufacturerItemDescription>תפוציפס מלוח 50 גר</ManufacturerItemDescription><SoldByWeight/><Quantity>14.00</Quantity><UnitOfMeasure>גרם     </UnitOfMeasure><QtyInPackage>לא ידוע</QtyInPackage><UnitOfMeasurePrice>0.2786</UnitOfMeasurePrice><AllowDiscount>1</AllowDiscount><ItemStatus>1</ItemStatus><ItemPrice>3.90</ItemPrice></item><item><PriceUpdateDate>2016-06-27 19:05:11</PriceUpdateDate><ItemCode>7290000417967</ItemCode><ItemType>1</ItemType><ItemName>תפוצ'יפס טבעי 200 גר</ItemName><ManufacturerName>תפוצ'יפס</ManufacturerName><ManufactureCountry>ישראל</ManufactureCountry><ManufacturerItemDescription>תפוציפס מלוח 200 גר</ManufacturerItemDescription><SoldByWeight/><Quantity>200.00</Quantity><UnitOfMeasure>גרם     </UnitOfMeasure><QtyInPackage>לא ידוע</QtyInPackage><UnitOfMeasurePrice>0.0610</UnitOfMeasurePrice><AllowDiscount>1</AllowDiscount><ItemStatus>1</ItemStatus><ItemPrice>12.20</ItemPrice></item><item><PriceUpdateDate>2016-05-31 09:32:51</PriceUpdateDate><ItemCode>7290000418087</ItemCode><ItemType>1</ItemType><ItemName>נ.טואלט לילי קלאסיק</ItemName><ManufacturerName>לילי</ManufacturerName><ManufactureCountry>ישראל</ManufactureCountry><ManufacturerItemDescription>נייר טואלט לילי לבן 32 יח</ManufacturerItemDescription><SoldByWeight/><Quantity>589.00</Quantity><UnitOfMeasure>מטר</UnitOfMeasure><QtyInPackage>לא ידוע</QtyInPackage><UnitOfMeasurePrice>0.0657</UnitOfMeasurePrice><AllowDiscount>1</AllowDiscount><ItemStatus>1</ItemStatus><ItemPrice>38.70</ItemPrice></item><item><PriceUpdateDate>2016-08-02 06:30:48</PriceUpdateDate><ItemCode>7290000418094</ItemCode><ItemType>1</ItemType><ItemName>נייר טואלט לילי פסטל</ItemName><ManufacturerName>לילי</ManufacturerName><ManufactureCountry>ישראל</ManufactureCountry><ManufacturerItemDescription>נייר טואלט לילי פסטל</ManufacturerItemDescription><SoldByWeight/><Quantity>589.00</Quantity><UnitOfMeasure>מטר</UnitOfMeasure><QtyInPackage>לא ידוע</QtyInPackage><UnitOfMeasurePrice>0.0691</UnitOfMeasurePrice><AllowDiscount>1</AllowDiscount><ItemStatus>1</ItemStatus><ItemPrice>40.70</ItemPrice></item><item><PriceUpdateDate>2016-08-02 06:35:55</PriceUpdateDate><ItemCode>7290000418247</ItemCode><ItemType>1</ItemType><ItemName>מב מטלית הקסם לשיש נ</ItemName><ManufacturerName>ניקול</ManufacturerName><ManufactureCountry>סין</ManufactureCountry><ManufacturerItemDescription>דאודורנט        ורט50גרם</ManufacturerItemDescription><SoldByWeight/><Quantity>1.00</Quantity><UnitOfMeasure>יח'</UnitOfMeasure><QtyInPackage>לא ידוע</QtyInPackage><UnitOfMeasurePrice>5.0000</UnitOfMeasurePrice><AllowDiscount>1</AllowDiscount><ItemStatus>1</ItemStatus><ItemPrice>5.00</ItemPrice></item><item><PriceUpdateDate>2016-08-02 06:35:55</PriceUpdateDate><ItemCode>7290000418407</ItemCode><ItemType>1</ItemType><ItemName>מב מטליות לחות חד"פ</ItemName><ManufacturerName>ניקול</ManufacturerName><ManufactureCountry>ישראל</ManufactureCountry><ManufacturerItemDescription>מגבוני ניקול לניקוי כללי5</ManufacturerItemDescription><SoldByWeight/><Quantity>50.00</Quantity><UnitOfMeasure>יח'</UnitOfMeasure><QtyInPackage>לא ידוע</QtyInPackage><UnitOfMeasurePrice>0.2180</UnitOfMeasurePrice><AllowDiscount>1</AllowDiscount><ItemStatus>1</ItemStatus><ItemPrice>10.90</ItemPrice></item><item><PriceUpdateDate>2016-05-31 09:32:51</PriceUpdateDate><ItemCode>7290000418469</ItemCode><ItemType>1</ItemType><ItemName>אשפתון 60 שקיות ניקו</ItemName><ManufacturerName>ניקול</ManufacturerName><ManufactureCountry>ישראל</ManufactureCountry><ManufacturerItemDescription>ש.אשפה מתכלות 60 יח</ManufacturerItemDescription><SoldByWeight/><Quantity>60.00</Quantity><UnitOfMeasure>חב'</UnitOfMeasure><QtyInPackage>לא ידוע</QtyInPackage><UnitOfMeasurePrice>0.3650</UnitOfMeasurePrice><AllowDiscount>1</AllowDiscount><ItemStatus>1</ItemStatus><ItemPrice>21.90</ItemPrice></item><item><PriceUpdateDate>2016-05-01 07:22:43</PriceUpdateDate><ItemCode>7290000418513</ItemCode><ItemType>1</ItemType><ItemName>מפיות ניקול 3  שכבות</ItemName><ManufacturerName>ניקול</ManufacturerName><ManufactureCountry>ישראל</ManufactureCountry><ManufacturerItemDescription>מפיות ניקול 3  שכבות</ManufacturerItemDescription><SoldByWeight/><Quantity>20.00</Quantity><UnitOfMeasure>חב'</UnitOfMeasure><QtyInPackage>לא ידוע</QtyInPackage><UnitOfMeasurePrice>0.5750</UnitOfMeasurePrice><AllowDiscount>1</AllowDiscount><ItemStatus>1</ItemStatus><ItemPrice>11.50</ItemPrice></item><item><PriceUpdateDate>2015-11-17 07:37:12</PriceUpdateDate><ItemCode>7290000418711</ItemCode><ItemType>1</ItemType><ItemName>תחבושות לילי אינטרלו</ItemName><ManufacturerName>לילי</ManufacturerName><ManufactureCountry>ישראל</ManufactureCountry><ManufacturerItemDescription>תחבושות לילי אינטרלו</ManufacturerItemDescription><SoldByWeight/><Quantity>50.00</Quantity><UnitOfMeasure>בודד</UnitOfMeasure><QtyInPackage>לא ידוע</QtyInPackage><UnitOfMeasurePrice>0.2500</UnitOfMeasurePrice><AllowDiscount>1</AllowDiscount><ItemStatus>1</ItemStatus><ItemPrice>12.50</ItemPrice></item><item><PriceUpdateDate>2016-01-05 06:03:08</PriceUpdateDate><ItemCode>7290000418797</ItemCode><ItemType>1</ItemType><ItemName>מגן תחתון  לילי לונג</ItemName><ManufacturerName>לילי</ManufacturerName><ManufactureCountry>ישראל</ManufactureCountry><ManufacturerItemDescription>מגן תחתון  לילי לונג</ManufacturerItemDescription><SoldByWeight/><Quantity>52.00</Quantity><UnitOfMeasure>בודד</UnitOfMeasure><QtyInPackage>לא ידוע</QtyInPackage><UnitOfMeasurePrice>0.3788</UnitOfMeasurePrice><AllowDiscount>1</AllowDiscount><ItemStatus>1</ItemStatus><ItemPrice>19.70</ItemPrice></item><item><PriceUpdateDate>2016-01-05 06:03:08</PriceUpdateDate><ItemCode>7290000418872</ItemCode><ItemType>1</ItemType><ItemName>תחבושות לילי נורמל 2</ItemName><ManufacturerName>לא ידוע</ManufacturerName><ManufactureCountry>ישראל</ManufactureCountry><ManufacturerItemDescription>תחבושות לילי נורמל 2</ManufacturerItemDescription><SoldByWeight/><Quantity>24.00</Quantity><UnitOfMeasure>בודד</UnitOfMeasure><QtyInPackage>לא ידוע</QtyInPackage><UnitOfMeasurePrice>0.8208</UnitOfMeasurePrice><AllowDiscount>1</AllowDiscount><ItemStatus>1</ItemStatus><ItemPrice>19.70</ItemPrice></item><item><PriceUpdateDate>2016-06-27 19:05:11</PriceUpdateDate><ItemCode>7290000419190</ItemCode><ItemType>1</ItemType><ItemName>זוג מפות שולחן חד"פ</ItemName><ManufacturerName>ניקול</ManufacturerName><ManufactureCountry>ישראל</ManufactureCountry><ManufacturerItemDescription>מפות ניקול זוג</ManufacturerItemDescription><SoldByWeight/><Quantity>2.00</Quantity><UnitOfMeasure>יח'</UnitOfMeasure><QtyInPackage>לא ידוע</QtyInPackage><UnitOfMeasurePrice>7.6000</UnitOfMeasurePrice><AllowDiscount>1</AllowDiscount><ItemStatus>1</ItemStatus><ItemPrice>15.20</ItemPrice></item><item><PriceUpdateDate>2016-08-02 06:35:55</PriceUpdateDate><ItemCode>7290000419350</ItemCode><ItemType>1</ItemType><ItemName>מב זוג ניילון נצמד נ</ItemName><ManufacturerName>ניקול</ManufacturerName><ManufactureCountry>ישראל</ManufactureCountry><ManufacturerItemDescription>ניילונית ניקול זוג</ManufacturerItemDescription><SoldByWeight/><Quantity>60.00</Quantity><UnitOfMeasure>מטר</UnitOfMeasure><QtyInPackage>לא ידוע</QtyInPackage><UnitOfMeasurePrice>0.1817</UnitOfMeasurePrice><AllowDiscount>1</AllowDiscount><ItemStatus>1</ItemStatus><ItemPrice>10.90</ItemPrice></item><item><PriceUpdateDate>2016-05-05 12:30:10</PriceUpdateDate><ItemCode>7290000419558</ItemCode><ItemType>1</ItemType><ItemName>מטליות רב שימושי ניק</ItemName><ManufacturerName>ניקול</ManufacturerName><ManufactureCountry>ישראל</ManufactureCountry><ManufacturerItemDescription>מטלית ניקול</ManufacturerItemDescription><SoldByWeight/><Quantity>1.00</Quantity><UnitOfMeasure>יח'</UnitOfMeasure><QtyInPackage>לא ידוע</QtyInPackage><UnitOfMeasurePrice>10.9000</UnitOfMeasurePrice><AllowDiscount>1</AllowDiscount><ItemStatus>1</ItemStatus><ItemPrice>10.90</ItemPrice></item><item><PriceUpdateDate>2016-08-02 06:35:55</PriceUpdateDate><ItemCode>7290000419572</ItemCode><ItemType>1</ItemType><ItemName>מב מטליות רב שימושיו</ItemName><ManufacturerName>ניקול</ManufacturerName><ManufactureCountry>ישראל</ManufactureCountry><ManufacturerItemDescription>מב מטליות רב שימושיו</ManufacturerItemDescription><SoldByWeight/><Quantity>40.00</Quantity><UnitOfMeasure>חב'</UnitOfMeasure><QtyInPackage>לא ידוע</QtyInPackage><UnitOfMeasurePrice>0.4225</UnitOfMeasurePrice><AllowDiscount>1</AllowDiscount><ItemStatus>1</ItemStatus><ItemPrice>16.90</ItemPrice></item><item><PriceUpdateDate>2016-08-02 06:35:55</PriceUpdateDate><ItemCode>7290000419589</ItemCode><ItemType>1</ItemType><ItemName>מב ניקול ספוגית הקסם</ItemName><ManufacturerName>ניקול</ManufacturerName><ManufactureCountry>ישראל</ManufactureCountry><ManufacturerItemDescription>ספוגית הקסם</ManufacturerItemDescription><SoldByWeight/><Quantity>0.00</Quantity><UnitOfMeasure>יח'</UnitOfMeasure><QtyInPackage>לא ידוע</QtyInPackage><UnitOfMeasurePrice>0.0000</UnitOfMeasurePrice><AllowDiscount>1</AllowDiscount><ItemStatus>1</ItemStatus><ItemPrice>10.90</ItemPrice></item><item><PriceUpdateDate>2016-08-02 06:30:48</PriceUpdateDate><ItemCode>7290000419633</ItemCode><ItemType>1</ItemType><ItemName>מלווח מעדנות 700 גרם</ItemName><ManufacturerName>מעדנות</ManufacturerName><ManufactureCountry>ישראל</ManufactureCountry><ManufacturerItemDescription>מלווח 700 גר</ManufacturerItemDescription><SoldByWeight/><Quantity>700.00</Quantity><UnitOfMeasure>גרם     </UnitOfMeasure><QtyInPackage>לא ידוע</QtyInPackage><UnitOfMeasurePrice>0.0270</UnitOfMeasurePrice><AllowDiscount>1</AllowDiscount><ItemStatus>1</ItemStatus><ItemPrice>18.90</ItemPrice></item><item><PriceUpdateDate>2016-08-02 06:30:48</PriceUpdateDate><ItemCode>7290000419657</ItemCode><ItemType>1</ItemType><ItemName>בורקס תפו"א מעדנות 8</ItemName><ManufacturerName>מעדנות</ManufacturerName><ManufactureCountry>ישראל</ManufactureCountry><ManufacturerItemDescription>בורקס תפוא800 גר .יחידה</ManufacturerItemDescription><SoldByWeight/><Quantity>800.00</Quantity><UnitOfMeasure>גרם     </UnitOfMeasure><QtyInPackage>לא ידוע</QtyInPackage><UnitOfMeasurePrice>0.0308</UnitOfMeasurePrice><AllowDiscount>1</AllowDiscount><ItemStatus>1</ItemStatus><ItemPrice>24.60</ItemPrice></item><item><PriceUpdateDate>2016-02-08 07:25:29</PriceUpdateDate><ItemCode>7290000420004</ItemCode><ItemType>1</ItemType><ItemName>אבקת כביסה סוד שושן</ItemName><ManufacturerName>סוד</ManufacturerName><ManufactureCountry>ישראל</ManufactureCountry><ManufacturerItemDescription>אבקת כביסה סוד שושן</ManufacturerItemDescription><SoldByWeight/><Quantity>1250.00</Quantity><UnitOfMeasure>גרם     </UnitOfMeasure><QtyInPackage>לא ידוע</QtyInPackage><UnitOfMeasurePrice>0.0119</UnitOfMeasurePrice><AllowDiscount>1</AllowDiscount><ItemStatus>1</ItemStatus><ItemPrice>14.90</ItemPrice></item><item><PriceUpdateDate>2016-02-08 07:25:29</PriceUpdateDate><ItemCode>7290000420011</ItemCode><ItemType>1</ItemType><ItemName>אבקת כביסה סוד לבנדר</ItemName><ManufacturerName>סוד</ManufacturerName><ManufactureCountry>ישראל</ManufactureCountry><ManufacturerItemDescription>אבקת כביסה סוד לבנדר</ManufacturerItemDescription><SoldByWeight/><Quantity>1250.00</Quantity><UnitOfMeasure>גרם     </UnitOfMeasure><QtyInPackage>לא ידוע</QtyInPackage><UnitOfMeasurePrice>0.0119</UnitOfMeasurePrice><AllowDiscount>1</AllowDiscount><ItemStatus>1</ItemStatus><ItemPrice>14.90</ItemPrice></item><item><PriceUpdateDate>2016-02-08 07:25:29</PriceUpdateDate><ItemCode>7290000420028</ItemCode><ItemType>1</ItemType><ItemName>אבקת כביסה סוד קולור</ItemName><ManufacturerName>סוד</ManufacturerName><ManufactureCountry>ישראל</ManufactureCountry><ManufacturerItemDescription>אבקת כביסה סוד קולור</ManufacturerItemDescription><SoldByWeight/><Quantity>1250.00</Quantity><UnitOfMeasure>גרם     </UnitOfMeasure><QtyInPackage>לא ידוע</QtyInPackage><UnitOfMeasurePrice>0.0119</UnitOfMeasurePrice><AllowDiscount>1</AllowDiscount><ItemStatus>1</ItemStatus><ItemPrice>14.90</ItemPrice></item><item><PriceUpdateDate>2016-08-02 06:35:55</PriceUpdateDate><ItemCode>7290000420134</ItemCode><ItemType>1</ItemType><ItemName>מב מרכך כביסה סוד כח</ItemName><ManufacturerName>סוד</ManufacturerName><ManufactureCountry>ישראל</ManufactureCountry><ManufacturerItemDescription>מב מרכך כביסה סוד כח</ManufacturerItemDescription><SoldByWeight/><Quantity>4000.00</Quantity><UnitOfMeasure>מ"ל</UnitOfMeasure><QtyInPackage>לא ידוע</QtyInPackage><UnitOfMeasurePrice>0.0042</UnitOfMeasurePrice><AllowDiscount>1</AllowDiscount><ItemStatus>1</ItemStatus><ItemPrice>16.90</ItemPrice></item><item><PriceUpdateDate>2016-02-16 10:18:30</PriceUpdateDate><ItemCode>7290000420165</ItemCode><ItemType>1</ItemType><ItemName>שוקולד פרה חלב עם פצ</ItemName><ManufacturerName>פרה</ManufacturerName><ManufactureCountry>ישראל</ManufactureCountry><ManufacturerItemDescription>שוקולד חלב פרה+פצפוצי אור</ManufacturerItemDescription><SoldByWeight/><Quantity>100.00</Quantity><UnitOfMeasure>גרם     </UnitOfMeasure><QtyInPackage>לא ידוע</QtyInPackage><UnitOfMeasurePrice>0.0690</UnitOfMeasurePrice><AllowDiscount>0</AllowDiscount><ItemStatus>1</ItemStatus><ItemPrice>6.90</ItemPrice></item><item><PriceUpdateDate>2016-08-02 06:30:48</PriceUpdateDate><ItemCode>7290000420172</ItemCode><ItemType>1</ItemType><ItemName>נייר טואלט מולט 32 ג</ItemName><ManufacturerName>מולט</ManufacturerName><ManufactureCountry>ישראל</ManufactureCountry><ManufacturerItemDescription>נ.ט.מולט לבבות 32 יחידות</ManufacturerItemDescription><SoldByWeight/><Quantity>0.00</Quantity><UnitOfMeasure>יח'</UnitOfMeasure><QtyInPackage>לא ידוע</QtyInPackage><UnitOfMeasurePrice>0.0000</UnitOfMeasurePrice><AllowDiscount>1</AllowDiscount><ItemStatus>1</ItemStatus><ItemPrice>32.00</ItemPrice></item><item><PriceUpdateDate>2016-08-02 06:35:56</PriceUpdateDate><ItemCode>7290000420196</ItemCode><ItemType>1</ItemType><ItemName>מב נייר טואלט מולט ל</ItemName><ManufacturerName>מולט</ManufacturerName><ManufactureCountry>ישראל</ManufactureCountry><ManufacturerItemDescription>נייר טואלט מולט לבבות</ManufacturerItemDescription><SoldByWeight/><Quantity>736.00</Quantity><UnitOfMeasure>מטר</UnitOfMeasure><QtyInPackage>לא ידוע</QtyInPackage><UnitOfMeasurePrice>0.0447</UnitOfMeasurePrice><AllowDiscount>1</AllowDiscount><ItemStatus>1</ItemStatus><ItemPrice>32.90</ItemPrice></item><item><PriceUpdateDate>2016-05-31 09:33:33</PriceUpdateDate><ItemCode>7290000420325</ItemCode><ItemType>1</ItemType><ItemName>מב פופקורן למיקרו 50</ItemName><ManufacturerName>פופ סטאר</ManufacturerName><ManufactureCountry>ארצות הברית</ManufactureCountry><ManufacturerItemDescription>מרכך בדין אקסטרא הדבש960</ManufacturerItemDescription><SoldByWeight/><Quantity>500.00</Quantity><UnitOfMeasure>גרם     </UnitOfMeasure><QtyInPackage>לא ידוע</QtyInPackage><UnitOfMeasurePrice>0.0258</UnitOfMeasurePrice><AllowDiscount>1</AllowDiscount><ItemStatus>1</ItemStatus><ItemPrice>12.90</ItemPrice></item><item><PriceUpdateDate>2016-05-31 09:33:33</PriceUpdateDate><ItemCode>7290000420417</ItemCode><ItemType>1</ItemType><ItemName>גלילונית 52*65 60 יח</ItemName><ManufacturerName>גלילונית</ManufacturerName><ManufactureCountry>ישראל</ManufactureCountry><ManufacturerItemDescription>גלילונית 52*65 60 יח</ManufacturerItemDescription><SoldByWeight/><Quantity>60.00</Quantity><UnitOfMeasure>בודד</UnitOfMeasure><QtyInPackage>לא ידוע</QtyInPackage><UnitOfMeasurePrice>0.3283</UnitOfMeasurePrice><AllowDiscount>1</AllowDiscount><ItemStatus>1</ItemStatus><ItemPrice>19.70</ItemPrice></item><item><PriceUpdateDate>2016-05-31 09:32:51</PriceUpdateDate><ItemCode>7290000420554</ItemCode><ItemType>1</ItemType><ItemName>מיץ לימון טבעי עסיס</ItemName><ManufacturerName>עסיס</ManufacturerName><ManufactureCountry>ישראל</ManufactureCountry><ManufacturerItemDescription>מיץ לימון טבעי עסיס</ManufacturerItemDescription><SoldByWeight/><Quantity>1000.00</Quantity><UnitOfMeasure>מ"ל</UnitOfMeasure><QtyInPackage>לא ידוע</QtyInPackage><UnitOfMeasurePrice>0.0094</UnitOfMeasurePrice><AllowDiscount>1</AllowDiscount><ItemStatus>1</ItemStatus><ItemPrice>9.40</ItemPrice></item><item><PriceUpdateDate>2016-03-16 13:26:02</PriceUpdateDate><ItemCode>7290000420561</ItemCode><ItemType>1</ItemType><ItemName>חומץ עסיס 1 ליטר</ItemName><ManufacturerName>עסיס</ManufacturerName><ManufactureCountry>ישראל</ManufactureCountry><ManufacturerItemDescription>חומץ עסיס 1 ליטר</ManufacturerItemDescription><SoldByWeight/><Quantity>1000.00</Quantity><UnitOfMeasure>מ"ל</UnitOfMeasure><QtyInPackage>לא ידוע</QtyInPackage><UnitOfMeasurePrice>0.0069</UnitOfMeasurePrice><AllowDiscount>1</AllowDiscount><ItemStatus>1</ItemStatus><ItemPrice>6.90</ItemPrice></item><item><PriceUpdateDate>2015-10-01 00:27:00</PriceUpdateDate><ItemCode>7290000420578</ItemCode><ItemType>1</ItemType><ItemName>קוקה קולה 1.5 ליטר</ItemName><ManufacturerName>קוקה קולה</ManufacturerName><ManufactureCountry>ישראל</ManufactureCountry><ManufacturerItemDescription>קוקה קולה 1.5 ליטר</ManufacturerItemDescription><SoldByWeight/><Quantity>1500.00</Quantity><UnitOfMeasure>מ"ל</UnitOfMeasure><QtyInPackage>לא ידוע</QtyInPackage><UnitOfMeasurePrice>0.0043</UnitOfMeasurePrice><AllowDiscount>1</AllowDiscount><ItemStatus>1</ItemStatus><ItemPrice>6.40</ItemPrice></item><item><PriceUpdateDate>2016-05-31 09:32:51</PriceUpdateDate><ItemCode>7290000420608</ItemCode><ItemType>1</ItemType><ItemName>קוקה קולה דיאט 1.5 ל</ItemName><ManufacturerName>דיאט קוקה קולה</ManufacturerName><ManufactureCountry>ישראל</ManufactureCountry><ManufacturerItemDescription>קולה דיאט 1.5 ל</ManufacturerItemDescription><SoldByWeight/><Quantity>1500.00</Quantity><UnitOfMeasure>מ"ל</UnitOfMeasure><QtyInPackage>לא ידוע</QtyInPackage><UnitOfMeasurePrice>0.0043</UnitOfMeasurePrice><AllowDiscount>1</AllowDiscount><ItemStatus>1</ItemStatus><ItemPrice>6.40</ItemPrice></item><item><PriceUpdateDate>2016-03-16 13:26:02</PriceUpdateDate><ItemCode>7290000420622</ItemCode><ItemType>1</ItemType><ItemName>קוקה קולה נטול קופאי</ItemName><ManufacturerName>דיאט קולה נטול קופאי</ManufacturerName><ManufactureCountry>ישראל</ManufactureCountry><ManufacturerItemDescription>קולה דיאט נטול קפאין 1.5</ManufacturerItemDescription><SoldByWeight/><Quantity>1500.00</Quantity><UnitOfMeasure>מ"ל</UnitOfMeasure><QtyInPackage>לא ידוע</QtyInPackage><UnitOfMeasurePrice>0.0046</UnitOfMeasurePrice><AllowDiscount>1</AllowDiscount><ItemStatus>1</ItemStatus><ItemPrice>6.90</ItemPrice></item><item><PriceUpdateDate>2015-11-17 07:37:13</PriceUpdateDate><ItemCode>7290000420660</ItemCode><ItemType>1</ItemType><ItemName>נקניקיה וינר מן הצומ</ItemName><ManufacturerName>טבעול</ManufacturerName><ManufactureCountry>ישראל</ManufactureCountry><ManufacturerItemDescription>נקניקיה וינר מן הצומ</ManufacturerItemDescription><SoldByWeight/><Quantity>750.00</Quantity><UnitOfMeasure>גרם     </UnitOfMeasure><QtyInPackage>לא ידוע</QtyInPackage><UnitOfMeasurePrice>0.0508</UnitOfMeasurePrice><AllowDiscount>1</AllowDiscount><ItemStatus>1</ItemStatus><ItemPrice>38.10</ItemPrice></item><item><PriceUpdateDate>2016-02-01 20:37:27</PriceUpdateDate><ItemCode>7290000420707</ItemCode><ItemType>1</ItemType><ItemName>שניצל ברוקולי 750 גר</ItemName><ManufacturerName>טבעול</ManufacturerName><ManufactureCountry>ישראל</ManufactureCountry><ManufacturerItemDescription>שניצל ברוקולי 750 ג</ManufacturerItemDescription><SoldByWeight/><Quantity>750.00</Quantity><UnitOfMeasure>גרם     </UnitOfMeasure><QtyInPackage>לא ידוע</QtyInPackage><UnitOfMeasurePrice>0.0481</UnitOfMeasurePrice><AllowDiscount>1</AllowDiscount><ItemStatus>1</ItemStatus><ItemPrice>36.10</ItemPrice></item><item><PriceUpdateDate>2016-03-29 06:06:06</PriceUpdateDate><ItemCode>7290000420721</ItemCode><ItemType>1</ItemType><ItemName>שניצל תירס 750 גרם</ItemName><ManufacturerName>טבעול</ManufacturerName><ManufactureCountry>ישראל</ManufactureCountry><ManufacturerItemDescription>שניצל תירס 750 גרם טבעול</ManufacturerItemDescription><SoldByWeight/><Quantity>750.00</Quantity><UnitOfMeasure>גרם     </UnitOfMeasure><QtyInPackage>לא ידוע</QtyInPackage><UnitOfMeasurePrice>0.0372</UnitOfMeasurePrice><AllowDiscount>1</AllowDiscount><ItemStatus>1</ItemStatus><ItemPrice>27.90</ItemPrice></item><item><PriceUpdateDate>2016-02-08 07:25:29</PriceUpdateDate><ItemCode>7290000420738</ItemCode><ItemType>1</ItemType><ItemName>שניצל תרד 750 גרם</ItemName><ManufacturerName>טבעול</ManufacturerName><ManufactureCountry>ישראל</ManufactureCountry><ManufacturerItemDescription>שניצל תרד 750 ג</ManufacturerItemDescription><SoldByWeight/><Quantity>750.00</Quantity><UnitOfMeasure>גרם     </UnitOfMeasure><QtyInPackage>לא ידוע</QtyInPackage><UnitOfMeasurePrice>0.0465</UnitOfMeasurePrice><AllowDiscount>1</AllowDiscount><ItemStatus>1</ItemStatus><ItemPrice>34.90</ItemPrice></item><item><PriceUpdateDate>2016-08-10 11:21:38</PriceUpdateDate><ItemCode>7290000420967</ItemCode><ItemType>1</ItemType><ItemName>עוגיות זהבה שוקו 250</ItemName><ManufacturerName>אסם</ManufacturerName><ManufactureCountry>ישראל</ManufactureCountry><ManufacturerItemDescription>ביסקוויט זהבה ושלשת הדובי</ManufacturerItemDescription><SoldByWeight/><Quantity>250.00</Quantity><UnitOfMeasure>גרם     </UnitOfMeasure><QtyInPackage>לא ידוע</QtyInPackage><UnitOfMeasurePrice>0.0376</UnitOfMeasurePrice><AllowDiscount>1</AllowDiscount><ItemStatus>1</ItemStatus><ItemPrice>9.40</ItemPrice></item><item><PriceUpdateDate>2015-11-17 07:37:13</PriceUpdateDate><ItemCode>7290000420998</ItemCode><ItemType>1</ItemType><ItemName>אטריות נודלס מסולסלו</ItemName><ManufacturerName>אסם נודלס</ManufacturerName><ManufactureCountry>ישראל</ManufactureCountry><ManufacturerItemDescription>אטריות נודלס    לסל200גר</ManufacturerItemDescription><SoldByWeight/><Quantity>200.00</Quantity><UnitOfMeasure>גרם     </UnitOfMeasure><QtyInPackage>לא ידוע</QtyInPackage><UnitOfMeasurePrice>0.0615</UnitOfMeasurePrice><AllowDiscount>1</AllowDiscount><ItemStatus>1</ItemStatus><ItemPrice>12.30</ItemPrice></item><item><PriceUpdateDate>2015-11-17 07:37:13</PriceUpdateDate><ItemCode>7290000421018</ItemCode><ItemType>1</ItemType><ItemName>ציר בקר 300 גרם</ItemName><ManufacturerName>קנור</ManufacturerName><ManufactureCountry>ישראל</ManufactureCountry><ManufacturerItemDescription>ציר בקר קנור 300 גרם</ManufacturerItemDescription><SoldByWeight/><Quantity>300.00</Quantity><UnitOfMeasure>מ"ל</UnitOfMeasure><QtyInPackage>לא ידוע</QtyInPackage><UnitOfMeasurePrice>0.0930</UnitOfMeasurePrice><AllowDiscount>1</AllowDiscount><ItemStatus>1</ItemStatus><ItemPrice>27.90</ItemPrice></item><item><PriceUpdateDate>2016-08-02 06:35:56</PriceUpdateDate><ItemCode>7290000421186</ItemCode><ItemType>1</ItemType><ItemName>מב סודה טמפו 1.5 ליט</ItemName><ManufacturerName>טמפו</ManufacturerName><ManufactureCountry>ישראל</ManufactureCountry><ManufacturerItemDescription>סודה 1.5 ל</ManufacturerItemDescription><SoldByWeight/><Quantity>1500.00</Quantity><UnitOfMeasure>מ"ל</UnitOfMeasure><QtyInPackage>לא ידוע</QtyInPackage><UnitOfMeasurePrice>0.0019</UnitOfMeasurePrice><AllowDiscount>1</AllowDiscount><ItemStatus>1</ItemStatus><ItemPrice>2.90</ItemPrice></item><item><PriceUpdateDate>2015-11-17 07:37:14</PriceUpdateDate><ItemCode>7290000421247</ItemCode><ItemType>1</ItemType><ItemName>תפוגן מארז שלישיה 37</ItemName><ManufacturerName>תפוגן</ManufacturerName><ManufactureCountry>ישראל</ManufactureCountry><ManufacturerItemDescription>מארז ציפס למיקרו שלישייה</ManufacturerItemDescription><SoldByWeight/><Quantity>375.00</Quantity><UnitOfMeasure>גרם     </UnitOfMeasure><QtyInPackage>לא ידוע</QtyInPackage><UnitOfMeasurePrice>0.0499</UnitOfMeasurePrice><AllowDiscount>1</AllowDiscount><ItemStatus>1</ItemStatus><ItemPrice>18.70</ItemPrice></item><item><PriceUpdateDate>2016-03-29 06:06:06</PriceUpdateDate><ItemCode>7290000421315</ItemCode><ItemType>1</ItemType><ItemName>טבעות בצל 700 גרם</ItemName><ManufacturerName>תפוגן</ManufacturerName><ManufactureCountry>ישראל</ManufactureCountry><ManufacturerItemDescription>טבעות בצל 700  גר</ManufacturerItemDescription><SoldByWeight/><Quantity>700.00</Quantity><UnitOfMeasure>גרם     </UnitOfMeasure><QtyInPackage>לא ידוע</QtyInPackage><UnitOfMeasurePrice>0.0296</UnitOfMeasurePrice><AllowDiscount>1</AllowDiscount><ItemStatus>1</ItemStatus><ItemPrice>20.70</ItemPrice></item><item><PriceUpdateDate>2015-11-17 07:37:14</PriceUpdateDate><ItemCode>7290000421353</ItemCode><ItemType>1</ItemType><ItemName>תפוגן אמריקן ציפס 1</ItemName><ManufacturerName>תפוגן</ManufacturerName><ManufactureCountry>ישראל</ManufactureCountry><ManufacturerItemDescription>אמריקן צייפס 750   1-2-3</ManufacturerItemDescription><SoldByWeight/><Quantity>750.00</Quantity><UnitOfMeasure>גרם     </UnitOfMeasure><QtyInPackage>לא ידוע</QtyInPackage><UnitOfMeasurePrice>0.0387</UnitOfMeasurePrice><AllowDiscount>1</AllowDiscount><ItemStatus>1</ItemStatus><ItemPrice>29.00</ItemPrice></item><item><PriceUpdateDate>2015-11-17 07:37:14</PriceUpdateDate><ItemCode>7290000421360</ItemCode><ItemType>1</ItemType><ItemName>תרכיז סיידר טבעי 330</ItemName><ManufacturerName>סיידר</ManufacturerName><ManufactureCountry>ישראל</ManufactureCountry><ManufacturerItemDescription>סיידר תרכיז 330 בקבוק</ManufacturerItemDescription><SoldByWeight/><Quantity>330.00</Quantity><UnitOfMeasure>מ"ל</UnitOfMeasure><QtyInPackage>לא ידוע</QtyInPackage><UnitOfMeasurePrice>0.0388</UnitOfMeasurePrice><AllowDiscount>1</AllowDiscount><ItemStatus>1</ItemStatus><ItemPrice>12.80</ItemPrice></item><item><PriceUpdateDate>2016-05-31 09:32:51</PriceUpdateDate><ItemCode>7290000421384</ItemCode><ItemType>1</ItemType><ItemName>מרכך כביסה בדין ורוד</ItemName><ManufacturerName>בדין</ManufacturerName><ManufactureCountry>ישראל</ManufactureCountry><ManufacturerItemDescription>מרכך כביסה בדין ורוד</ManufacturerItemDescription><SoldByWeight/><Quantity>4000.00</Quantity><UnitOfMeasure>מ"ל</UnitOfMeasure><QtyInPackage>לא ידוע</QtyInPackage><UnitOfMeasurePrice>0.0050</UnitOfMeasurePrice><AllowDiscount>1</AllowDiscount><ItemStatus>1</ItemStatus><ItemPrice>19.90</ItemPrice></item><item><PriceUpdateDate>2015-01-27 06:47:22</PriceUpdateDate><ItemCode>7290000421414</ItemCode><ItemType>1</ItemType><ItemName>משחת כלים קלין לימון</ItemName><ManufacturerName>סיף</ManufacturerName><ManufactureCountry>ישראל</ManufactureCountry><ManufacturerItemDescription>משחת כלים קלין לימון</ManufacturerItemDescription><SoldByWeight/><Quantity>500.00</Quantity><UnitOfMeasure>מ"ל</UnitOfMeasure><QtyInPackage>לא ידוע</QtyInPackage><UnitOfMeasurePrice>0.0224</UnitOfMeasurePrice><AllowDiscount>1</AllowDiscount><ItemStatus>1</ItemStatus><ItemPrice>11.20</ItemPrice></item><item><PriceUpdateDate>2016-05-31 09:32:51</PriceUpdateDate><ItemCode>7290000421476</ItemCode><ItemType>1</ItemType><ItemName>מרכך כביסה בדין כחול</ItemName><ManufacturerName>בדין</ManufacturerName><ManufactureCountry>ישראל</ManufactureCountry><ManufacturerItemDescription>מרכך כביסה בדין כחול</ManufacturerItemDescription><SoldByWeight/><Quantity>4000.00</Quantity><UnitOfMeasure>מ"ל</UnitOfMeasure><QtyInPackage>לא ידוע</QtyInPackage><UnitOfMeasurePrice>0.0050</UnitOfMeasurePrice><AllowDiscount>1</AllowDiscount><ItemStatus>1</ItemStatus><ItemPrice>19.90</ItemPrice></item><item><PriceUpdateDate>2016-08-02 06:30:48</PriceUpdateDate><ItemCode>7290000421735</ItemCode><ItemType>1</ItemType><ItemName>מב נקניקיות עוף 1 ק"</ItemName><ManufacturerName>טירת צבי</ManufacturerName><ManufactureCountry>ישראל</ManufactureCountry><ManufacturerItemDescription>נקניקיות עוף 1 קג</ManufacturerItemDescription><SoldByWeight/><Quantity>1000.00</Quantity><UnitOfMeasure>גרם     </UnitOfMeasure><QtyInPackage>לא ידוע</QtyInPackage><UnitOfMeasurePrice>0.0280</UnitOfMeasurePrice><AllowDiscount>1</AllowDiscount><ItemStatus>1</ItemStatus><ItemPrice>28.00</ItemPrice></item><item><PriceUpdateDate>2016-08-02 06:30:48</PriceUpdateDate><ItemCode>7290000421988</ItemCode><ItemType>1</ItemType><ItemName>מב נקניק צמד כפרי 80</ItemName><ManufacturerName>טירת צבי</ManufacturerName><ManufactureCountry>ישראל</ManufactureCountry><ManufacturerItemDescription>צמד כפרי 800 גר</ManufacturerItemDescription><SoldByWeight/><Quantity>800.00</Quantity><UnitOfMeasure>גרם     </UnitOfMeasure><QtyInPackage>לא ידוע</QtyInPackage><UnitOfMeasurePrice>0.0374</UnitOfMeasurePrice><AllowDiscount>1</AllowDiscount><ItemStatus>1</ItemStatus><ItemPrice>29.90</ItemPrice></item><item><PriceUpdateDate>2015-10-13 09:47:41</PriceUpdateDate><ItemCode>7290000422091</ItemCode><ItemType>1</ItemType><ItemName>דנונה טבעי 3% 200 גר</ItemName><ManufacturerName>דנונה</ManufacturerName><ManufactureCountry>ישראל</ManufactureCountry><ManufacturerItemDescription>דנונה 200 3%- גרם</ManufacturerItemDescription><SoldByWeight/><Quantity>200.00</Quantity><UnitOfMeasure>גרם     </UnitOfMeasure><QtyInPackage>לא ידוע</QtyInPackage><UnitOfMeasurePrice>0.0200</UnitOfMeasurePrice><AllowDiscount>1</AllowDiscount><ItemStatus>1</ItemStatus><ItemPrice>4.00</ItemPrice></item><item><PriceUpdateDate>2016-03-16 13:25:32</PriceUpdateDate><ItemCode>7290000422107</ItemCode><ItemType>1</ItemType><ItemName>דנונה בר עם פצפוצי ש</ItemName><ManufacturerName>דנונה</ManufacturerName><ManufactureCountry>ישראל</ManufactureCountry><ManufacturerItemDescription>דנונה+דגנים שוקולד200 1/2</ManufacturerItemDescription><SoldByWeight/><Quantity>173.00</Quantity><UnitOfMeasure>גרם     </UnitOfMeasure><QtyInPackage>לא ידוע</QtyInPackage><UnitOfMeasurePrice>0.0260</UnitOfMeasurePrice><AllowDiscount>1</AllowDiscount><ItemStatus>1</ItemStatus><ItemPrice>4.50</ItemPrice></item><item><PriceUpdateDate>2016-08-10 11:21:58</PriceUpdateDate><ItemCode>7290000422312</ItemCode><ItemType>1</ItemType><ItemName>פפסי קולה 1.5 ליטר</ItemName><ManufacturerName>פפסי</ManufacturerName><ManufactureCountry>ישראל</ManufactureCountry><ManufacturerItemDescription>פפסי קולה 1.5  ל</ManufacturerItemDescription><SoldByWeight/><Quantity>1500.00</Quantity><UnitOfMeasure>מ"ל</UnitOfMeasure><QtyInPackage>לא ידוע</QtyInPackage><UnitOfMeasurePrice>0.0046</UnitOfMeasurePrice><AllowDiscount>0</AllowDiscount><ItemStatus>1</ItemStatus><ItemPrice>6.90</ItemPrice></item><item><PriceUpdateDate>2016-08-10 11:21:58</PriceUpdateDate><ItemCode>7290000422329</ItemCode><ItemType>1</ItemType><ItemName>סבן אפ 1.5 ליטר</ItemName><ManufacturerName>7 אפ</ManufacturerName><ManufactureCountry>ישראל</ManufactureCountry><ManufacturerItemDescription>פפסי סבנאפ 1.5  ל</ManufacturerItemDescription><SoldByWeight/><Quantity>1500.00</Quantity><UnitOfMeasure>מ"ל</UnitOfMeasure><QtyInPackage>לא ידוע</QtyInPackage><UnitOfMeasurePrice>0.0046</UnitOfMeasurePrice><AllowDiscount>1</AllowDiscount><ItemStatus>1</ItemStatus><ItemPrice>6.90</ItemPrice></item><item><PriceUpdateDate>2015-10-22 09:58:30</PriceUpdateDate><ItemCode>7290000422336</ItemCode><ItemType>1</ItemType><ItemName>מירנדה 1.5 ליטר</ItemName><ManufacturerName>מירינדה תפוז</ManufacturerName><ManufactureCountry>ישראל</ManufactureCountry><ManufacturerItemDescription>פפסי מירינדה 1.5  ל</ManufacturerItemDescription><SoldByWeight/><Quantity>1500.00</Quantity><UnitOfMeasure>מ"ל</UnitOfMeasure><QtyInPackage>לא ידוע</QtyInPackage><UnitOfMeasurePrice>0.0049</UnitOfMeasurePrice><AllowDiscount>0</AllowDiscount><ItemStatus>1</ItemStatus><ItemPrice>7.30</ItemPrice></item><item><PriceUpdateDate>2016-08-10 11:21:58</PriceUpdateDate><ItemCode>7290000422350</ItemCode><ItemType>1</ItemType><ItemName>פפסי מקס 1.5 ליטר</ItemName><ManufacturerName>פפסי מקס</ManufacturerName><ManufactureCountry>ישראל</ManufactureCountry><ManufacturerItemDescription>פפסי קולה מקס 1.5 ללא סוכ</ManufacturerItemDescription><SoldByWeight/><Quantity>1500.00</Quantity><UnitOfMeasure>מ"ל</UnitOfMeasure><QtyInPackage>לא ידוע</QtyInPackage><UnitOfMeasurePrice>0.0046</UnitOfMeasurePrice><AllowDiscount>0</AllowDiscount><ItemStatus>1</ItemStatus><ItemPrice>6.90</ItemPrice></item><item><PriceUpdateDate>2016-08-10 11:21:38</PriceUpdateDate><ItemCode>7290000422442</ItemCode><ItemType>1</ItemType><ItemName>שמרים טריים 50 גרם</ItemName><ManufacturerName>שמרית</ManufacturerName><ManufactureCountry>ישראל</ManufactureCountry><ManufacturerItemDescription>שמרים לחים אינסטנט</ManufacturerItemDescription><SoldByWeight/><Quantity>14.00</Quantity><UnitOfMeasure>גרם     </UnitOfMeasure><QtyInPackage>לא ידוע</QtyInPackage><UnitOfMeasurePrice>0.3857</UnitOfMeasurePrice><AllowDiscount>1</AllowDiscount><ItemStatus>1</ItemStatus><ItemPrice>5.40</ItemPrice></item><item><PriceUpdateDate>2016-05-01 07:22:45</PriceUpdateDate><ItemCode>7290000422534</ItemCode><ItemType>1</ItemType><ItemName>מב בייגלה שמיניות עם</ItemName><ManufacturerName>בייגל בייגל</ManufacturerName><ManufactureCountry>ישראל</ManufactureCountry><ManufacturerItemDescription>בייגלה שמיניות 400 גר</ManufacturerItemDescription><SoldByWeight/><Quantity>400.00</Quantity><UnitOfMeasure>גרם     </UnitOfMeasure><QtyInPackage>לא ידוע</QtyInPackage><UnitOfMeasurePrice>0.0248</UnitOfMeasurePrice><AllowDiscount>1</AllowDiscount><ItemStatus>1</ItemStatus><ItemPrice>9.90</ItemPrice></item><item><PriceUpdateDate>2016-05-31 09:32:52</PriceUpdateDate><ItemCode>7290000422770</ItemCode><ItemType>1</ItemType><ItemName>מלפפון 7-9 במלח 560</ItemName><ManufacturerName>בית השיטה</ManufacturerName><ManufactureCountry>ישראל</ManufactureCountry><ManufacturerItemDescription>מלפפון 7-9 במלח 560</ManufacturerItemDescription><SoldByWeight/><Quantity>560.00</Quantity><UnitOfMeasure>גרם     </UnitOfMeasure><QtyInPackage>לא ידוע</QtyInPackage><UnitOfMeasurePrice>0.0105</UnitOfMeasurePrice><AllowDiscount>1</AllowDiscount><ItemStatus>1</ItemStatus><ItemPrice>5.90</ItemPrice></item><item><PriceUpdateDate>2016-05-31 09:32:52</PriceUpdateDate><ItemCode>7290000422787</ItemCode><ItemType>1</ItemType><ItemName>מלפפון במלח 10-12  3</ItemName><ManufacturerName>לא ידוע</ManufacturerName><ManufactureCountry>ישראל</ManufactureCountry><ManufacturerItemDescription>מלפפון במלח 10-12  3</ManufacturerItemDescription><SoldByWeight/><Quantity>320.00</Quantity><UnitOfMeasure>גרם     </UnitOfMeasure><QtyInPackage>לא ידוע</QtyInPackage><UnitOfMeasurePrice>0.0203</UnitOfMeasurePrice><AllowDiscount>1</AllowDiscount><ItemStatus>1</ItemStatus><ItemPrice>6.50</ItemPrice></item><item><PriceUpdateDate>2016-07-27 10:20:37</PriceUpdateDate><ItemCode>7290000422862</ItemCode><ItemType>1</ItemType><ItemName>מלפפון 13-17 חומץ בי</ItemName><ManufacturerName>בית השיטה</ManufacturerName><ManufactureCountry>ישראל</ManufactureCountry><ManufacturerItemDescription>מלפפון 13-17 חומץ בי</ManufacturerItemDescription><SoldByWeight/><Quantity>290.00</Quantity><UnitOfMeasure>גרם     </UnitOfMeasure><QtyInPackage>לא ידוע</QtyInPackage><UnitOfMeasurePrice>0.0341</UnitOfMeasurePrice><AllowDiscount>1</AllowDiscount><ItemStatus>1</ItemStatus><ItemPrice>9.90</ItemPrice></item><item><PriceUpdateDate>2016-04-25 06:56:34</PriceUpdateDate><ItemCode>7290000422879</ItemCode><ItemType>1</ItemType><ItemName>מלפפון 18-25 בחומץ 5</ItemName><ManufacturerName>בית השיטה</ManufacturerName><ManufactureCountry>ישראל</ManufactureCountry><ManufacturerItemDescription>מלפפון 18-25 בחומץ 5</ManufacturerItemDescription><SoldByWeight/><Quantity>560.00</Quantity><UnitOfMeasure>גרם     </UnitOfMeasure><QtyInPackage>לא ידוע</QtyInPackage><UnitOfMeasurePrice>0.0229</UnitOfMeasurePrice><AllowDiscount>1</AllowDiscount><ItemStatus>1</ItemStatus><ItemPrice>12.80</ItemPrice></item><item><PriceUpdateDate>2016-05-01 07:22:45</PriceUpdateDate><ItemCode>7290000422886</ItemCode><ItemType>1</ItemType><ItemName>כרוב כבוש 600 גרם</ItemName><ManufacturerName>בית השיטה</ManufacturerName><ManufactureCountry>ישראל</ManufactureCountry><ManufacturerItemDescription>כרוב כבוש 600 גרם</ManufacturerItemDescription><SoldByWeight/><Quantity>130.00</Quantity><UnitOfMeasure>גרם     </UnitOfMeasure><QtyInPackage>לא ידוע</QtyInPackage><UnitOfMeasurePrice>0.0746</UnitOfMeasurePrice><AllowDiscount>1</AllowDiscount><ItemStatus>1</ItemStatus><ItemPrice>9.70</ItemPrice></item><item><PriceUpdateDate>2016-02-11 07:49:22</PriceUpdateDate><ItemCode>7290000423081</ItemCode><ItemType>1</ItemType><ItemName>חלב טרה 3% בשקית 1 ל</ItemName><ManufacturerName>טרה</ManufacturerName><ManufactureCountry>ישראל</ManufactureCountry><ManufacturerItemDescription>חלב1 3% ל.שקית מהדרין פיק</ManufacturerItemDescription><SoldByWeight/><Quantity>1000.00</Quantity><UnitOfMeasure>מ"ל</UnitOfMeasure><QtyInPackage>לא ידוע</QtyInPackage><UnitOfMeasurePrice>0.0050</UnitOfMeasurePrice><AllowDiscount>1</AllowDiscount><ItemStatus>1</ItemStatus><ItemPrice>5.00</ItemPrice></item><item><PriceUpdateDate>2016-02-14 18:01:24</PriceUpdateDate><ItemCode>7290000423098</ItemCode><ItemType>1</ItemType><ItemName>חלב טרה 3% בקרטון 1</ItemName><ManufacturerName>טרה</ManufacturerName><ManufactureCountry>ישראל</ManufactureCountry><ManufacturerItemDescription>חלב1 3% ל.קרטון מהדרין פי</ManufacturerItemDescription><SoldByWeight/><Quantity>1000.00</Quantity><UnitOfMeasure>מ"ל</UnitOfMeasure><QtyInPackage>לא ידוע</QtyInPackage><UnitOfMeasurePrice>0.0058</UnitOfMeasurePrice><AllowDiscount>1</AllowDiscount><ItemStatus>1</ItemStatus><ItemPrice>5.75</ItemPrice></item><item><PriceUpdateDate>2016-02-11 07:49:22</PriceUpdateDate><ItemCode>7290000423166</ItemCode><ItemType>1</ItemType><ItemName>חמאה 100 גרם טרה</ItemName><ManufacturerName>טרה</ManufacturerName><ManufactureCountry>ישראל</ManufactureCountry><ManufacturerItemDescription>חמאה 100 גרם טרה</ManufacturerItemDescription><SoldByWeight/><Quantity>100.00</Quantity><UnitOfMeasure>גרם     </UnitOfMeasure><QtyInPackage>לא ידוע</QtyInPackage><UnitOfMeasurePrice>0.0380</UnitOfMeasurePrice><AllowDiscount>1</AllowDiscount><ItemStatus>1</ItemStatus><ItemPrice>3.80</ItemPrice></item><item><PriceUpdateDate>2016-08-02 06:35:56</PriceUpdateDate><ItemCode>7290000423180</ItemCode><ItemType>1</ItemType><ItemName>מב גבינה לבנה 5% טרה</ItemName><ManufacturerName>טרה</ManufacturerName><ManufactureCountry>ישראל</ManufactureCountry><ManufacturerItemDescription>גבינה לבנה250 5% גר  פיקו</ManufacturerItemDescription><SoldByWeight/><Quantity>250.00</Quantity><UnitOfMeasure>גרם     </UnitOfMeasure><QtyInPackage>לא ידוע</QtyInPackage><UnitOfMeasurePrice>0.0176</UnitOfMeasurePrice><AllowDiscount>1</AllowDiscount><ItemStatus>1</ItemStatus><ItemPrice>4.40</ItemPrice></item><item><PriceUpdateDate>2015-10-13 09:47:42</PriceUpdateDate><ItemCode>7290000423197</ItemCode><ItemType>1</ItemType><ItemName>גבינה טוב טעם 3% 250</ItemName><ManufacturerName>טוב טעם -גבינה</ManufacturerName><ManufactureCountry>ישראל</ManufactureCountry><ManufacturerItemDescription>גבינה טוב טעם250 3% גר</ManufacturerItemDescription><SoldByWeight/><Quantity>250.00</Quantity><UnitOfMeasure>גרם     </UnitOfMeasure><QtyInPackage>לא ידוע</QtyInPackage><UnitOfMeasurePrice>0.0468</UnitOfMeasurePrice><AllowDiscount>1</AllowDiscount><ItemStatus>1</ItemStatus><ItemPrice>11.70</ItemPrice></item><item><PriceUpdateDate>2016-05-31 09:32:52</PriceUpdateDate><ItemCode>7290000423258</ItemCode><ItemType>1</ItemType><ItemName>קוואקר בפחית 500 גרם</ItemName><ManufacturerName>קוואקר אואטס</ManufacturerName><ManufactureCountry>ישראל</ManufactureCountry><ManufacturerItemDescription>קואקר שיבולת    500גרם</ManufacturerItemDescription><SoldByWeight/><Quantity>500.00</Quantity><UnitOfMeasure>גרם     </UnitOfMeasure><QtyInPackage>לא ידוע</QtyInPackage><UnitOfMeasurePrice>0.0278</UnitOfMeasurePrice><AllowDiscount>1</AllowDiscount><ItemStatus>1</ItemStatus><ItemPrice>13.90</ItemPrice></item><item><PriceUpdateDate>2015-01-27 06:47:02</PriceUpdateDate><ItemCode>7290000423272</ItemCode><ItemType>1</ItemType><ItemName>הרמזית 750 טבליות</ItemName><ManufacturerName>הרמזית</ManufacturerName><ManufactureCountry>ישראל</ManufactureCountry><ManufacturerItemDescription>ממתיק הרמזית    ת</ManufacturerItemDescription><SoldByWeight/><Quantity>750.00</Quantity><UnitOfMeasure>יח'</UnitOfMeasure><QtyInPackage>לא ידוע</QtyInPackage><UnitOfMeasurePrice>0.0377</UnitOfMeasurePrice><AllowDiscount>1</AllowDiscount><ItemStatus>1</ItemStatus><ItemPrice>28.30</ItemPrice></item><item><PriceUpdateDate>2016-06-07 14:08:21</PriceUpdateDate><ItemCode>7290000423302</ItemCode><ItemType>1</ItemType><ItemName>קוואקר בשקית 500 גרם</ItemName><ManufacturerName>קוואקר אואטס</ManufacturerName><ManufactureCountry>ישראל</ManufactureCountry><ManufacturerItemDescription>קואקר           מינ500גר</ManufacturerItemDescription><SoldByWeight/><Quantity>500.00</Quantity><UnitOfMeasure>גרם     </UnitOfMeasure><QtyInPackage>לא ידוע</QtyInPackage><UnitOfMeasurePrice>0.0278</UnitOfMeasurePrice><AllowDiscount>1</AllowDiscount><ItemStatus>1</ItemStatus><ItemPrice>13.90</ItemPrice></item><item><PriceUpdateDate>2016-05-01 07:22:45</PriceUpdateDate><ItemCode>7290000423487</ItemCode><ItemType>1</ItemType><ItemName>יין סגל אדום יבש 750</ItemName><ManufacturerName>סגל</ManufacturerName><ManufactureCountry>ישראל</ManufactureCountry><ManufacturerItemDescription>יין של סגל אדום יבש750 מל</ManufacturerItemDescription><SoldByWeight/><Quantity>750.00</Quantity><UnitOfMeasure>מ"ל</UnitOfMeasure><QtyInPackage>לא ידוע</QtyInPackage><UnitOfMeasurePrice>0.0263</UnitOfMeasurePrice><AllowDiscount>1</AllowDiscount><ItemStatus>1</ItemStatus><ItemPrice>19.70</ItemPrice></item><item><PriceUpdateDate>2016-08-02 06:30:48</PriceUpdateDate><ItemCode>7290000423562</ItemCode><ItemType>1</ItemType><ItemName>יין זני סגל מרלו 750</ItemName><ManufacturerName>סגל</ManufacturerName><ManufactureCountry>ישראל</ManufactureCountry><ManufacturerItemDescription>יין מרלו סגל 750  מל</ManufacturerItemDescription><SoldByWeight/><Quantity>750.00</Quantity><UnitOfMeasure>מ"ל</UnitOfMeasure><QtyInPackage>לא ידוע</QtyInPackage><UnitOfMeasurePrice>0.0376</UnitOfMeasurePrice><AllowDiscount>1</AllowDiscount><ItemStatus>1</ItemStatus><ItemPrice>28.20</ItemPrice></item><item><PriceUpdateDate>2016-08-02 06:30:49</PriceUpdateDate><ItemCode>7290000423586</ItemCode><ItemType>1</ItemType><ItemName>יין זני סגל קברנה שי</ItemName><ManufacturerName>סגל</ManufacturerName><ManufactureCountry>ישראל</ManufactureCountry><ManufacturerItemDescription>יין של סגל מרלו 66% ושירא</ManufacturerItemDescription><SoldByWeight/><Quantity>750.00</Quantity><UnitOfMeasure>מ"ל</UnitOfMeasure><QtyInPackage>לא ידוע</QtyInPackage><UnitOfMeasurePrice>0.0376</UnitOfMeasurePrice><AllowDiscount>1</AllowDiscount><ItemStatus>1</ItemStatus><ItemPrice>28.20</ItemPrice></item><item><PriceUpdateDate>2016-03-29 06:06:07</PriceUpdateDate><ItemCode>7290000423654</ItemCode><ItemType>1</ItemType><ItemName>מיץ סחוט תפוזים 1 לי</ItemName><ManufacturerName>פרימור</ManufacturerName><ManufactureCountry>ישראל</ManufactureCountry><ManufacturerItemDescription>מיץ סחוט תפוזים 1 ל</ManufacturerItemDescription><SoldByWeight/><Quantity>1000.00</Quantity><UnitOfMeasure>מ"ל</UnitOfMeasure><QtyInPackage>לא ידוע</QtyInPackage><UnitOfMeasurePrice>0.0152</UnitOfMeasurePrice><AllowDiscount>1</AllowDiscount><ItemStatus>1</ItemStatus><ItemPrice>15.20</ItemPrice></item><item><PriceUpdateDate>2015-10-22 09:58:30</PriceUpdateDate><ItemCode>7290000424194</ItemCode><ItemType>1</ItemType><ItemName>יוגורמה בית יצחק 850</ItemName><ManufacturerName>בית יצחק</ManufacturerName><ManufactureCountry>ישראל</ManufactureCountry><ManufacturerItemDescription>יוגורט יוגורמה מחלב כבשים</ManufacturerItemDescription><SoldByWeight/><Quantity>850.00</Quantity><UnitOfMeasure>מ"ל</UnitOfMeasure><QtyInPackage>לא ידוע</QtyInPackage><UnitOfMeasurePrice>0.0319</UnitOfMeasurePrice><AllowDiscount>1</AllowDiscount><ItemStatus>1</ItemStatus><ItemPrice>27.10</ItemPrice></item><item><PriceUpdateDate>2016-06-27 19:05:12</PriceUpdateDate><ItemCode>7290000424200</ItemCode><ItemType>1</ItemType><ItemName>יוגורמה כבשים 140 גר</ItemName><ManufacturerName>יוגורמה</ManufacturerName><ManufactureCountry>ישראל</ManufactureCountry><ManufacturerItemDescription>יוגורמה יוגורט מחלב כבשים</ManufacturerItemDescription><SoldByWeight/><Quantity>140.00</Quantity><UnitOfMeasure>גרם     </UnitOfMeasure><QtyInPackage>לא ידוע</QtyInPackage><UnitOfMeasurePrice>0.0471</UnitOfMeasurePrice><AllowDiscount>1</AllowDiscount><ItemStatus>1</ItemStatus><ItemPrice>6.60</ItemPrice></item><item><PriceUpdateDate>2016-06-13 06:36:31</PriceUpdateDate><ItemCode>7290000426907</ItemCode><ItemType>1</ItemType><ItemName>פרימור סחוט תפוזים 2</ItemName><ManufacturerName>פרימור</ManufacturerName><ManufactureCountry>ישראל</ManufactureCountry><ManufacturerItemDescription>מיץ תפוזים סחוט2 ל</ManufacturerItemDescription><SoldByWeight/><Quantity>2000.00</Quantity><UnitOfMeasure>מ"ל</UnitOfMeasure><QtyInPackage>לא ידוע</QtyInPackage><UnitOfMeasurePrice>0.0124</UnitOfMeasurePrice><AllowDiscount>1</AllowDiscount><ItemStatus>1</ItemStatus><ItemPrice>24.90</ItemPrice></item><item><PriceUpdateDate>2016-05-31 09:30:22</PriceUpdateDate><ItemCode>7290000427119</ItemCode><ItemType>1</ItemType><ItemName>מג'יק ארוחת אטריות ט</ItemName><ManufacturerName>מג'יק</ManufacturerName><ManufactureCountry>ישראל</ManufactureCountry><ManufacturerItemDescription>תבשילמגיק בכוס אטריות+תיר</ManufacturerItemDescription><SoldByWeight/><Quantity>14.00</Quantity><UnitOfMeasure>גרם     </UnitOfMeasure><QtyInPackage>לא ידוע</QtyInPackage><UnitOfMeasurePrice>0.4857</UnitOfMeasurePrice><AllowDiscount>1</AllowDiscount><ItemStatus>1</ItemStatus><ItemPrice>6.80</ItemPrice></item><item><PriceUpdateDate>2015-01-27 06:48:22</PriceUpdateDate><ItemCode>7290000427744</ItemCode><ItemType>1</ItemType><ItemName>בקר טחון 100% עטרה 5</ItemName><ManufacturerName>עטרה</ManufacturerName><ManufactureCountry>ישראל</ManufactureCountry><ManufacturerItemDescription>בקר טחון 100% עטרה 5</ManufacturerItemDescription><SoldByWeight/><Quantity>500.00</Quantity><UnitOfMeasure>גרם     </UnitOfMeasure><QtyInPackage>לא ידוע</QtyInPackage><UnitOfMeasurePrice>0.0660</UnitOfMeasurePrice><AllowDiscount>1</AllowDiscount><ItemStatus>1</ItemStatus><ItemPrice>33.00</ItemPrice></item><item><PriceUpdateDate>2015-10-13 09:47:42</PriceUpdateDate><ItemCode>7290000428680</ItemCode><ItemType>1</ItemType><ItemName>קוקה קולה 0.5 ליטר.</ItemName><ManufacturerName>קוקה קולה</ManufacturerName><ManufactureCountry>ישראל</ManufactureCountry><ManufacturerItemDescription>קוקה קולה500 מל</ManufacturerItemDescription><SoldByWeight/><Quantity>500.00</Quantity><UnitOfMeasure>מ"ל</UnitOfMeasure><QtyInPackage>לא ידוע</QtyInPackage><UnitOfMeasurePrice>0.0146</UnitOfMeasurePrice><AllowDiscount>1</AllowDiscount><ItemStatus>1</ItemStatus><ItemPrice>7.30</ItemPrice></item><item><PriceUpdateDate>2016-02-16 10:18:30</PriceUpdateDate><ItemCode>7290000428956</ItemCode><ItemType>1</ItemType><ItemName>שוקולד פרה עדשים 100</ItemName><ManufacturerName>פרה</ManufacturerName><ManufactureCountry>ישראל</ManufactureCountry><ManufacturerItemDescription>שוקולד פרה עדשים 100 גר</ManufacturerItemDescription><SoldByWeight/><Quantity>100.00</Quantity><UnitOfMeasure>גרם     </UnitOfMeasure><QtyInPackage>לא ידוע</QtyInPackage><UnitOfMeasurePrice>0.0690</UnitOfMeasurePrice><AllowDiscount>0</AllowDiscount><ItemStatus>1</ItemStatus><ItemPrice>6.90</ItemPrice></item><item><PriceUpdateDate>2015-10-13 09:47:42</PriceUpdateDate><ItemCode>7290000429021</ItemCode><ItemType>1</ItemType><ItemName>צ'יטוס פיצה 60 גרם</ItemName><ManufacturerName>צ'יטוס</ManufacturerName><ManufactureCountry>ישראל</ManufactureCountry><ManufacturerItemDescription>צ'יטוס פיצה 60 גרם</ManufacturerItemDescription><SoldByWeight/><Quantity>14.00</Quantity><UnitOfMeasure>גרם     </UnitOfMeasure><QtyInPackage>לא ידוע</QtyInPackage><UnitOfMeasurePrice>0.3071</UnitOfMeasurePrice><AllowDiscount>1</AllowDiscount><ItemStatus>1</ItemStatus><ItemPrice>4.30</ItemPrice></item><item><PriceUpdateDate>2015-10-13 09:47:42</PriceUpdateDate><ItemCode>7290000429052</ItemCode><ItemType>1</ItemType><ItemName>צ'יטוס כאפה קטשופ 55</ItemName><ManufacturerName>צ'יטוס</ManufacturerName><ManufactureCountry>ישראל</ManufactureCountry><ManufacturerItemDescription>צ'יטוס כאפה קטשופ 55</ManufacturerItemDescription><SoldByWeight/><Quantity>14.00</Quantity><UnitOfMeasure>גרם     </UnitOfMeasure><QtyInPackage>לא ידוע</QtyInPackage><UnitOfMeasurePrice>0.3071</UnitOfMeasurePrice><AllowDiscount>1</AllowDiscount><ItemStatus>1</ItemStatus><ItemPrice>4.30</ItemPrice></item><item><PriceUpdateDate>2016-05-31 09:32:52</PriceUpdateDate><ItemCode>7290000430195</ItemCode><ItemType>1</ItemType><ItemName>דבש 350 גרם</ItemName><ManufacturerName>יד מרדכי</ManufacturerName><ManufactureCountry>ישראל</ManufactureCountry><ManufacturerItemDescription>דבש דבורים טהור350 גר</ManufacturerItemDescription><SoldByWeight/><Quantity>350.00</Quantity><UnitOfMeasure>גרם     </UnitOfMeasure><QtyInPackage>לא ידוע</QtyInPackage><UnitOfMeasurePrice>0.0540</UnitOfMeasurePrice><AllowDiscount>1</AllowDiscount><ItemStatus>1</ItemStatus><ItemPrice>18.90</ItemPrice></item><item><PriceUpdateDate>2016-02-16 10:18:30</PriceUpdateDate><ItemCode>7290000430201</ItemCode><ItemType>1</ItemType><ItemName>דבש 500 גרם</ItemName><ManufacturerName>יד מרדכי</ManufacturerName><ManufactureCountry>ישראל</ManufactureCountry><ManufacturerItemDescription>דבש דבורים טהור500 גר</ManufacturerItemDescription><SoldByWeight/><Quantity>500.00</Quantity><UnitOfMeasure>גרם     </UnitOfMeasure><QtyInPackage>לא ידוע</QtyInPackage><UnitOfMeasurePrice>0.0598</UnitOfMeasurePrice><AllowDiscount>1</AllowDiscount><ItemStatus>1</ItemStatus><ItemPrice>29.90</ItemPrice></item><item><PriceUpdateDate>2016-05-01 07:22:46</PriceUpdateDate><ItemCode>7290000430577</ItemCode><ItemType>1</ItemType><ItemName>קוביות שום טרי במגשי</ItemName><ManufacturerName>דורות</ManufacturerName><ManufactureCountry>ישראל</ManufactureCountry><ManufacturerItemDescription>שום כתוש מגשית 80 גר</ManufacturerItemDescription><SoldByWeight/><Quantity>80.00</Quantity><UnitOfMeasure>גרם     </UnitOfMeasure><QtyInPackage>לא ידוע</QtyInPackage><UnitOfMeasurePrice>0.1613</UnitOfMeasurePrice><AllowDiscount>1</AllowDiscount><ItemStatus>1</ItemStatus><ItemPrice>12.90</ItemPrice></item><item><PriceUpdateDate>2016-05-01 07:22:46</PriceUpdateDate><ItemCode>7290000430591</ItemCode><ItemType>1</ItemType><ItemName>פטרוזיליה טרייה קצוצ</ItemName><ManufacturerName>דורות</ManufacturerName><ManufactureCountry>ישראל</ManufactureCountry><ManufacturerItemDescription>פטרוזיליה טרייה קצוצה 70</ManufacturerItemDescription><SoldByWeight/><Quantity>14.00</Quantity><UnitOfMeasure>גרם     </UnitOfMeasure><QtyInPackage>לא ידוע</QtyInPackage><UnitOfMeasurePrice>0.8214</UnitOfMeasurePrice><AllowDiscount>1</AllowDiscount><ItemStatus>1</ItemStatus><ItemPrice>11.50</ItemPrice></item><item><PriceUpdateDate>2016-06-28 06:23:23</PriceUpdateDate><ItemCode>7290000431246</ItemCode><ItemType>1</ItemType><ItemName>מב בורקס תפו"א 800 ג</ItemName><ManufacturerName>שלושת האופים</ManufacturerName><ManufactureCountry>ישראל</ManufactureCountry><ManufacturerItemDescription>מב בורקס תפו"א 800 ג</ManufacturerItemDescription><SoldByWeight/><Quantity>800.00</Quantity><UnitOfMeasure>גרם     </UnitOfMeasure><QtyInPackage>לא ידוע</QtyInPackage><UnitOfMeasurePrice>0.0200</UnitOfMeasurePrice><AllowDiscount>1</AllowDiscount><ItemStatus>1</ItemStatus><ItemPrice>16.00</ItemPrice></item><item><PriceUpdateDate>2016-03-16 13:25:33</PriceUpdateDate><ItemCode>7290000431253</ItemCode><ItemType>1</ItemType><ItemName>בצק עלים 1 ק"ג</ItemName><ManufacturerName>שלושת האופים</ManufacturerName><ManufactureCountry>ישראל</ManufactureCountry><ManufacturerItemDescription>בצק עלים מרודד 1 קג</ManufacturerItemDescription><SoldByWeight/><Quantity>1000.00</Quantity><UnitOfMeasure>גרם     </UnitOfMeasure><QtyInPackage>לא ידוע</QtyInPackage><UnitOfMeasurePrice>0.0199</UnitOfMeasurePrice><AllowDiscount>1</AllowDiscount><ItemStatus>1</ItemStatus><ItemPrice>19.90</ItemPrice></item><item><PriceUpdateDate>2015-11-17 07:37:20</PriceUpdateDate><ItemCode>7290000431284</ItemCode><ItemType>1</ItemType><ItemName>ג'חנון 900 גרם</ItemName><ManufacturerName>שלושת האופים</ManufacturerName><ManufactureCountry>ישראל</ManufactureCountry><ManufacturerItemDescription>ג'חנון 900 גרם</ManufacturerItemDescription><SoldByWeight/><Quantity>900.00</Quantity><UnitOfMeasure>גרם     </UnitOfMeasure><QtyInPackage>לא ידוע</QtyInPackage><UnitOfMeasurePrice>0.0253</UnitOfMeasurePrice><AllowDiscount>1</AllowDiscount><ItemStatus>1</ItemStatus><ItemPrice>22.80</ItemPrice></item><item><PriceUpdateDate>2016-06-28 06:23:23</PriceUpdateDate><ItemCode>7290000431291</ItemCode><ItemType>1</ItemType><ItemName>מב מיני בורקס גבינה</ItemName><ManufacturerName>שלושת האופים</ManufacturerName><ManufactureCountry>ישראל</ManufactureCountry><ManufacturerItemDescription>מיני בורקס קוקטייל גבינה</ManufacturerItemDescription><SoldByWeight/><Quantity>700.00</Quantity><UnitOfMeasure>גרם     </UnitOfMeasure><QtyInPackage>לא ידוע</QtyInPackage><UnitOfMeasurePrice>0.0229</UnitOfMeasurePrice><AllowDiscount>1</AllowDiscount><ItemStatus>1</ItemStatus><ItemPrice>16.00</ItemPrice></item><item><PriceUpdateDate>2016-02-26 06:48:15</PriceUpdateDate><ItemCode>7290000431345</ItemCode><ItemType>1</ItemType><ItemName>מים נביעות ענבים עדי</ItemName><ManufacturerName>נביעות</ManufacturerName><ManufactureCountry>ישראל</ManufactureCountry><ManufacturerItemDescription>נביעות +ענבים 1.5 ליטר</ManufacturerItemDescription><SoldByWeight/><Quantity>1500.00</Quantity><UnitOfMeasure>מ"ל</UnitOfMeasure><QtyInPackage>לא ידוע</QtyInPackage><UnitOfMeasurePrice>0.0058</UnitOfMeasurePrice><AllowDiscount>1</AllowDiscount><ItemStatus>1</ItemStatus><ItemPrice>8.70</ItemPrice></item><item><PriceUpdateDate>2016-02-26 06:48:15</PriceUpdateDate><ItemCode>7290000431376</ItemCode><ItemType>1</ItemType><ItemName>מים נביעות תפוח עדין</ItemName><ManufacturerName>נביעות</ManufacturerName><ManufactureCountry>ישראל</ManufactureCountry><ManufacturerItemDescription>נביעות +תפוח 1.5 ליטר</ManufacturerItemDescription><SoldByWeight/><Quantity>1500.00</Quantity><UnitOfMeasure>מ"ל</UnitOfMeasure><QtyInPackage>לא ידוע</QtyInPackage><UnitOfMeasurePrice>0.0058</UnitOfMeasurePrice><AllowDiscount>1</AllowDiscount><ItemStatus>1</ItemStatus><ItemPrice>8.70</ItemPrice></item><item><PriceUpdateDate>2016-02-26 06:48:15</PriceUpdateDate><ItemCode>7290000431406</ItemCode><ItemType>1</ItemType><ItemName>מיים נביעות אפרסק עד</ItemName><ManufacturerName>נביעות</ManufacturerName><ManufactureCountry>ישראל</ManufactureCountry><ManufacturerItemDescription>נביעות +אפרסק 1.5 ליטר</ManufacturerItemDescription><SoldByWeight/><Quantity>1500.00</Quantity><UnitOfMeasure>מ"ל</UnitOfMeasure><QtyInPackage>לא ידוע</QtyInPackage><UnitOfMeasurePrice>0.0058</UnitOfMeasurePrice><AllowDiscount>1</AllowDiscount><ItemStatus>1</ItemStatus><ItemPrice>8.70</ItemPrice></item><item><PriceUpdateDate>2016-08-02 06:30:49</PriceUpdateDate><ItemCode>7290000431413</ItemCode><ItemType>1</ItemType><ItemName>מב מים נביעות שישייה</ItemName><ManufacturerName>נביעות</ManufacturerName><ManufactureCountry>ישראל</ManufactureCountry><ManufacturerItemDescription>נביעות 1.5 1/6 מים מינרלי</ManufacturerItemDescription><SoldByWeight/><Quantity>9000.00</Quantity><UnitOfMeasure>מ"ל</UnitOfMeasure><QtyInPackage>לא ידוע</QtyInPackage><UnitOfMeasurePrice>0.0013</UnitOfMeasurePrice><AllowDiscount>1</AllowDiscount><ItemStatus>1</ItemStatus><ItemPrice>11.60</ItemPrice></item><item><PriceUpdateDate>2015-11-17 07:37:21</PriceUpdateDate><ItemCode>7290000431574</ItemCode><ItemType>1</ItemType><ItemName>מקלוני אורז ויליגר 3</ItemName><ManufacturerName>ויליגר</ManufacturerName><ManufactureCountry>ישראל</ManufactureCountry><ManufacturerItemDescription>מקלוני אורז ויליגר 3</ManufacturerItemDescription><SoldByWeight/><Quantity>300.00</Quantity><UnitOfMeasure>גרם     </UnitOfMeasure><QtyInPackage>לא ידוע</QtyInPackage><UnitOfMeasurePrice>0.0193</UnitOfMeasurePrice><AllowDiscount>1</AllowDiscount><ItemStatus>1</ItemStatus><ItemPrice>5.80</ItemPrice></item><item><PriceUpdateDate>2016-05-05 12:30:10</PriceUpdateDate><ItemCode>7290000431581</ItemCode><ItemType>1</ItemType><ItemName>עוגיות אוראו קרם וני</ItemName><ManufacturerName>אוראו</ManufacturerName><ManufactureCountry>ספרד</ManufactureCountry><ManufacturerItemDescription>דפי לזניה       ם</ManufacturerItemDescription><SoldByWeight/><Quantity>176.00</Quantity><UnitOfMeasure>גרם     </UnitOfMeasure><QtyInPackage>לא ידוע</QtyInPackage><UnitOfMeasurePrice>0.0506</UnitOfMeasurePrice><AllowDiscount>1</AllowDiscount><ItemStatus>1</ItemStatus><ItemPrice>8.90</ItemPrice></item><item><PriceUpdateDate>2016-05-31 09:33:33</PriceUpdateDate><ItemCode>7290000432632</ItemCode><ItemType>1</ItemType><ItemName>נרות שבת מס' 4</ItemName><ManufacturerName>נר ציון</ManufacturerName><ManufactureCountry>ישראל</ManufactureCountry><ManufacturerItemDescription>נרות שבת מס .180-4גר</ManufacturerItemDescription><SoldByWeight/><Quantity>0.00</Quantity><UnitOfMeasure>יח'</UnitOfMeasure><QtyInPackage>לא ידוע</QtyInPackage><UnitOfMeasurePrice>0.0000</UnitOfMeasurePrice><AllowDiscount>1</AllowDiscount><ItemStatus>1</ItemStatus><ItemPrice>4.30</ItemPrice></item><item><PriceUpdateDate>2016-05-31 09:33:33</PriceUpdateDate><ItemCode>7290000432663</ItemCode><ItemType>1</ItemType><ItemName>נרות שבת מס' 10</ItemName><ManufacturerName>נר ציון</ManufacturerName><ManufactureCountry>ישראל</ManufactureCountry><ManufacturerItemDescription>נרות שבת מס .180-10גר</ManufacturerItemDescription><SoldByWeight/><Quantity>1.00</Quantity><UnitOfMeasure>יח'</UnitOfMeasure><QtyInPackage>לא ידוע</QtyInPackage><UnitOfMeasurePrice>4.3000</UnitOfMeasurePrice><AllowDiscount>1</AllowDiscount><ItemStatus>1</ItemStatus><ItemPrice>4.30</ItemPrice></item><item><PriceUpdateDate>2016-05-31 09:32:53</PriceUpdateDate><ItemCode>7290000433080</ItemCode><ItemType>1</ItemType><ItemName>טונה סטארקיסט בשמן 1</ItemName><ManufacturerName>סטארקיסט</ManufacturerName><ManufactureCountry>ישראל</ManufactureCountry><ManufacturerItemDescription>טונה סטארקיסט בשמן160 גר</ManufacturerItemDescription><SoldByWeight/><Quantity>112.00</Quantity><UnitOfMeasure>גרם     </UnitOfMeasure><QtyInPackage>לא ידוע</QtyInPackage><UnitOfMeasurePrice>0.0607</UnitOfMeasurePrice><AllowDiscount>1</AllowDiscount><ItemStatus>1</ItemStatus><ItemPrice>6.80</ItemPrice></item><item><PriceUpdateDate>2016-05-31 09:32:53</PriceUpdateDate><ItemCode>7290000433097</ItemCode><ItemType>1</ItemType><ItemName>טונה סטארקיסט במים 1</ItemName><ManufacturerName>סטארקיסט</ManufacturerName><ManufactureCountry>ישראל</ManufactureCountry><ManufacturerItemDescription>טונה סטארקיסט במים160 גר</ManufacturerItemDescription><SoldByWeight/><Quantity>112.00</Quantity><UnitOfMeasure>גרם     </UnitOfMeasure><QtyInPackage>לא ידוע</QtyInPackage><UnitOfMeasurePrice>0.0607</UnitOfMeasurePrice><AllowDiscount>1</AllowDiscount><ItemStatus>1</ItemStatus><ItemPrice>6.80</ItemPrice></item><item><PriceUpdateDate>2016-08-10 11:21:59</PriceUpdateDate><ItemCode>7290000433684</ItemCode><ItemType>1</ItemType><ItemName>פפסי קולה 1.5 ליטר</ItemName><ManufacturerName>פפסי</ManufacturerName><ManufactureCountry>ישראל</ManufactureCountry><ManufacturerItemDescription>פפסי קולה 1.5  ל</ManufacturerItemDescription><SoldByWeight/><Quantity>1500.00</Quantity><UnitOfMeasure>מ"ל</UnitOfMeasure><QtyInPackage>לא ידוע</QtyInPackage><UnitOfMeasurePrice>0.0046</UnitOfMeasurePrice><AllowDiscount>0</AllowDiscount><ItemStatus>1</ItemStatus><ItemPrice>6.90</ItemPrice></item><item><PriceUpdateDate>2016-08-10 11:21:59</PriceUpdateDate><ItemCode>7290000433714</ItemCode><ItemType>1</ItemType><ItemName>סבן אפ 1.5 ליטר</ItemName><ManufacturerName>7 אפ</ManufacturerName><ManufactureCountry>ישראל</ManufactureCountry><ManufacturerItemDescription>פפסי סבנאפ 1.5  ל</ManufacturerItemDescription><SoldByWeight/><Quantity>1500.00</Quantity><UnitOfMeasure>מ"ל</UnitOfMeasure><QtyInPackage>לא ידוע</QtyInPackage><UnitOfMeasurePrice>0.0046</UnitOfMeasurePrice><AllowDiscount>1</AllowDiscount><ItemStatus>1</ItemStatus><ItemPrice>6.90</ItemPrice></item><item><PriceUpdateDate>2015-10-22 09:58:55</PriceUpdateDate><ItemCode>7290000433745</ItemCode><ItemType>1</ItemType><ItemName>מירנדה 1.5 ליטר</ItemName><ManufacturerName>מירינדה תפוז</ManufacturerName><ManufactureCountry>ישראל</ManufactureCountry><ManufacturerItemDescription>פפסי מירינדה 1.5  ל</ManufacturerItemDescription><SoldByWeight/><Quantity>1500.00</Quantity><UnitOfMeasure>מ"ל</UnitOfMeasure><QtyInPackage>לא ידוע</QtyInPackage><UnitOfMeasurePrice>0.0049</UnitOfMeasurePrice><AllowDiscount>0</AllowDiscount><ItemStatus>1</ItemStatus><ItemPrice>7.30</ItemPrice></item><item><PriceUpdateDate>2016-05-31 09:30:22</PriceUpdateDate><ItemCode>7290000433912</ItemCode><ItemType>1</ItemType><ItemName>מג'יק ארוחת אטריות ט</ItemName><ManufacturerName>מגיק</ManufacturerName><ManufactureCountry>ישראל</ManufactureCountry><ManufacturerItemDescription>תבשיל מגיק בכוס עוף 70 ג</ManufacturerItemDescription><SoldByWeight/><Quantity>14.00</Quantity><UnitOfMeasure>גרם     </UnitOfMeasure><QtyInPackage>לא ידוע</QtyInPackage><UnitOfMeasurePrice>0.4857</UnitOfMeasurePrice><AllowDiscount>1</AllowDiscount><ItemStatus>1</ItemStatus><ItemPrice>6.80</ItemPrice></item><item><PriceUpdateDate>2016-05-31 09:30:22</PriceUpdateDate><ItemCode>7290000433929</ItemCode><ItemType>1</ItemType><ItemName>מג'יק ארוחת אטריות ט</ItemName><ManufacturerName>מג'יק</ManufacturerName><ManufactureCountry>ישראל</ManufactureCountry><ManufacturerItemDescription>תבשיל מגיק בכוס בקר 70 גר</ManufacturerItemDescription><SoldByWeight/><Quantity>14.00</Quantity><UnitOfMeasure>גרם     </UnitOfMeasure><QtyInPackage>לא ידוע</QtyInPackage><UnitOfMeasurePrice>0.4857</UnitOfMeasurePrice><AllowDiscount>1</AllowDiscount><ItemStatus>1</ItemStatus><ItemPrice>6.80</ItemPrice></item><item><PriceUpdateDate>2016-05-31 09:30:22</PriceUpdateDate><ItemCode>7290000433950</ItemCode><ItemType>1</ItemType><ItemName>מג'יק ארוחת אטריות ט</ItemName><ManufacturerName>מגיק</ManufacturerName><ManufactureCountry>ישראל</ManufactureCountry><ManufacturerItemDescription>תבשיל מגיק בכוס ירקות סינ</ManufacturerItemDescription><SoldByWeight/><Quantity>14.00</Quantity><UnitOfMeasure>גרם     </UnitOfMeasure><QtyInPackage>לא ידוע</QtyInPackage><UnitOfMeasurePrice>0.4857</UnitOfMeasurePrice><AllowDiscount>1</AllowDiscount><ItemStatus>1</ItemStatus><ItemPrice>6.80</ItemPrice></item><item><PriceUpdateDate>2016-08-10 11:21:59</PriceUpdateDate><ItemCode>7290000433974</ItemCode><ItemType>1</ItemType><ItemName>פפסי מקס 1.5 ליטר</ItemName><ManufacturerName>פפסי מקס</ManufacturerName><ManufactureCountry>ישראל</ManufactureCountry><ManufacturerItemDescription>פפסי קולה מקס 1.5 ללא סוכ</ManufacturerItemDescription><SoldByWeight/><Quantity>1500.00</Quantity><UnitOfMeasure>מ"ל</UnitOfMeasure><QtyInPackage>לא ידוע</QtyInPackage><UnitOfMeasurePrice>0.0046</UnitOfMeasurePrice><AllowDiscount>0</AllowDiscount><ItemStatus>1</ItemStatus><ItemPrice>6.90</ItemPrice></item><item><PriceUpdateDate>2016-06-27 19:05:13</PriceUpdateDate><ItemCode>7290000434049</ItemCode><ItemType>1</ItemType><ItemName>כריות צוקולדה 750 גר</ItemName><ManufacturerName>כריות</ManufacturerName><ManufactureCountry>ישראל</ManufactureCountry><ManufacturerItemDescription>כריות צוקולדה 750 גר</ManufacturerItemDescription><SoldByWeight/><Quantity>750.00</Quantity><UnitOfMeasure>גרם     </UnitOfMeasure><QtyInPackage>לא ידוע</QtyInPackage><UnitOfMeasurePrice>0.0380</UnitOfMeasurePrice><AllowDiscount>1</AllowDiscount><ItemStatus>1</ItemStatus><ItemPrice>28.50</ItemPrice></item><item><PriceUpdateDate>2016-03-24 07:00:51</PriceUpdateDate><ItemCode>7290000434452</ItemCode><ItemType>1</ItemType><ItemName>סוכריות מנטוס פירות</ItemName><ManufacturerName>מנטוס</ManufacturerName><ManufactureCountry>הולנד</ManufactureCountry><ManufacturerItemDescription>סוכריות מנטוס   רות37.5ג</ManufacturerItemDescription><SoldByWeight/><Quantity>0.00</Quantity><UnitOfMeasure>יח'</UnitOfMeasure><QtyInPackage>לא ידוע</QtyInPackage><UnitOfMeasurePrice>0.0000</UnitOfMeasurePrice><AllowDiscount>1</AllowDiscount><ItemStatus>1</ItemStatus><ItemPrice>3.90</ItemPrice></item><item><PriceUpdateDate>2016-03-24 07:00:51</PriceUpdateDate><ItemCode>7290000434469</ItemCode><ItemType>1</ItemType><ItemName>סוכריות מנטוס מנטה ב</ItemName><ManufacturerName>מנטוס</ManufacturerName><ManufactureCountry>הולנד</ManufactureCountry><ManufacturerItemDescription>סוכריות מנטוס   37.5 גרם</ManufacturerItemDescription><SoldByWeight/><Quantity>0.00</Quantity><UnitOfMeasure>יח'</UnitOfMeasure><QtyInPackage>לא ידוע</QtyInPackage><UnitOfMeasurePrice>0.0000</UnitOfMeasurePrice><AllowDiscount>1</AllowDiscount><ItemStatus>1</ItemStatus><ItemPrice>3.90</ItemPrice></item><item><PriceUpdateDate>2016-06-27 19:15:24</PriceUpdateDate><ItemCode>7290000434506</ItemCode><ItemType>1</ItemType><ItemName>סוכריות טיק טק תפוז</ItemName><ManufacturerName>טיק טק</ManufacturerName><ManufactureCountry>ישראל</ManufactureCountry><ManufacturerItemDescription>סוכריות טיק טק  16X4גר</ManufacturerItemDescription><SoldByWeight/><Quantity>64.00</Quantity><UnitOfMeasure>גרם     </UnitOfMeasure><QtyInPackage>לא ידוע</QtyInPackage><UnitOfMeasurePrice>0.1703</UnitOfMeasurePrice><AllowDiscount>1</AllowDiscount><ItemStatus>1</ItemStatus><ItemPrice>10.90</ItemPrice></item><item><PriceUpdateDate>2016-08-02 06:35:57</PriceUpdateDate><ItemCode>7290000434575</ItemCode><ItemType>1</ItemType><ItemName>מב מלוואח שלושת האופ</ItemName><ManufacturerName>שלושת האופים</ManufacturerName><ManufactureCountry>ישראל</ManufactureCountry><ManufacturerItemDescription>מלאווח 700 גרם שלושת האופ</ManufacturerItemDescription><SoldByWeight/><Quantity>700.00</Quantity><UnitOfMeasure>גרם     </UnitOfMeasure><QtyInPackage>לא ידוע</QtyInPackage><UnitOfMeasurePrice>0.0184</UnitOfMeasurePrice><AllowDiscount>1</AllowDiscount><ItemStatus>1</ItemStatus><ItemPrice>12.90</ItemPrice></item><item><PriceUpdateDate>2016-02-11 07:49:22</PriceUpdateDate><ItemCode>7290000435060</ItemCode><ItemType>1</ItemType><ItemName>גבינת סקי 5% 500 גרם</ItemName><ManufacturerName>שטראוס</ManufacturerName><ManufactureCountry>ישראל</ManufactureCountry><ManufacturerItemDescription>גבינה סקי 500 5% גרם</ManufacturerItemDescription><SoldByWeight/><Quantity>500.00</Quantity><UnitOfMeasure>גרם     </UnitOfMeasure><QtyInPackage>לא ידוע</QtyInPackage><UnitOfMeasurePrice>0.0184</UnitOfMeasurePrice><AllowDiscount>0</AllowDiscount><ItemStatus>1</ItemStatus><ItemPrice>9.20</ItemPrice></item><item><PriceUpdateDate>2015-10-13 09:47:43</PriceUpdateDate><ItemCode>7290000435077</ItemCode><ItemType>1</ItemType><ItemName>דנונה טבעי 0% 200 גר</ItemName><ManufacturerName>דנונה</ManufacturerName><ManufactureCountry>ישראל</ManufactureCountry><ManufacturerItemDescription>דנונה 200 -0% גרם</ManufacturerItemDescription><SoldByWeight/><Quantity>200.00</Quantity><UnitOfMeasure>גרם     </UnitOfMeasure><QtyInPackage>לא ידוע</QtyInPackage><UnitOfMeasurePrice>0.0200</UnitOfMeasurePrice><AllowDiscount>1</AllowDiscount><ItemStatus>1</ItemStatus><ItemPrice>4.00</ItemPrice></item><item><PriceUpdateDate>2016-02-11 07:49:22</PriceUpdateDate><ItemCode>7290000435091</ItemCode><ItemType>1</ItemType><ItemName>גבינת סקי 5% 250 גרם</ItemName><ManufacturerName>שטראוס</ManufacturerName><ManufactureCountry>ישראל</ManufactureCountry><ManufacturerItemDescription>גבינה סקי 250 5% גר   .פי</ManufacturerItemDescription><SoldByWeight/><Quantity>250.00</Quantity><UnitOfMeasure>גרם     </UnitOfMeasure><QtyInPackage>לא ידוע</QtyInPackage><UnitOfMeasurePrice>0.0184</UnitOfMeasurePrice><AllowDiscount>1</AllowDiscount><ItemStatus>1</ItemStatus><ItemPrice>4.60</ItemPrice></item><item><PriceUpdateDate>2015-10-22 09:58:31</PriceUpdateDate><ItemCode>7290000435398</ItemCode><ItemType>1</ItemType><ItemName>גבינה מותכת למריחה 1</ItemName><ManufacturerName>טרה</ManufacturerName><ManufactureCountry>ישראל</ManufactureCountry><ManufacturerItemDescription>גבינה מותכת למריחה 1</ManufacturerItemDescription><SoldByWeight/><Quantity>100.00</Quantity><UnitOfMeasure>גרם     </UnitOfMeasure><QtyInPackage>לא ידוע</QtyInPackage><UnitOfMeasurePrice>0.0710</UnitOfMeasurePrice><AllowDiscount>1</AllowDiscount><ItemStatus>1</ItemStatus><ItemPrice>7.10</ItemPrice></item><item><PriceUpdateDate>2015-11-11 11:53:04</PriceUpdateDate><ItemCode>7290000435411</ItemCode><ItemType>1</ItemType><ItemName>קוטג' 5% טרה 250 גרם</ItemName><ManufacturerName>טרה</ManufacturerName><ManufactureCountry>ישראל</ManufactureCountry><ManufacturerItemDescription>קוטג מועשר 250 5% גרם</ManufacturerItemDescription><SoldByWeight/><Quantity>250.00</Quantity><UnitOfMeasure>גרם     </UnitOfMeasure><QtyInPackage>לא ידוע</QtyInPackage><UnitOfMeasurePrice>0.0228</UnitOfMeasurePrice><AllowDiscount>1</AllowDiscount><ItemStatus>1</ItemStatus><ItemPrice>5.70</ItemPrice></item><item><PriceUpdateDate>2015-11-24 11:03:14</PriceUpdateDate><ItemCode>7290000435428</ItemCode><ItemType>1</ItemType><ItemName>בירה טובורג בקבוק חו</ItemName><ManufacturerName>טובורג רד</ManufacturerName><ManufactureCountry>ישראל</ManufactureCountry><ManufacturerItemDescription>בירה טובורג0.5 ל.בקבוק חו</ManufacturerItemDescription><SoldByWeight/><Quantity>500.00</Quantity><UnitOfMeasure>מ"ל</UnitOfMeasure><QtyInPackage>לא ידוע</QtyInPackage><UnitOfMeasurePrice>0.0170</UnitOfMeasurePrice><AllowDiscount>1</AllowDiscount><ItemStatus>1</ItemStatus><ItemPrice>8.50</ItemPrice></item><item><PriceUpdateDate>2015-11-24 11:03:14</PriceUpdateDate><ItemCode>7290000435435</ItemCode><ItemType>1</ItemType><ItemName>בירה קרלסברג בקבוק ח</ItemName><ManufacturerName>קרלסברג</ManufacturerName><ManufactureCountry>ישראל</ManufactureCountry><ManufacturerItemDescription>בירה קרלסברג 0.5 ל.בקבוק</ManufacturerItemDescription><SoldByWeight/><Quantity>500.00</Quantity><UnitOfMeasure>מ"ל</UnitOfMeasure><QtyInPackage>לא ידוע</QtyInPackage><UnitOfMeasurePrice>0.0178</UnitOfMeasurePrice><AllowDiscount>1</AllowDiscount><ItemStatus>1</ItemStatus><ItemPrice>8.90</ItemPrice></item><item><PriceUpdateDate>2016-05-31 09:32:53</PriceUpdateDate><ItemCode>7290000435442</ItemCode><ItemType>1</ItemType><ItemName>מיץ פריגת ענבים 1.5</ItemName><ManufacturerName>פריגת</ManufacturerName><ManufactureCountry>ישראל</ManufactureCountry><ManufacturerItemDescription>משקל פריגת ענבים</ManufacturerItemDescription><SoldByWeight/><Quantity>1500.00</Quantity><UnitOfMeasure>מ"ל</UnitOfMeasure><QtyInPackage>לא ידוע</QtyInPackage><UnitOfMeasurePrice>0.0045</UnitOfMeasurePrice><AllowDiscount>0</AllowDiscount><ItemStatus>1</ItemStatus><ItemPrice>6.80</ItemPrice></item><item><PriceUpdateDate>2016-05-31 09:32:53</PriceUpdateDate><ItemCode>7290000435459</ItemCode><ItemType>1</ItemType><ItemName>מיץ פריגת תפוזים 1.5</ItemName><ManufacturerName>פריגת</ManufacturerName><ManufactureCountry>ישראל</ManufactureCountry><ManufacturerItemDescription>משקל פריגת תפוזים</ManufacturerItemDescription><SoldByWeight/><Quantity>1500.00</Quantity><UnitOfMeasure>מ"ל</UnitOfMeasure><QtyInPackage>לא ידוע</QtyInPackage><UnitOfMeasurePrice>0.0045</UnitOfMeasurePrice><AllowDiscount>0</AllowDiscount><ItemStatus>1</ItemStatus><ItemPrice>6.80</ItemPrice></item><item><PriceUpdateDate>2016-05-31 09:32:53</PriceUpdateDate><ItemCode>7290000435466</ItemCode><ItemType>1</ItemType><ItemName>מיץ פריגת אשכוליות 1</ItemName><ManufacturerName>פריגת</ManufacturerName><ManufactureCountry>ישראל</ManufactureCountry><ManufacturerItemDescription>משקל פריגת אשכוליות</ManufacturerItemDescription><SoldByWeight/><Quantity>1500.00</Quantity><UnitOfMeasure>מ"ל</UnitOfMeasure><QtyInPackage>לא ידוע</QtyInPackage><UnitOfMeasurePrice>0.0045</UnitOfMeasurePrice><AllowDiscount>0</AllowDiscount><ItemStatus>1</ItemStatus><ItemPrice>6.80</ItemPrice></item><item><PriceUpdateDate>2016-05-31 09:32:54</PriceUpdateDate><ItemCode>7290000436234</ItemCode><ItemType>1</ItemType><ItemName>שוקו כד 1.5% יטבתה 2</ItemName><ManufacturerName>יטבתה</ManufacturerName><ManufactureCountry>ישראל</ManufactureCountry><ManufacturerItemDescription>שוקו2 ל.בכד פלסטיק</ManufacturerItemDescription><SoldByWeight/><Quantity>2000.00</Quantity><UnitOfMeasure>מ"ל</UnitOfMeasure><QtyInPackage>לא ידוע</QtyInPackage><UnitOfMeasurePrice>0.0099</UnitOfMeasurePrice><AllowDiscount>1</AllowDiscount><ItemStatus>1</ItemStatus><ItemPrice>19.90</ItemPrice></item><item><PriceUpdateDate>2016-08-02 06:30:50</PriceUpdateDate><ItemCode>7290000436272</ItemCode><ItemType>1</ItemType><ItemName>שוקו יטבתה בקבוק 1 ל</ItemName><ManufacturerName>יטבתה</ManufacturerName><ManufactureCountry>ישראל</ManufactureCountry><ManufacturerItemDescription>שוקו יוטבתה1 ל.בקבוק</ManufacturerItemDescription><SoldByWeight/><Quantity>1000.00</Quantity><UnitOfMeasure>מ"ל</UnitOfMeasure><QtyInPackage>לא ידוע</QtyInPackage><UnitOfMeasurePrice>0.0119</UnitOfMeasurePrice><AllowDiscount>1</AllowDiscount><ItemStatus>1</ItemStatus><ItemPrice>11.90</ItemPrice></item><item><PriceUpdateDate>2016-03-16 13:25:33</PriceUpdateDate><ItemCode>7290000436340</ItemCode><ItemType>1</ItemType><ItemName>שוקו יטבתה עם פקק 25</ItemName><ManufacturerName>יטבתה</ManufacturerName><ManufactureCountry>ישראל</ManufactureCountry><ManufacturerItemDescription>שוקו יטבתה ספורטאים 250 מ</ManufacturerItemDescription><SoldByWeight/><Quantity>250.00</Quantity><UnitOfMeasure>מ"ל</UnitOfMeasure><QtyInPackage>לא ידוע</QtyInPackage><UnitOfMeasurePrice>0.0212</UnitOfMeasurePrice><AllowDiscount>1</AllowDiscount><ItemStatus>1</ItemStatus><ItemPrice>5.30</ItemPrice></item><item><PriceUpdateDate>2016-08-02 06:30:50</PriceUpdateDate><ItemCode>7290000436364</ItemCode><ItemType>1</ItemType><ItemName>מוקה יטבתה 1 ליטר</ItemName><ManufacturerName>יטבתה</ManufacturerName><ManufactureCountry>ישראל</ManufactureCountry><ManufacturerItemDescription>מוקה יוטבתה 1 ליטר</ManufacturerItemDescription><SoldByWeight/><Quantity>1000.00</Quantity><UnitOfMeasure>מ"ל</UnitOfMeasure><QtyInPackage>לא ידוע</QtyInPackage><UnitOfMeasurePrice>0.0119</UnitOfMeasurePrice><AllowDiscount>1</AllowDiscount><ItemStatus>1</ItemStatus><ItemPrice>11.90</ItemPrice></item><item><PriceUpdateDate>2015-11-17 07:37:22</PriceUpdateDate><ItemCode>7290000436531</ItemCode><ItemType>1</ItemType><ItemName>תה ליפטון 25 שקיקים</ItemName><ManufacturerName>ליפטון</ManufacturerName><ManufactureCountry>הודו</ManufactureCountry><ManufacturerItemDescription>נשכן            ת נובי</ManufacturerItemDescription><SoldByWeight/><Quantity>50.00</Quantity><UnitOfMeasure>גרם     </UnitOfMeasure><QtyInPackage>לא ידוע</QtyInPackage><UnitOfMeasurePrice>0.1560</UnitOfMeasurePrice><AllowDiscount>1</AllowDiscount><ItemStatus>1</ItemStatus><ItemPrice>7.80</ItemPrice></item><item><PriceUpdateDate>2016-03-16 13:26:02</PriceUpdateDate><ItemCode>7290000436678</ItemCode><ItemType>1</ItemType><ItemName>קוקה קולה שישייה. 1.</ItemName><ManufacturerName>קוקה קולה</ManufacturerName><ManufactureCountry>ישראל</ManufactureCountry><ManufacturerItemDescription>קוקה קולה 1.5 ל</ManufacturerItemDescription><SoldByWeight/><Quantity>9000.00</Quantity><UnitOfMeasure>מ"ל</UnitOfMeasure><QtyInPackage>לא ידוע</QtyInPackage><UnitOfMeasurePrice>0.0040</UnitOfMeasurePrice><AllowDiscount>1</AllowDiscount><ItemStatus>1</ItemStatus><ItemPrice>35.90</ItemPrice></item><item><PriceUpdateDate>2015-10-22 09:58:31</PriceUpdateDate><ItemCode>7290000436784</ItemCode><ItemType>1</ItemType><ItemName>מג'יק אטריות בטעם מר</ItemName><ManufacturerName>מג'יק</ManufacturerName><ManufactureCountry>ישראל</ManufactureCountry><ManufacturerItemDescription>מג'יק אטריות בטעם מר</ManufacturerItemDescription><SoldByWeight/><Quantity>14.00</Quantity><UnitOfMeasure>גרם     </UnitOfMeasure><QtyInPackage>לא ידוע</QtyInPackage><UnitOfMeasurePrice>0.3000</UnitOfMeasurePrice><AllowDiscount>1</AllowDiscount><ItemStatus>1</ItemStatus><ItemPrice>4.20</ItemPrice></item><item><PriceUpdateDate>2015-10-22 09:58:31</PriceUpdateDate><ItemCode>7290000436852</ItemCode><ItemType>1</ItemType><ItemName>יוגורט עיזים טבעי 15</ItemName><ManufacturerName>משק צוריאל</ManufacturerName><ManufactureCountry>ישראל</ManufactureCountry><ManufacturerItemDescription>יוגורט עיזים 150 3.9% גר</ManufacturerItemDescription><SoldByWeight/><Quantity>140.00</Quantity><UnitOfMeasure>מ"ל</UnitOfMeasure><QtyInPackage>לא ידוע</QtyInPackage><UnitOfMeasurePrice>0.0493</UnitOfMeasurePrice><AllowDiscount>0</AllowDiscount><ItemStatus>1</ItemStatus><ItemPrice>6.90</ItemPrice></item><item><PriceUpdateDate>2015-10-22 09:58:31</PriceUpdateDate><ItemCode>7290000436883</ItemCode><ItemType>1</ItemType><ItemName>טופו טבעי 300 גרם</ItemName><ManufacturerName>משק צוריאל</ManufacturerName><ManufactureCountry>ארצות הברית</ManufactureCountry><ManufacturerItemDescription>טופו גולמי ואקום 300 גר</ManufacturerItemDescription><SoldByWeight/><Quantity>300.00</Quantity><UnitOfMeasure>גרם     </UnitOfMeasure><QtyInPackage>לא ידוע</QtyInPackage><UnitOfMeasurePrice>0.0463</UnitOfMeasurePrice><AllowDiscount>1</AllowDiscount><ItemStatus>1</ItemStatus><ItemPrice>13.90</ItemPrice></item><item><PriceUpdateDate>2016-03-29 06:06:07</PriceUpdateDate><ItemCode>7290000437316</ItemCode><ItemType>1</ItemType><ItemName>בקר טחון קפוא 500 גר</ItemName><ManufacturerName>טיבון ויל</ManufacturerName><ManufactureCountry>ישראל</ManufactureCountry><ManufacturerItemDescription>טחון עגל 500 גר</ManufacturerItemDescription><SoldByWeight/><Quantity>500.00</Quantity><UnitOfMeasure>גרם     </UnitOfMeasure><QtyInPackage>לא ידוע</QtyInPackage><UnitOfMeasurePrice>0.0558</UnitOfMeasurePrice><AllowDiscount>1</AllowDiscount><ItemStatus>1</ItemStatus><ItemPrice>27.90</ItemPrice></item><item><PriceUpdateDate>2016-03-16 13:25:33</PriceUpdateDate><ItemCode>7290000437682</ItemCode><ItemType>1</ItemType><ItemName>דנונה בר פקאן סיני מ</ItemName><ManufacturerName>דנונה</ManufacturerName><ManufactureCountry>ישראל</ManufactureCountry><ManufacturerItemDescription>דנונהדגנים פקאןסיני+שוקול</ManufacturerItemDescription><SoldByWeight/><Quantity>183.00</Quantity><UnitOfMeasure>גרם     </UnitOfMeasure><QtyInPackage>לא ידוע</QtyInPackage><UnitOfMeasurePrice>0.0246</UnitOfMeasurePrice><AllowDiscount>1</AllowDiscount><ItemStatus>1</ItemStatus><ItemPrice>4.50</ItemPrice></item><item><PriceUpdateDate>2015-01-27 06:47:12</PriceUpdateDate><ItemCode>7290000437828</ItemCode><ItemType>1</ItemType><ItemName>ממרח ויקול שמן קנולה</ItemName><ManufacturerName>אוליביה</ManufacturerName><ManufactureCountry>ישראל</ManufactureCountry><ManufacturerItemDescription>ממרח ויקול שמן קנולה</ManufacturerItemDescription><SoldByWeight/><Quantity>150.00</Quantity><UnitOfMeasure>גרם     </UnitOfMeasure><QtyInPackage>לא ידוע</QtyInPackage><UnitOfMeasurePrice>0.0620</UnitOfMeasurePrice><AllowDiscount>1</AllowDiscount><ItemStatus>1</ItemStatus><ItemPrice>9.30</ItemPrice></item><item><PriceUpdateDate>2016-05-01 07:22:47</PriceUpdateDate><ItemCode>7290000437835</ItemCode><ItemType>1</ItemType><ItemName>היינץ מיולייט היינץ</ItemName><ManufacturerName>היינץ</ManufacturerName><ManufactureCountry>ספרד</ManufactureCountry><ManufacturerItemDescription>מיזלי קראנץ     ירות 1 ק</ManufacturerItemDescription><SoldByWeight/><Quantity>430.00</Quantity><UnitOfMeasure>גרם     </UnitOfMeasure><QtyInPackage>לא ידוע</QtyInPackage><UnitOfMeasurePrice>0.0286</UnitOfMeasurePrice><AllowDiscount>0</AllowDiscount><ItemStatus>1</ItemStatus><ItemPrice>12.30</ItemPrice></item><item><PriceUpdateDate>2016-05-01 07:22:47</PriceUpdateDate><ItemCode>7290000437842</ItemCode><ItemType>1</ItemType><ItemName>מיונז היינץ אמיתי 43</ItemName><ManufacturerName>היינץ</ManufacturerName><ManufactureCountry>ספרד</ManufactureCountry><ManufacturerItemDescription>גרנולה אגוזים   ק"ג</ManufacturerItemDescription><SoldByWeight/><Quantity>430.00</Quantity><UnitOfMeasure>גרם     </UnitOfMeasure><QtyInPackage>לא ידוע</QtyInPackage><UnitOfMeasurePrice>0.0286</UnitOfMeasurePrice><AllowDiscount>0</AllowDiscount><ItemStatus>1</ItemStatus><ItemPrice>12.30</ItemPrice></item><item><PriceUpdateDate>2016-08-02 06:30:50</PriceUpdateDate><ItemCode>7290000437897</ItemCode><ItemType>1</ItemType><ItemName>היינץ חרדל אמיתי 255</ItemName><ManufacturerName>היינץ</ManufacturerName><ManufactureCountry>ארצות הברית</ManufactureCountry><ManufacturerItemDescription>כריות הנקה      דות הנקה</ManufacturerItemDescription><SoldByWeight/><Quantity>255.00</Quantity><UnitOfMeasure>גרם     </UnitOfMeasure><QtyInPackage>לא ידוע</QtyInPackage><UnitOfMeasurePrice>0.0467</UnitOfMeasurePrice><AllowDiscount>1</AllowDiscount><ItemStatus>1</ItemStatus><ItemPrice>11.90</ItemPrice></item><item><PriceUpdateDate>2015-11-17 07:37:23</PriceUpdateDate><ItemCode>7290000437996</ItemCode><ItemType>1</ItemType><ItemName>סלט טונה ויליגר 160</ItemName><ManufacturerName>ויליגר</ManufacturerName><ManufactureCountry>ישראל</ManufactureCountry><ManufacturerItemDescription>סלט טונה ויליגר 160 גר</ManufacturerItemDescription><SoldByWeight/><Quantity>160.00</Quantity><UnitOfMeasure>גרם     </UnitOfMeasure><QtyInPackage>לא ידוע</QtyInPackage><UnitOfMeasurePrice>0.0381</UnitOfMeasurePrice><AllowDiscount>1</AllowDiscount><ItemStatus>1</ItemStatus><ItemPrice>6.10</ItemPrice></item><item><PriceUpdateDate>2016-03-16 13:25:33</PriceUpdateDate><ItemCode>7290000438320</ItemCode><ItemType>1</ItemType><ItemName>פאנטה אורנג' 1.5 ליט</ItemName><ManufacturerName>פאנטה אורנג</ManufacturerName><ManufactureCountry>ישראל</ManufactureCountry><ManufacturerItemDescription>פאנטה אורנג1.5 ל</ManufacturerItemDescription><SoldByWeight/><Quantity>1500.00</Quantity><UnitOfMeasure>מ"ל</UnitOfMeasure><QtyInPackage>לא ידוע</QtyInPackage><UnitOfMeasurePrice>0.0046</UnitOfMeasurePrice><AllowDiscount>1</AllowDiscount><ItemStatus>1</ItemStatus><ItemPrice>6.90</ItemPrice></item><item><PriceUpdateDate>2016-05-31 09:32:54</PriceUpdateDate><ItemCode>7290000438337</ItemCode><ItemType>1</ItemType><ItemName>מיץ פריגת תות בננה 1</ItemName><ManufacturerName>פריגת</ManufacturerName><ManufactureCountry>ישראל</ManufactureCountry><ManufacturerItemDescription>מיץ פריגת תות בננה 1</ManufacturerItemDescription><SoldByWeight/><Quantity>1500.00</Quantity><UnitOfMeasure>מ"ל</UnitOfMeasure><QtyInPackage>לא ידוע</QtyInPackage><UnitOfMeasurePrice>0.0045</UnitOfMeasurePrice><AllowDiscount>0</AllowDiscount><ItemStatus>1</ItemStatus><ItemPrice>6.80</ItemPrice></item><item><PriceUpdateDate>2016-08-10 11:21:38</PriceUpdateDate><ItemCode>7290000438764</ItemCode><ItemType>1</ItemType><ItemName>תיבוליות נוסח הודי 7</ItemName><ManufacturerName>קנור</ManufacturerName><ManufactureCountry>ישראל</ManufactureCountry><ManufacturerItemDescription>תיבוליות נוסח הודי 7</ManufacturerItemDescription><SoldByWeight/><Quantity>72.00</Quantity><UnitOfMeasure>גרם     </UnitOfMeasure><QtyInPackage>לא ידוע</QtyInPackage><UnitOfMeasurePrice>0.1653</UnitOfMeasurePrice><AllowDiscount>1</AllowDiscount><ItemStatus>1</ItemStatus><ItemPrice>11.90</ItemPrice></item><item><PriceUpdateDate>2016-08-10 11:21:39</PriceUpdateDate><ItemCode>7290000438801</ItemCode><ItemType>1</ItemType><ItemName>תיבוליות בזילקום 72</ItemName><ManufacturerName>קנור</ManufacturerName><ManufactureCountry>ישראל</ManufactureCountry><ManufacturerItemDescription>תיבולית קנור בזיליקום</ManufacturerItemDescription><SoldByWeight/><Quantity>72.00</Quantity><UnitOfMeasure>גרם     </UnitOfMeasure><QtyInPackage>לא ידוע</QtyInPackage><UnitOfMeasurePrice>0.1653</UnitOfMeasurePrice><AllowDiscount>1</AllowDiscount><ItemStatus>1</ItemStatus><ItemPrice>11.90</ItemPrice></item><item><PriceUpdateDate>2016-08-10 11:21:39</PriceUpdateDate><ItemCode>7290000438825</ItemCode><ItemType>1</ItemType><ItemName>תיבוליות פטריות 72 ג</ItemName><ManufacturerName>קנור</ManufacturerName><ManufactureCountry>ישראל</ManufactureCountry><ManufacturerItemDescription>תיבוליות פטריות 72 ג</ManufacturerItemDescription><SoldByWeight/><Quantity>72.00</Quantity><UnitOfMeasure>גרם     </UnitOfMeasure><QtyInPackage>לא ידוע</QtyInPackage><UnitOfMeasurePrice>0.1653</UnitOfMeasurePrice><AllowDiscount>1</AllowDiscount><ItemStatus>1</ItemStatus><ItemPrice>11.90</ItemPrice></item><item><PriceUpdateDate>2016-05-31 09:32:54</PriceUpdateDate><ItemCode>7290000438979</ItemCode><ItemType>1</ItemType><ItemName>פתית שוודי חסכוני בד</ItemName><ManufacturerName>פתית</ManufacturerName><ManufactureCountry>ישראל</ManufactureCountry><ManufacturerItemDescription>פתית שוודי חסכוני300 גר .</ManufacturerItemDescription><SoldByWeight/><Quantity>300.00</Quantity><UnitOfMeasure>גרם     </UnitOfMeasure><QtyInPackage>לא ידוע</QtyInPackage><UnitOfMeasurePrice>0.0590</UnitOfMeasurePrice><AllowDiscount>1</AllowDiscount><ItemStatus>1</ItemStatus><ItemPrice>17.70</ItemPrice></item><item><PriceUpdateDate>2015-12-24 08:06:35</PriceUpdateDate><ItemCode>7290000438986</ItemCode><ItemType>1</ItemType><ItemName>קורנפלקס תלמה בד"צ 7</ItemName><ManufacturerName>לא ממותג</ManufacturerName><ManufactureCountry>ישראל</ManufactureCountry><ManufacturerItemDescription>קורנפלקס תלמה בד"צ 7</ManufacturerItemDescription><SoldByWeight/><Quantity>750.00</Quantity><UnitOfMeasure>גרם     </UnitOfMeasure><QtyInPackage>לא ידוע</QtyInPackage><UnitOfMeasurePrice>0.0199</UnitOfMeasurePrice><AllowDiscount>0</AllowDiscount><ItemStatus>1</ItemStatus><ItemPrice>14.90</ItemPrice></item><item><PriceUpdateDate>2016-05-31 09:32:54</PriceUpdateDate><ItemCode>7290000439013</ItemCode><ItemType>1</ItemType><ItemName>ברנפלקס 500 גרם</ItemName><ManufacturerName>ברנפלקס - תלמה</ManufacturerName><ManufactureCountry>ישראל</ManufactureCountry><ManufacturerItemDescription>ברנפלקס בדץ 500 גרם</ManufacturerItemDescription><SoldByWeight/><Quantity>500.00</Quantity><UnitOfMeasure>גרם     </UnitOfMeasure><QtyInPackage>לא ידוע</QtyInPackage><UnitOfMeasurePrice>0.0398</UnitOfMeasurePrice><AllowDiscount>1</AllowDiscount><ItemStatus>1</ItemStatus><ItemPrice>19.90</ItemPrice></item><item><PriceUpdateDate>2016-05-31 09:32:54</PriceUpdateDate><ItemCode>7290000439037</ItemCode><ItemType>1</ItemType><ItemName>פתית חיטה מלאה 250 ג</ItemName><ManufacturerName>פתית</ManufacturerName><ManufactureCountry>ישראל</ManufactureCountry><ManufacturerItemDescription>פתית חיטה מלאה בדצ 250 גר</ManufacturerItemDescription><SoldByWeight/><Quantity>250.00</Quantity><UnitOfMeasure>גרם     </UnitOfMeasure><QtyInPackage>לא ידוע</QtyInPackage><UnitOfMeasurePrice>0.0708</UnitOfMeasurePrice><AllowDiscount>1</AllowDiscount><ItemStatus>1</ItemStatus><ItemPrice>17.70</ItemPrice></item><item><PriceUpdateDate>2016-05-31 09:32:54</PriceUpdateDate><ItemCode>7290000439068</ItemCode><ItemType>1</ItemType><ItemName>כריות נוגט בד"צ 750</ItemName><ManufacturerName>כריות</ManufacturerName><ManufactureCountry>ישראל</ManufactureCountry><ManufacturerItemDescription>כריות נוגט 750 גרם בדצ</ManufacturerItemDescription><SoldByWeight/><Quantity>750.00</Quantity><UnitOfMeasure>גרם     </UnitOfMeasure><QtyInPackage>לא ידוע</QtyInPackage><UnitOfMeasurePrice>0.0332</UnitOfMeasurePrice><AllowDiscount>1</AllowDiscount><ItemStatus>1</ItemStatus><ItemPrice>24.90</ItemPrice></item><item><PriceUpdateDate>2015-10-13 09:47:43</PriceUpdateDate><ItemCode>7290000439075</ItemCode><ItemType>1</ItemType><ItemName>נמס בכוס ועוד זך זוג</ItemName><ManufacturerName>קנור</ManufacturerName><ManufactureCountry>ישראל</ManufactureCountry><ManufacturerItemDescription>מרקנמס בכוס ועוד זך 048 ג</ManufacturerItemDescription><SoldByWeight/><Quantity>14.00</Quantity><UnitOfMeasure>גרם     </UnitOfMeasure><QtyInPackage>לא ידוע</QtyInPackage><UnitOfMeasurePrice>0.5929</UnitOfMeasurePrice><AllowDiscount>1</AllowDiscount><ItemStatus>1</ItemStatus><ItemPrice>8.30</ItemPrice></item><item><PriceUpdateDate>2015-11-17 07:37:23</PriceUpdateDate><ItemCode>7290000439198</ItemCode><ItemType>1</ItemType><ItemName>מרק עוף אמיתי קנור ר</ItemName><ManufacturerName>קנור</ManufacturerName><ManufactureCountry>ישראל</ManufactureCountry><ManufacturerItemDescription>מרק עוף אמיתי רכיבים טבעי</ManufacturerItemDescription><SoldByWeight/><Quantity>400.00</Quantity><UnitOfMeasure>גרם     </UnitOfMeasure><QtyInPackage>לא ידוע</QtyInPackage><UnitOfMeasurePrice>0.0772</UnitOfMeasurePrice><AllowDiscount>1</AllowDiscount><ItemStatus>1</ItemStatus><ItemPrice>30.90</ItemPrice></item><item><PriceUpdateDate>2015-11-17 07:37:23</PriceUpdateDate><ItemCode>7290000439211</ItemCode><ItemType>1</ItemType><ItemName>דגני בוקר עוגי 750 ג</ItemName><ManufacturerName>עוגי</ManufacturerName><ManufactureCountry>ישראל</ManufactureCountry><ManufacturerItemDescription>דגני בוקר עוגי 750 ג</ManufacturerItemDescription><SoldByWeight/><Quantity>750.00</Quantity><UnitOfMeasure>גרם     </UnitOfMeasure><QtyInPackage>לא ידוע</QtyInPackage><UnitOfMeasurePrice>0.0457</UnitOfMeasurePrice><AllowDiscount>1</AllowDiscount><ItemStatus>1</ItemStatus><ItemPrice>34.30</ItemPrice></item><item><PriceUpdateDate>2016-02-16 10:18:30</PriceUpdateDate><ItemCode>7290000439426</ItemCode><ItemType>1</ItemType><ItemName>שוקולד פרה קרם חלב 1</ItemName><ManufacturerName>פרה</ManufacturerName><ManufactureCountry>ישראל</ManufactureCountry><ManufacturerItemDescription>שוקולד פרה קרם חלב 100 גר</ManufacturerItemDescription><SoldByWeight/><Quantity>100.00</Quantity><UnitOfMeasure>גרם     </UnitOfMeasure><QtyInPackage>לא ידוע</QtyInPackage><UnitOfMeasurePrice>0.0690</UnitOfMeasurePrice><AllowDiscount>0</AllowDiscount><ItemStatus>1</ItemStatus><ItemPrice>6.90</ItemPrice></item><item><PriceUpdateDate>2016-03-16 13:25:33</PriceUpdateDate><ItemCode>7290000439433</ItemCode><ItemType>1</ItemType><ItemName>שוקולד פרה מריר ללא</ItemName><ManufacturerName>פרה</ManufacturerName><ManufactureCountry>ישראל</ManufactureCountry><ManufacturerItemDescription>שוקולד פרה מריר ללא סוכר1</ManufacturerItemDescription><SoldByWeight/><Quantity>100.00</Quantity><UnitOfMeasure>גרם     </UnitOfMeasure><QtyInPackage>לא ידוע</QtyInPackage><UnitOfMeasurePrice>0.0950</UnitOfMeasurePrice><AllowDiscount>1</AllowDiscount><ItemStatus>1</ItemStatus><ItemPrice>9.50</ItemPrice></item><item><PriceUpdateDate>2016-02-16 10:18:30</PriceUpdateDate><ItemCode>7290000439440</ItemCode><ItemType>1</ItemType><ItemName>שוקולד פרה חלב אגוזי</ItemName><ManufacturerName>פרה</ManufacturerName><ManufactureCountry>ישראל</ManufactureCountry><ManufacturerItemDescription>שוקולד פרה חלב+אגוזים 100</ManufacturerItemDescription><SoldByWeight/><Quantity>100.00</Quantity><UnitOfMeasure>גרם     </UnitOfMeasure><QtyInPackage>לא ידוע</QtyInPackage><UnitOfMeasurePrice>0.0690</UnitOfMeasurePrice><AllowDiscount>0</AllowDiscount><ItemStatus>1</ItemStatus><ItemPrice>6.90</ItemPrice></item><item><PriceUpdateDate>2016-03-16 13:25:33</PriceUpdateDate><ItemCode>7290000439457</ItemCode><ItemType>1</ItemType><ItemName>שוקולד חלב פרה ללא ס</ItemName><ManufacturerName>פרה</ManufacturerName><ManufactureCountry>ישראל</ManufactureCountry><ManufacturerItemDescription>שוקולד חלב ללא סוכר 100 ג</ManufacturerItemDescription><SoldByWeight/><Quantity>100.00</Quantity><UnitOfMeasure>גרם     </UnitOfMeasure><QtyInPackage>לא ידוע</QtyInPackage><UnitOfMeasurePrice>0.0950</UnitOfMeasurePrice><AllowDiscount>1</AllowDiscount><ItemStatus>1</ItemStatus><ItemPrice>9.50</ItemPrice></item><item><PriceUpdateDate>2016-08-02 06:35:58</PriceUpdateDate><ItemCode>7290000439488</ItemCode><ItemType>1</ItemType><ItemName>מב טורטלינו פטריות ג</ItemName><ManufacturerName>שטראוס</ManufacturerName><ManufactureCountry>ישראל</ManufactureCountry><ManufacturerItemDescription>פסטהשטראוס טורטלוני פטריו</ManufacturerItemDescription><SoldByWeight/><Quantity>400.00</Quantity><UnitOfMeasure>גרם     </UnitOfMeasure><QtyInPackage>לא ידוע</QtyInPackage><UnitOfMeasurePrice>0.0422</UnitOfMeasurePrice><AllowDiscount>1</AllowDiscount><ItemStatus>1</ItemStatus><ItemPrice>16.90</ItemPrice></item><item><PriceUpdateDate>2016-06-27 19:05:14</PriceUpdateDate><ItemCode>7290000439525</ItemCode><ItemType>1</ItemType><ItemName>קצפת ריצ' פרווה 212</ItemName><ManufacturerName>ריצ</ManufacturerName><ManufactureCountry>ארצות הברית</ManufactureCountry><ManufacturerItemDescription>בייבי ביס       נה 50 גר</ManufacturerItemDescription><SoldByWeight/><Quantity>212.00</Quantity><UnitOfMeasure>מ"ל</UnitOfMeasure><QtyInPackage>לא ידוע</QtyInPackage><UnitOfMeasurePrice>0.0528</UnitOfMeasurePrice><AllowDiscount>1</AllowDiscount><ItemStatus>1</ItemStatus><ItemPrice>11.20</ItemPrice></item><item><PriceUpdateDate>2016-08-02 06:35:58</PriceUpdateDate><ItemCode>7290000439532</ItemCode><ItemType>1</ItemType><ItemName>מב קצפת ריצ' פרווה 4</ItemName><ManufacturerName>ריצ</ManufacturerName><ManufactureCountry>ארצות הברית</ManufactureCountry><ManufacturerItemDescription>דאק דיסק ג'ל    לה לבנדר</ManufacturerItemDescription><SoldByWeight/><Quantity>425.00</Quantity><UnitOfMeasure>מ"ל</UnitOfMeasure><QtyInPackage>לא ידוע</QtyInPackage><UnitOfMeasurePrice>0.0282</UnitOfMeasurePrice><AllowDiscount>1</AllowDiscount><ItemStatus>1</ItemStatus><ItemPrice>12.00</ItemPrice></item><item><PriceUpdateDate>2016-06-13 06:38:04</PriceUpdateDate><ItemCode>7290000439808</ItemCode><ItemType>1</ItemType><ItemName>יופלה אננס 3% 150 גר</ItemName><ManufacturerName>יופלה</ManufacturerName><ManufactureCountry>ישראל</ManufactureCountry><ManufacturerItemDescription>יופלה אננס 150 3% מל</ManufacturerItemDescription><SoldByWeight/><Quantity>150.00</Quantity><UnitOfMeasure>גרם     </UnitOfMeasure><QtyInPackage>לא ידוע</QtyInPackage><UnitOfMeasurePrice>0.0327</UnitOfMeasurePrice><AllowDiscount>1</AllowDiscount><ItemStatus>1</ItemStatus><ItemPrice>4.90</ItemPrice></item><item><PriceUpdateDate>2015-10-13 09:47:44</PriceUpdateDate><ItemCode>7290000439822</ItemCode><ItemType>1</ItemType><ItemName>שוקו תנובה בשקית 225</ItemName><ManufacturerName>שוק</ManufacturerName><ManufactureCountry>ישראל</ManufactureCountry><ManufacturerItemDescription>שוקו שוק בשקית 225 מל</ManufacturerItemDescription><SoldByWeight/><Quantity>225.00</Quantity><UnitOfMeasure>מ"ל</UnitOfMeasure><QtyInPackage>לא ידוע</QtyInPackage><UnitOfMeasurePrice>0.0129</UnitOfMeasurePrice><AllowDiscount>1</AllowDiscount><ItemStatus>1</ItemStatus><ItemPrice>2.90</ItemPrice></item><item><PriceUpdateDate>2015-10-22 09:58:31</PriceUpdateDate><ItemCode>7290000439839</ItemCode><ItemType>1</ItemType><ItemName>מעדן קרלו וניל 1.5%</ItemName><ManufacturerName>קרלו</ManufacturerName><ManufactureCountry>ישראל</ManufactureCountry><ManufacturerItemDescription>קרלו מעדן וניל125 3%מל</ManufacturerItemDescription><SoldByWeight/><Quantity>125.00</Quantity><UnitOfMeasure>גרם     </UnitOfMeasure><QtyInPackage>לא ידוע</QtyInPackage><UnitOfMeasurePrice>0.0240</UnitOfMeasurePrice><AllowDiscount>1</AllowDiscount><ItemStatus>1</ItemStatus><ItemPrice>3.00</ItemPrice></item><item><PriceUpdateDate>2015-10-13 09:47:44</PriceUpdateDate><ItemCode>7290000439846</ItemCode><ItemType>1</ItemType><ItemName>מעדן קרלו שוקו 1.5%</ItemName><ManufacturerName>קרלו</ManufacturerName><ManufactureCountry>ישראל</ManufactureCountry><ManufacturerItemDescription>קרלו מעדן שוקו125 3% מל</ManufacturerItemDescription><SoldByWeight/><Quantity>125.00</Quantity><UnitOfMeasure>מ"ל</UnitOfMeasure><QtyInPackage>לא ידוע</QtyInPackage><UnitOfMeasurePrice>0.0240</UnitOfMeasurePrice><AllowDiscount>1</AllowDiscount><ItemStatus>1</ItemStatus><ItemPrice>3.00</ItemPrice></item><item><PriceUpdateDate>2015-10-13 09:47:44</PriceUpdateDate><ItemCode>7290000439853</ItemCode><ItemType>1</ItemType><ItemName>מעדן קרלו שוניל 1.5%</ItemName><ManufacturerName>קרלו</ManufacturerName><ManufactureCountry>ישראל</ManufactureCountry><ManufacturerItemDescription>קרלו מעדן שוניל 125 1.5%</ManufacturerItemDescription><SoldByWeight/><Quantity>125.00</Quantity><UnitOfMeasure>גרם     </UnitOfMeasure><QtyInPackage>לא ידוע</QtyInPackage><UnitOfMeasurePrice>0.0248</UnitOfMeasurePrice><AllowDiscount>1</AllowDiscount><ItemStatus>1</ItemStatus><ItemPrice>3.10</ItemPrice></item><item><PriceUpdateDate>2016-08-02 06:30:51</PriceUpdateDate><ItemCode>7290000439914</ItemCode><ItemType>1</ItemType><ItemName>גבינה בולגרית 24% פי</ItemName><ManufacturerName>פיראוס</ManufacturerName><ManufactureCountry>ישראל</ManufactureCountry><ManufacturerItemDescription>גבינה בולגרית פיראוס250-2</ManufacturerItemDescription><SoldByWeight/><Quantity>250.00</Quantity><UnitOfMeasure>גרם     </UnitOfMeasure><QtyInPackage>לא ידוע</QtyInPackage><UnitOfMeasurePrice>0.0960</UnitOfMeasurePrice><AllowDiscount>1</AllowDiscount><ItemStatus>1</ItemStatus><ItemPrice>24.00</ItemPrice></item><item><PriceUpdateDate>2016-08-02 06:30:51</PriceUpdateDate><ItemCode>7290000439921</ItemCode><ItemType>1</ItemType><ItemName>גבינה בולגרית 16% פי</ItemName><ManufacturerName>פיראוס</ManufacturerName><ManufactureCountry>ישראל</ManufactureCountry><ManufacturerItemDescription>גבינה בולגרית פיראוס250-1</ManufacturerItemDescription><SoldByWeight/><Quantity>250.00</Quantity><UnitOfMeasure>גרם     </UnitOfMeasure><QtyInPackage>לא ידוע</QtyInPackage><UnitOfMeasurePrice>0.0960</UnitOfMeasurePrice><AllowDiscount>1</AllowDiscount><ItemStatus>1</ItemStatus><ItemPrice>24.00</ItemPrice></item><item><PriceUpdateDate>2016-04-24 07:45:00</PriceUpdateDate><ItemCode>7290000439952</ItemCode><ItemType>1</ItemType><ItemName>חלב כד 3% מהדרין 2 ל</ItemName><ManufacturerName>חלב תנובה</ManufacturerName><ManufactureCountry>ישראל</ManufactureCountry><ManufacturerItemDescription>חלב כד 3% מהדרין 2 ל</ManufacturerItemDescription><SoldByWeight/><Quantity>2000.00</Quantity><UnitOfMeasure>מ"ל</UnitOfMeasure><QtyInPackage>לא ידוע</QtyInPackage><UnitOfMeasurePrice>0.0058</UnitOfMeasurePrice><AllowDiscount>1</AllowDiscount><ItemStatus>1</ItemStatus><ItemPrice>11.50</ItemPrice></item><item><PriceUpdateDate>2016-08-02 06:35:58</PriceUpdateDate><ItemCode>7290000440071</ItemCode><ItemType>1</ItemType><ItemName>מב פטה כבשים פיראוס</ItemName><ManufacturerName>פיראוס</ManufacturerName><ManufactureCountry>ישראל</ManufactureCountry><ManufacturerItemDescription>מב פטה כבשים פיראוס</ManufacturerItemDescription><SoldByWeight/><Quantity>250.00</Quantity><UnitOfMeasure>גרם     </UnitOfMeasure><QtyInPackage>לא ידוע</QtyInPackage><UnitOfMeasurePrice>0.0876</UnitOfMeasurePrice><AllowDiscount>1</AllowDiscount><ItemStatus>1</ItemStatus><ItemPrice>21.90</ItemPrice></item><item><PriceUpdateDate>2016-06-13 06:36:31</PriceUpdateDate><ItemCode>7290000440118</ItemCode><ItemType>1</ItemType><ItemName>גבינת עמק פתיתים 200</ItemName><ManufacturerName>שף לבן</ManufacturerName><ManufactureCountry>ישראל</ManufactureCountry><ManufacturerItemDescription>פתיתי עמק למאפים 200 גרם</ManufacturerItemDescription><SoldByWeight/><Quantity>200.00</Quantity><UnitOfMeasure>גרם     </UnitOfMeasure><QtyInPackage>לא ידוע</QtyInPackage><UnitOfMeasurePrice>0.0730</UnitOfMeasurePrice><AllowDiscount>1</AllowDiscount><ItemStatus>1</ItemStatus><ItemPrice>14.60</ItemPrice></item><item><PriceUpdateDate>2016-06-13 06:36:31</PriceUpdateDate><ItemCode>7290000440125</ItemCode><ItemType>1</ItemType><ItemName>גבינת פתיתי פרמזן לפ</ItemName><ManufacturerName>שף לבן</ManufacturerName><ManufactureCountry>ישראל</ManufactureCountry><ManufacturerItemDescription>פרמזן פתיתים100 גר</ManufacturerItemDescription><SoldByWeight/><Quantity>1000.00</Quantity><UnitOfMeasure>גרם     </UnitOfMeasure><QtyInPackage>לא ידוע</QtyInPackage><UnitOfMeasurePrice>0.0122</UnitOfMeasurePrice><AllowDiscount>1</AllowDiscount><ItemStatus>1</ItemStatus><ItemPrice>12.20</ItemPrice></item><item><PriceUpdateDate>2016-02-16 10:18:30</PriceUpdateDate><ItemCode>7290000440132</ItemCode><ItemType>1</ItemType><ItemName>צהובה גוש חלב 28% פר</ItemName><ManufacturerName>גוש חלב</ManufacturerName><ManufactureCountry>ישראל</ManufactureCountry><ManufacturerItemDescription>צהובה גוש חלב 28% פר</ManufacturerItemDescription><SoldByWeight/><Quantity>200.00</Quantity><UnitOfMeasure>גרם     </UnitOfMeasure><QtyInPackage>לא ידוע</QtyInPackage><UnitOfMeasurePrice>0.0695</UnitOfMeasurePrice><AllowDiscount>1</AllowDiscount><ItemStatus>1</ItemStatus><ItemPrice>13.90</ItemPrice></item><item><PriceUpdateDate>2015-10-01 00:27:01</PriceUpdateDate><ItemCode>7290000440149</ItemCode><ItemType>1</ItemType><ItemName>גבינה עמק פרוס 200 ג</ItemName><ManufacturerName>עמק</ManufacturerName><ManufactureCountry>ישראל</ManufactureCountry><ManufacturerItemDescription>גבינה עמק פרוס פתיחה חוזר</ManufacturerItemDescription><SoldByWeight/><Quantity>200.00</Quantity><UnitOfMeasure>גרם     </UnitOfMeasure><QtyInPackage>לא ידוע</QtyInPackage><UnitOfMeasurePrice>0.0765</UnitOfMeasurePrice><AllowDiscount>1</AllowDiscount><ItemStatus>1</ItemStatus><ItemPrice>15.30</ItemPrice></item><item><PriceUpdateDate>2015-10-13 09:47:44</PriceUpdateDate><ItemCode>7290000440163</ItemCode><ItemType>1</ItemType><ItemName>גבינת עמק לייט 9% 20</ItemName><ManufacturerName>עמק</ManufacturerName><ManufactureCountry>ישראל</ManufactureCountry><ManufacturerItemDescription>גבינה קשה עמק לייט200 9%</ManufacturerItemDescription><SoldByWeight/><Quantity>200.00</Quantity><UnitOfMeasure>גרם     </UnitOfMeasure><QtyInPackage>לא ידוע</QtyInPackage><UnitOfMeasurePrice>0.0835</UnitOfMeasurePrice><AllowDiscount>1</AllowDiscount><ItemStatus>1</ItemStatus><ItemPrice>16.70</ItemPrice></item><item><PriceUpdateDate>2016-06-17 07:10:51</PriceUpdateDate><ItemCode>7290000440187</ItemCode><ItemType>1</ItemType><ItemName>פתיתי עמק למאפה השף</ItemName><ManufacturerName>שף לבן</ManufacturerName><ManufactureCountry>ישראל</ManufactureCountry><ManufacturerItemDescription>פתיתי עמק למאפה השף</ManufacturerItemDescription><SoldByWeight/><Quantity>500.00</Quantity><UnitOfMeasure>גרם     </UnitOfMeasure><QtyInPackage>לא ידוע</QtyInPackage><UnitOfMeasurePrice>0.0678</UnitOfMeasurePrice><AllowDiscount>1</AllowDiscount><ItemStatus>1</ItemStatus><ItemPrice>33.90</ItemPrice></item><item><PriceUpdateDate>2015-10-13 09:47:44</PriceUpdateDate><ItemCode>7290000440217</ItemCode><ItemType>1</ItemType><ItemName>גבינת חמד פיראוס ליי</ItemName><ManufacturerName>פיראוס</ManufacturerName><ManufactureCountry>ישראל</ManufactureCountry><ManufacturerItemDescription>גבינת חמד פיראוס ליי</ManufacturerItemDescription><SoldByWeight/><Quantity>250.00</Quantity><UnitOfMeasure>גרם     </UnitOfMeasure><QtyInPackage>לא ידוע</QtyInPackage><UnitOfMeasurePrice>0.0700</UnitOfMeasurePrice><AllowDiscount>1</AllowDiscount><ItemStatus>1</ItemStatus><ItemPrice>17.50</ItemPrice></item><item><PriceUpdateDate>2015-10-22 09:58:31</PriceUpdateDate><ItemCode>7290000440224</ItemCode><ItemType>1</ItemType><ItemName>אצבעות עמק 172 גרם</ItemName><ManufacturerName>עמק</ManufacturerName><ManufactureCountry>ישראל</ManufactureCountry><ManufacturerItemDescription>אצבעות גבינה עמק 172 גרם</ManufacturerItemDescription><SoldByWeight/><Quantity>172.00</Quantity><UnitOfMeasure>גרם     </UnitOfMeasure><QtyInPackage>לא ידוע</QtyInPackage><UnitOfMeasurePrice>0.0959</UnitOfMeasurePrice><AllowDiscount>1</AllowDiscount><ItemStatus>1</ItemStatus><ItemPrice>16.50</ItemPrice></item><item><PriceUpdateDate>2016-08-10 11:21:58</PriceUpdateDate><ItemCode>7290000440279</ItemCode><ItemType>1</ItemType><ItemName>מב גבינה לבנה רכה 5%</ItemName><ManufacturerName>גבינות תנובה</ManufacturerName><ManufactureCountry>ישראל</ManufactureCountry><ManufacturerItemDescription>מב גבינה לבנה רכה 5%</ManufacturerItemDescription><SoldByWeight/><Quantity>250.00</Quantity><UnitOfMeasure>גרם     </UnitOfMeasure><QtyInPackage>לא ידוע</QtyInPackage><UnitOfMeasurePrice>0.0160</UnitOfMeasurePrice><AllowDiscount>1</AllowDiscount><ItemStatus>1</ItemStatus><ItemPrice>4.00</ItemPrice></item><item><PriceUpdateDate>2016-02-15 10:07:46</PriceUpdateDate><ItemCode>7290000440309</ItemCode><ItemType>1</ItemType><ItemName>יופלה דיאט תות 0% 15</ItemName><ManufacturerName>יופלה</ManufacturerName><ManufactureCountry>ישראל</ManufactureCountry><ManufacturerItemDescription>יופלה דיאט תות 150 מל</ManufacturerItemDescription><SoldByWeight/><Quantity>150.00</Quantity><UnitOfMeasure>גרם     </UnitOfMeasure><QtyInPackage>לא ידוע</QtyInPackage><UnitOfMeasurePrice>0.0353</UnitOfMeasurePrice><AllowDiscount>1</AllowDiscount><ItemStatus>1</ItemStatus><ItemPrice>5.30</ItemPrice></item><item><PriceUpdateDate>2015-10-13 09:47:44</PriceUpdateDate><ItemCode>7290000440354</ItemCode><ItemType>1</ItemType><ItemName>שמנת תנובה 9% שומן</ItemName><ManufacturerName>חלב תנובה</ManufacturerName><ManufactureCountry>ישראל</ManufactureCountry><ManufacturerItemDescription>שמנת תנובה 200 9% מל</ManufacturerItemDescription><SoldByWeight/><Quantity>200.00</Quantity><UnitOfMeasure>מ"ל</UnitOfMeasure><QtyInPackage>לא ידוע</QtyInPackage><UnitOfMeasurePrice>0.0185</UnitOfMeasurePrice><AllowDiscount>1</AllowDiscount><ItemStatus>1</ItemStatus><ItemPrice>3.70</ItemPrice></item><item><PriceUpdateDate>2016-02-11 07:49:23</PriceUpdateDate><ItemCode>7290000440361</ItemCode><ItemType>1</ItemType><ItemName>אשל לבן 4.5% 200 מ"ל</ItemName><ManufacturerName>אשל</ManufacturerName><ManufactureCountry>ישראל</ManufactureCountry><ManufacturerItemDescription>שלי אשל200 מל מהדרין פיקו</ManufacturerItemDescription><SoldByWeight/><Quantity>200.00</Quantity><UnitOfMeasure>מ"ל</UnitOfMeasure><QtyInPackage>לא ידוע</QtyInPackage><UnitOfMeasurePrice>0.0078</UnitOfMeasurePrice><AllowDiscount>1</AllowDiscount><ItemStatus>1</ItemStatus><ItemPrice>1.55</ItemPrice></item><item><PriceUpdateDate>2016-02-11 07:49:23</PriceUpdateDate><ItemCode>7290000440378</ItemCode><ItemType>1</ItemType><ItemName>גיל לבן 3% 200 מ"ל ת</ItemName><ManufacturerName>גיל</ManufacturerName><ManufactureCountry>ישראל</ManufactureCountry><ManufacturerItemDescription>שלי גיל200 מל    פיקוח</ManufacturerItemDescription><SoldByWeight/><Quantity>200.00</Quantity><UnitOfMeasure>מ"ל</UnitOfMeasure><QtyInPackage>לא ידוע</QtyInPackage><UnitOfMeasurePrice>0.0070</UnitOfMeasurePrice><AllowDiscount>1</AllowDiscount><ItemStatus>1</ItemStatus><ItemPrice>1.40</ItemPrice></item><item><PriceUpdateDate>2016-02-11 07:49:23</PriceUpdateDate><ItemCode>7290000440385</ItemCode><ItemType>1</ItemType><ItemName>שמנת תנובה 15% 200 מ</ItemName><ManufacturerName>חלב תנובה</ManufacturerName><ManufactureCountry>ישראל</ManufactureCountry><ManufacturerItemDescription>שמנת תנובה200 15% מל  פיק</ManufacturerItemDescription><SoldByWeight/><Quantity>200.00</Quantity><UnitOfMeasure>מ"ל</UnitOfMeasure><QtyInPackage>לא ידוע</QtyInPackage><UnitOfMeasurePrice>0.0110</UnitOfMeasurePrice><AllowDiscount>1</AllowDiscount><ItemStatus>1</ItemStatus><ItemPrice>2.20</ItemPrice></item><item><PriceUpdateDate>2015-07-24 07:02:49</PriceUpdateDate><ItemCode>7290000440408</ItemCode><ItemType>1</ItemType><ItemName>שמנת אורגינל 15% חצי</ItemName><ManufacturerName>חלב תנובה</ManufacturerName><ManufactureCountry>ישראל</ManufactureCountry><ManufacturerItemDescription>שמנת תנובה 15% חצי מנה 10</ManufacturerItemDescription><SoldByWeight/><Quantity>100.00</Quantity><UnitOfMeasure>מ"ל</UnitOfMeasure><QtyInPackage>לא ידוע</QtyInPackage><UnitOfMeasurePrice>0.0190</UnitOfMeasurePrice><AllowDiscount>1</AllowDiscount><ItemStatus>1</ItemStatus><ItemPrice>1.90</ItemPrice></item><item><PriceUpdateDate>2016-08-02 06:35:58</PriceUpdateDate><ItemCode>7290000440415</ItemCode><ItemType>1</ItemType><ItemName>מב משקה סויה מעושר ב</ItemName><ManufacturerName>סו תנובה</ManufacturerName><ManufactureCountry>ישראל</ManufactureCountry><ManufacturerItemDescription>משקה סויה מועשר בסידן 1 ל</ManufacturerItemDescription><SoldByWeight/><Quantity>1000.00</Quantity><UnitOfMeasure>מ"ל</UnitOfMeasure><QtyInPackage>לא ידוע</QtyInPackage><UnitOfMeasurePrice>0.0089</UnitOfMeasurePrice><AllowDiscount>0</AllowDiscount><ItemStatus>1</ItemStatus><ItemPrice>8.90</ItemPrice></item><item><PriceUpdateDate>2016-08-02 06:35:58</PriceUpdateDate><ItemCode>7290000440422</ItemCode><ItemType>1</ItemType><ItemName>מב משקה סויה על הבוק</ItemName><ManufacturerName>סו תנובה</ManufacturerName><ManufactureCountry>ישראל</ManufactureCountry><ManufacturerItemDescription>משקה סויה על הבוקר וניל 1</ManufacturerItemDescription><SoldByWeight/><Quantity>1000.00</Quantity><UnitOfMeasure>מ"ל</UnitOfMeasure><QtyInPackage>לא ידוע</QtyInPackage><UnitOfMeasurePrice>0.0089</UnitOfMeasurePrice><AllowDiscount>0</AllowDiscount><ItemStatus>1</ItemStatus><ItemPrice>8.90</ItemPrice></item><item><PriceUpdateDate>2016-02-16 10:18:30</PriceUpdateDate><ItemCode>7290000440446</ItemCode><ItemType>1</ItemType><ItemName>שמנת לבישול15% השף ה</ItemName><ManufacturerName>שף לבן</ManufacturerName><ManufactureCountry>ישראל</ManufactureCountry><ManufacturerItemDescription>שמנת לבישול 250 15% מל</ManufacturerItemDescription><SoldByWeight/><Quantity>250.00</Quantity><UnitOfMeasure>מ"ל</UnitOfMeasure><QtyInPackage>לא ידוע</QtyInPackage><UnitOfMeasurePrice>0.0376</UnitOfMeasurePrice><AllowDiscount>1</AllowDiscount><ItemStatus>1</ItemStatus><ItemPrice>9.40</ItemPrice></item><item><PriceUpdateDate>2016-02-25 07:53:51</PriceUpdateDate><ItemCode>7290000440453</ItemCode><ItemType>1</ItemType><ItemName>שמנת להקצפה 32% 250</ItemName><ManufacturerName>שף לבן</ManufacturerName><ManufactureCountry>ישראל</ManufactureCountry><ManufacturerItemDescription>שמנת להקצפה 250 - 32% מל</ManufacturerItemDescription><SoldByWeight/><Quantity>250.00</Quantity><UnitOfMeasure>מ"ל</UnitOfMeasure><QtyInPackage>לא ידוע</QtyInPackage><UnitOfMeasurePrice>0.0276</UnitOfMeasurePrice><AllowDiscount>1</AllowDiscount><ItemStatus>1</ItemStatus><ItemPrice>6.90</ItemPrice></item><item><PriceUpdateDate>2016-02-16 10:18:30</PriceUpdateDate><ItemCode>7290000440460</ItemCode><ItemType>1</ItemType><ItemName>עמק פרוס בקופסא 400</ItemName><ManufacturerName>עמק</ManufacturerName><ManufactureCountry>ישראל</ManufactureCountry><ManufacturerItemDescription>גבינהקשה עמק 400 28% גרם</ManufacturerItemDescription><SoldByWeight/><Quantity>400.00</Quantity><UnitOfMeasure>גרם     </UnitOfMeasure><QtyInPackage>לא ידוע</QtyInPackage><UnitOfMeasurePrice>0.0722</UnitOfMeasurePrice><AllowDiscount>1</AllowDiscount><ItemStatus>1</ItemStatus><ItemPrice>28.90</ItemPrice></item><item><PriceUpdateDate>2015-10-13 09:47:44</PriceUpdateDate><ItemCode>7290000440507</ItemCode><ItemType>1</ItemType><ItemName>גבינה צהובה טל העמק</ItemName><ManufacturerName>עמק</ManufacturerName><ManufactureCountry>ישראל</ManufactureCountry><ManufacturerItemDescription>גבינהקשה טל העמק לייט200</ManufacturerItemDescription><SoldByWeight/><Quantity>200.00</Quantity><UnitOfMeasure>גרם     </UnitOfMeasure><QtyInPackage>לא ידוע</QtyInPackage><UnitOfMeasurePrice>0.0945</UnitOfMeasurePrice><AllowDiscount>1</AllowDiscount><ItemStatus>1</ItemStatus><ItemPrice>18.90</ItemPrice></item><item><PriceUpdateDate>2016-05-31 09:30:24</PriceUpdateDate><ItemCode>7290000440521</ItemCode><ItemType>1</ItemType><ItemName>שוקו תנובה 250 מ"ל</ItemName><ManufacturerName>שוק</ManufacturerName><ManufactureCountry>ישראל</ManufactureCountry><ManufacturerItemDescription>שוקו בקבוק 250 מל מהדרין</ManufacturerItemDescription><SoldByWeight/><Quantity>250.00</Quantity><UnitOfMeasure>מ"ל</UnitOfMeasure><QtyInPackage>לא ידוע</QtyInPackage><UnitOfMeasurePrice>0.0228</UnitOfMeasurePrice><AllowDiscount>1</AllowDiscount><ItemStatus>1</ItemStatus><ItemPrice>5.70</ItemPrice></item><item><PriceUpdateDate>2015-11-11 11:53:04</PriceUpdateDate><ItemCode>7290000440538</ItemCode><ItemType>1</ItemType><ItemName>קוטג' 3% מהדרין 250</ItemName><ManufacturerName>קוטג תנובה</ManufacturerName><ManufactureCountry>ישראל</ManufactureCountry><ManufacturerItemDescription>קוטג 250 3% גרם</ManufacturerItemDescription><SoldByWeight/><Quantity>250.00</Quantity><UnitOfMeasure>גרם     </UnitOfMeasure><QtyInPackage>לא ידוע</QtyInPackage><UnitOfMeasurePrice>0.0228</UnitOfMeasurePrice><AllowDiscount>1</AllowDiscount><ItemStatus>1</ItemStatus><ItemPrice>5.70</ItemPrice></item><item><PriceUpdateDate>2015-10-01 00:27:02</PriceUpdateDate><ItemCode>7290000440545</ItemCode><ItemType>1</ItemType><ItemName>קוטג' 5% מהדרין 250</ItemName><ManufacturerName>קוטג תנובה</ManufacturerName><ManufactureCountry>ישראל</ManufactureCountry><ManufacturerItemDescription>קוטג250 5% גר.בעלז</ManufacturerItemDescription><SoldByWeight/><Quantity>250.00</Quantity><UnitOfMeasure>גרם     </UnitOfMeasure><QtyInPackage>לא ידוע</QtyInPackage><UnitOfMeasurePrice>0.0228</UnitOfMeasurePrice><AllowDiscount>1</AllowDiscount><ItemStatus>1</ItemStatus><ItemPrice>5.70</ItemPrice></item><item><PriceUpdateDate>2015-11-11 11:53:04</PriceUpdateDate><ItemCode>7290000440552</ItemCode><ItemType>1</ItemType><ItemName>קוטג' 9% 250 גרם תנו</ItemName><ManufacturerName>קוטג תנובה</ManufacturerName><ManufactureCountry>ישראל</ManufactureCountry><ManufacturerItemDescription>קוטג250 9% גרם בעלז</ManufacturerItemDescription><SoldByWeight/><Quantity>250.00</Quantity><UnitOfMeasure>גרם     </UnitOfMeasure><QtyInPackage>לא ידוע</QtyInPackage><UnitOfMeasurePrice>0.0228</UnitOfMeasurePrice><AllowDiscount>1</AllowDiscount><ItemStatus>1</ItemStatus><ItemPrice>5.70</ItemPrice></item><item><PriceUpdateDate>2016-05-22 07:03:39</PriceUpdateDate><ItemCode>7290000440583</ItemCode><ItemType>1</ItemType><ItemName>גבינה לבנה 5% 500 גר</ItemName><ManufacturerName>גבינות תנובה</ManufacturerName><ManufactureCountry>ישראל</ManufactureCountry><ManufacturerItemDescription>גבינה למריחה 500 5% גרם</ManufacturerItemDescription><SoldByWeight/><Quantity>500.00</Quantity><UnitOfMeasure>גרם     </UnitOfMeasure><QtyInPackage>לא ידוע</QtyInPackage><UnitOfMeasurePrice>0.0184</UnitOfMeasurePrice><AllowDiscount>1</AllowDiscount><ItemStatus>1</ItemStatus><ItemPrice>9.20</ItemPrice></item><item><PriceUpdateDate>2016-07-20 09:14:29</PriceUpdateDate><ItemCode>7290000440590</ItemCode><ItemType>1</ItemType><ItemName>גבינה לבנה 9% 500 גר</ItemName><ManufacturerName>גבינות תנובה</ManufacturerName><ManufactureCountry>ישראל</ManufactureCountry><ManufacturerItemDescription>גבינה לבנה 9% 500 גר</ManufacturerItemDescription><SoldByWeight/><Quantity>500.00</Quantity><UnitOfMeasure>גרם     </UnitOfMeasure><QtyInPackage>לא ידוע</QtyInPackage><UnitOfMeasurePrice>0.0184</UnitOfMeasurePrice><AllowDiscount>1</AllowDiscount><ItemStatus>1</ItemStatus><ItemPrice>9.20</ItemPrice></item><item><PriceUpdateDate>2016-02-11 07:49:23</PriceUpdateDate><ItemCode>7290000440606</ItemCode><ItemType>1</ItemType><ItemName>גבינה לבנה 5% 750 גר</ItemName><ManufacturerName>גבינות תנובה</ManufacturerName><ManufactureCountry>ישראל</ManufactureCountry><ManufacturerItemDescription>גבינה לבנה 5% 750 גר</ManufacturerItemDescription><SoldByWeight/><Quantity>750.00</Quantity><UnitOfMeasure>גרם     </UnitOfMeasure><QtyInPackage>לא ידוע</QtyInPackage><UnitOfMeasurePrice>0.0184</UnitOfMeasurePrice><AllowDiscount>1</AllowDiscount><ItemStatus>1</ItemStatus><ItemPrice>13.80</ItemPrice></item><item><PriceUpdateDate>2015-11-12 11:29:28</PriceUpdateDate><ItemCode>7290000440705</ItemCode><ItemType>1</ItemType><ItemName>לאבנה פיראוס 500 גרם</ItemName><ManufacturerName>פיראוס</ManufacturerName><ManufactureCountry>ישראל</ManufactureCountry><ManufacturerItemDescription>לאבנה פיראוס 500 גרם</ManufacturerItemDescription><SoldByWeight/><Quantity>500.00</Quantity><UnitOfMeasure>גרם     </UnitOfMeasure><QtyInPackage>לא ידוע</QtyInPackage><UnitOfMeasurePrice>0.0406</UnitOfMeasurePrice><AllowDiscount>1</AllowDiscount><ItemStatus>1</ItemStatus><ItemPrice>20.30</ItemPrice></item><item><PriceUpdateDate>2016-08-02 06:35:58</PriceUpdateDate><ItemCode>7290000440712</ItemCode><ItemType>1</ItemType><ItemName>מב גבינת קרם שמנת 5%</ItemName><ManufacturerName>גבינות תנובה</ManufacturerName><ManufactureCountry>ישראל</ManufactureCountry><ManufacturerItemDescription>גבינת שמנת 200 5% גרם</ManufacturerItemDescription><SoldByWeight/><Quantity>200.00</Quantity><UnitOfMeasure>גרם     </UnitOfMeasure><QtyInPackage>לא ידוע</QtyInPackage><UnitOfMeasurePrice>0.0445</UnitOfMeasurePrice><AllowDiscount>1</AllowDiscount><ItemStatus>1</ItemStatus><ItemPrice>8.90</ItemPrice></item><item><PriceUpdateDate>2016-08-02 06:35:58</PriceUpdateDate><ItemCode>7290000440774</ItemCode><ItemType>1</ItemType><ItemName>מב גבינת נפוליאון טב</ItemName><ManufacturerName>נפוליאון</ManufacturerName><ManufactureCountry>ישראל</ManufactureCountry><ManufacturerItemDescription>גבינהשמנ.נפולאון טעם טבעי</ManufacturerItemDescription><SoldByWeight/><Quantity>225.00</Quantity><UnitOfMeasure>גרם     </UnitOfMeasure><QtyInPackage>לא ידוע</QtyInPackage><UnitOfMeasurePrice>0.0444</UnitOfMeasurePrice><AllowDiscount>1</AllowDiscount><ItemStatus>1</ItemStatus><ItemPrice>10.00</ItemPrice></item><item><PriceUpdateDate>2016-08-02 06:35:58</PriceUpdateDate><ItemCode>7290000440781</ItemCode><ItemType>1</ItemType><ItemName>מב גבינת נפוליאון בט</ItemName><ManufacturerName>נפוליאון</ManufacturerName><ManufactureCountry>ישראל</ManufactureCountry><ManufacturerItemDescription>גבינהשמנ.נפולאון זיתים 22</ManufacturerItemDescription><SoldByWeight/><Quantity>225.00</Quantity><UnitOfMeasure>גרם     </UnitOfMeasure><QtyInPackage>לא ידוע</QtyInPackage><UnitOfMeasurePrice>0.0444</UnitOfMeasurePrice><AllowDiscount>1</AllowDiscount><ItemStatus>1</ItemStatus><ItemPrice>10.00</ItemPrice></item><item><PriceUpdateDate>2016-08-02 06:35:58</PriceUpdateDate><ItemCode>7290000440798</ItemCode><ItemType>1</ItemType><ItemName>מב גבינת נפוליאון בט</ItemName><ManufacturerName>נפוליאון</ManufacturerName><ManufactureCountry>ישראל</ManufactureCountry><ManufacturerItemDescription>גבינהשמנ.נפולאון שום שמיר</ManufacturerItemDescription><SoldByWeight/><Quantity>225.00</Quantity><UnitOfMeasure>גרם     </UnitOfMeasure><QtyInPackage>לא ידוע</QtyInPackage><UnitOfMeasurePrice>0.0444</UnitOfMeasurePrice><AllowDiscount>1</AllowDiscount><ItemStatus>1</ItemStatus><ItemPrice>10.00</ItemPrice></item><item><PriceUpdateDate>2016-08-10 11:21:58</PriceUpdateDate><ItemCode>7290000440811</ItemCode><ItemType>1</ItemType><ItemName>מב גבינה לבנה 3% 250</ItemName><ManufacturerName>גבינות תנובה</ManufacturerName><ManufactureCountry>ישראל</ManufactureCountry><ManufacturerItemDescription>גבינה לבנה 250 3% גרם</ManufacturerItemDescription><SoldByWeight/><Quantity>250.00</Quantity><UnitOfMeasure>גרם     </UnitOfMeasure><QtyInPackage>לא ידוע</QtyInPackage><UnitOfMeasurePrice>0.0160</UnitOfMeasurePrice><AllowDiscount>1</AllowDiscount><ItemStatus>1</ItemStatus><ItemPrice>4.00</ItemPrice></item><item><PriceUpdateDate>2015-10-13 09:47:45</PriceUpdateDate><ItemCode>7290000440842</ItemCode><ItemType>1</ItemType><ItemName>יופלה עם פצפוצי שוקו</ItemName><ManufacturerName>יופלה</ManufacturerName><ManufactureCountry>ישראל</ManufactureCountry><ManufacturerItemDescription>יופלה 3% פצפוצים מכסה מעל</ManufacturerItemDescription><SoldByWeight/><Quantity>167.00</Quantity><UnitOfMeasure>גרם     </UnitOfMeasure><QtyInPackage>לא ידוע</QtyInPackage><UnitOfMeasurePrice>0.0341</UnitOfMeasurePrice><AllowDiscount>1</AllowDiscount><ItemStatus>1</ItemStatus><ItemPrice>5.70</ItemPrice></item><item><PriceUpdateDate>2015-10-13 09:47:45</PriceUpdateDate><ItemCode>7290000440859</ItemCode><ItemType>1</ItemType><ItemName>יופלה לבן מעודן 1.5%</ItemName><ManufacturerName>יופלה</ManufacturerName><ManufactureCountry>ישראל</ManufactureCountry><ManufacturerItemDescription>יוגורט יופלה לבן 1.5% מעו</ManufacturerItemDescription><SoldByWeight/><Quantity>200.00</Quantity><UnitOfMeasure>מ"ל</UnitOfMeasure><QtyInPackage>לא ידוע</QtyInPackage><UnitOfMeasurePrice>0.0225</UnitOfMeasurePrice><AllowDiscount>1</AllowDiscount><ItemStatus>1</ItemStatus><ItemPrice>4.50</ItemPrice></item><item><PriceUpdateDate>2016-06-27 19:05:14</PriceUpdateDate><ItemCode>7290000440866</ItemCode><ItemType>1</ItemType><ItemName>מאגדת יופלה 3% לבן 8</ItemName><ManufacturerName>יופלה</ManufacturerName><ManufactureCountry>ישראל</ManufactureCountry><ManufacturerItemDescription>מאגדת יופלה 3% לבן 8</ManufacturerItemDescription><SoldByWeight/><Quantity>1200.00</Quantity><UnitOfMeasure>גרם     </UnitOfMeasure><QtyInPackage>לא ידוע</QtyInPackage><UnitOfMeasurePrice>0.0154</UnitOfMeasurePrice><AllowDiscount>1</AllowDiscount><ItemStatus>1</ItemStatus><ItemPrice>18.50</ItemPrice></item><item><PriceUpdateDate>2016-08-02 06:30:51</PriceUpdateDate><ItemCode>7290000440880</ItemCode><ItemType>1</ItemType><ItemName>מב אייס קפה תנובה 1</ItemName><ManufacturerName>שוק</ManufacturerName><ManufactureCountry>ישראל</ManufactureCountry><ManufacturerItemDescription>משקה אייס קפה בקבוק 1 ליט</ManufacturerItemDescription><SoldByWeight/><Quantity>1000.00</Quantity><UnitOfMeasure>מ"ל</UnitOfMeasure><QtyInPackage>לא ידוע</QtyInPackage><UnitOfMeasurePrice>0.0090</UnitOfMeasurePrice><AllowDiscount>1</AllowDiscount><ItemStatus>1</ItemStatus><ItemPrice>9.00</ItemPrice></item><item><PriceUpdateDate>2016-08-02 06:35:58</PriceUpdateDate><ItemCode>7290000440897</ItemCode><ItemType>1</ItemType><ItemName>מב משקה סויה מועשר ב</ItemName><ManufacturerName>סו תנובה</ManufacturerName><ManufactureCountry>ישראל</ManufactureCountry><ManufacturerItemDescription>משקה סויה מועשר מופחת מתי</ManufacturerItemDescription><SoldByWeight/><Quantity>1000.00</Quantity><UnitOfMeasure>מ"ל</UnitOfMeasure><QtyInPackage>לא ידוע</QtyInPackage><UnitOfMeasurePrice>0.0089</UnitOfMeasurePrice><AllowDiscount>0</AllowDiscount><ItemStatus>1</ItemStatus><ItemPrice>8.90</ItemPrice></item><item><PriceUpdateDate>2016-06-13 06:38:04</PriceUpdateDate><ItemCode>7290000440910</ItemCode><ItemType>1</ItemType><ItemName>יופלה פירות יער בשמנ</ItemName><ManufacturerName>יופלה</ManufacturerName><ManufactureCountry>ישראל</ManufactureCountry><ManufacturerItemDescription>יופלה פירות יער שמנת</ManufacturerItemDescription><SoldByWeight/><Quantity>150.00</Quantity><UnitOfMeasure>גרם     </UnitOfMeasure><QtyInPackage>לא ידוע</QtyInPackage><UnitOfMeasurePrice>0.0327</UnitOfMeasurePrice><AllowDiscount>1</AllowDiscount><ItemStatus>1</ItemStatus><ItemPrice>4.90</ItemPrice></item><item><PriceUpdateDate>2016-05-15 07:09:26</PriceUpdateDate><ItemCode>7290000440941</ItemCode><ItemType>1</ItemType><ItemName>חלב קרטון 3% מהדרין</ItemName><ManufacturerName>חלב תנובה</ManufacturerName><ManufactureCountry>ישראל</ManufactureCountry><ManufacturerItemDescription>חלב1 3% ל.קרטון מהדרין פי</ManufacturerItemDescription><SoldByWeight/><Quantity>1000.00</Quantity><UnitOfMeasure>מ"ל</UnitOfMeasure><QtyInPackage>לא ידוע</QtyInPackage><UnitOfMeasurePrice>0.0058</UnitOfMeasurePrice><AllowDiscount>1</AllowDiscount><ItemStatus>1</ItemStatus><ItemPrice>5.75</ItemPrice></item><item><PriceUpdateDate>2016-07-20 09:14:29</PriceUpdateDate><ItemCode>7290000440972</ItemCode><ItemType>1</ItemType><ItemName>גבינה לבנה 3% 500 גר</ItemName><ManufacturerName>גבינות תנובה</ManufacturerName><ManufactureCountry>ישראל</ManufactureCountry><ManufacturerItemDescription>גבינה לבנה 3% 500 גר</ManufacturerItemDescription><SoldByWeight/><Quantity>500.00</Quantity><UnitOfMeasure>גרם     </UnitOfMeasure><QtyInPackage>לא ידוע</QtyInPackage><UnitOfMeasurePrice>0.0184</UnitOfMeasurePrice><AllowDiscount>1</AllowDiscount><ItemStatus>1</ItemStatus><ItemPrice>9.20</ItemPrice></item><item><PriceUpdateDate>2016-05-31 09:30:24</PriceUpdateDate><ItemCode>7290000440996</ItemCode><ItemType>1</ItemType><ItemName>יופלה ביו 3% לבן 200</ItemName><ManufacturerName>יופלה</ManufacturerName><ManufactureCountry>ישראל</ManufactureCountry><ManufacturerItemDescription>יוגורט יופלה לבן 200 3% ג</ManufacturerItemDescription><SoldByWeight/><Quantity>200.00</Quantity><UnitOfMeasure>גרם     </UnitOfMeasure><QtyInPackage>לא ידוע</QtyInPackage><UnitOfMeasurePrice>0.0190</UnitOfMeasurePrice><AllowDiscount>1</AllowDiscount><ItemStatus>1</ItemStatus><ItemPrice>3.80</ItemPrice></item><item><PriceUpdateDate>2016-08-02 06:30:51</PriceUpdateDate><ItemCode>7290000441030</ItemCode><ItemType>1</ItemType><ItemName>מב שוקו תנובה 1 ליטר</ItemName><ManufacturerName>שוק</ManufacturerName><ManufactureCountry>ישראל</ManufactureCountry><ManufacturerItemDescription>שוקו תנובה בקבוק 1 ליטר</ManufacturerItemDescription><SoldByWeight/><Quantity>1000.00</Quantity><UnitOfMeasure>מ"ל</UnitOfMeasure><QtyInPackage>לא ידוע</QtyInPackage><UnitOfMeasurePrice>0.0090</UnitOfMeasurePrice><AllowDiscount>1</AllowDiscount><ItemStatus>1</ItemStatus><ItemPrice>9.00</ItemPrice></item><item><PriceUpdateDate>2016-02-14 08:36:12</PriceUpdateDate><ItemCode>7290000441108</ItemCode><ItemType>1</ItemType><ItemName>חלב לקפה3.5% שומן 80</ItemName><ManufacturerName>חלב תנובה</ManufacturerName><ManufactureCountry>ישראל</ManufactureCountry><ManufacturerItemDescription>חלב פלוס לקפה  800 3.5% מ</ManufacturerItemDescription><SoldByWeight/><Quantity>800.00</Quantity><UnitOfMeasure>מ"ל</UnitOfMeasure><QtyInPackage>לא ידוע</QtyInPackage><UnitOfMeasurePrice>0.0086</UnitOfMeasurePrice><AllowDiscount>1</AllowDiscount><ItemStatus>1</ItemStatus><ItemPrice>6.90</ItemPrice></item><item><PriceUpdateDate>2016-08-02 06:30:51</PriceUpdateDate><ItemCode>7290000441139</ItemCode><ItemType>1</ItemType><ItemName>מב משקה חלב בננה תנו</ItemName><ManufacturerName>תנובה</ManufacturerName><ManufactureCountry>ישראל</ManufactureCountry><ManufacturerItemDescription>מב משקה חלב בננה תנו</ManufacturerItemDescription><SoldByWeight/><Quantity>1000.00</Quantity><UnitOfMeasure>מ"ל</UnitOfMeasure><QtyInPackage>לא ידוע</QtyInPackage><UnitOfMeasurePrice>0.0090</UnitOfMeasurePrice><AllowDiscount>1</AllowDiscount><ItemStatus>1</ItemStatus><ItemPrice>9.00</ItemPrice></item><item><PriceUpdateDate>2016-08-02 06:35:58</PriceUpdateDate><ItemCode>7290000441146</ItemCode><ItemType>1</ItemType><ItemName>מב חלב סויה טבעי 1 ל</ItemName><ManufacturerName>סו תנובה</ManufacturerName><ManufactureCountry>ישראל</ManufactureCountry><ManufacturerItemDescription>משקה סויה דיאט 1 ליטר</ManufacturerItemDescription><SoldByWeight/><Quantity>1000.00</Quantity><UnitOfMeasure>מ"ל</UnitOfMeasure><QtyInPackage>לא ידוע</QtyInPackage><UnitOfMeasurePrice>0.0089</UnitOfMeasurePrice><AllowDiscount>0</AllowDiscount><ItemStatus>1</ItemStatus><ItemPrice>8.90</ItemPrice></item><item><PriceUpdateDate>2015-11-12 11:29:28</PriceUpdateDate><ItemCode>7290000441238</ItemCode><ItemType>1</ItemType><ItemName>יופלה לבןעם גרנולה 1</ItemName><ManufacturerName>יופלה</ManufacturerName><ManufactureCountry>ישראל</ManufactureCountry><ManufacturerItemDescription>יופלה לבן+1.5% גרנולה מכס</ManufacturerItemDescription><SoldByWeight/><Quantity>170.00</Quantity><UnitOfMeasure>מ"ל</UnitOfMeasure><QtyInPackage>לא ידוע</QtyInPackage><UnitOfMeasurePrice>0.0353</UnitOfMeasurePrice><AllowDiscount>1</AllowDiscount><ItemStatus>1</ItemStatus><ItemPrice>6.00</ItemPrice></item><item><PriceUpdateDate>2016-08-16 08:54:47</PriceUpdateDate><ItemCode>7290000441245</ItemCode><ItemType>1</ItemType><ItemName>מב יופלה ביו דיאט 0%</ItemName><ManufacturerName>יופלה</ManufacturerName><ManufactureCountry>ישראל</ManufactureCountry><ManufacturerItemDescription>יופלה לבן דיאט 200 ג</ManufacturerItemDescription><SoldByWeight/><Quantity>200.00</Quantity><UnitOfMeasure>גרם     </UnitOfMeasure><QtyInPackage>לא ידוע</QtyInPackage><UnitOfMeasurePrice>0.0145</UnitOfMeasurePrice><AllowDiscount>1</AllowDiscount><ItemStatus>1</ItemStatus><ItemPrice>2.90</ItemPrice></item><item><PriceUpdateDate>2016-05-31 09:30:24</PriceUpdateDate><ItemCode>7290000441276</ItemCode><ItemType>1</ItemType><ItemName>מאגדת יופלה 1.5% לבן</ItemName><ManufacturerName>יופלה</ManufacturerName><ManufactureCountry>ישראל</ManufactureCountry><ManufacturerItemDescription>מאגדת יופלה 1.5% לבן</ManufacturerItemDescription><SoldByWeight/><Quantity>1200.00</Quantity><UnitOfMeasure>גרם     </UnitOfMeasure><QtyInPackage>לא ידוע</QtyInPackage><UnitOfMeasurePrice>0.0182</UnitOfMeasurePrice><AllowDiscount>1</AllowDiscount><ItemStatus>1</ItemStatus><ItemPrice>21.80</ItemPrice></item><item><PriceUpdateDate>2016-02-14 08:36:12</PriceUpdateDate><ItemCode>7290000441313</ItemCode><ItemType>1</ItemType><ItemName>חלב על הבוקר 3% בקרט</ItemName><ManufacturerName>חלב תנובה</ManufacturerName><ManufactureCountry>ישראל</ManufactureCountry><ManufacturerItemDescription>חלב 3% על הבוקר קרטון+פקק</ManufacturerItemDescription><SoldByWeight/><Quantity>1000.00</Quantity><UnitOfMeasure>מ"ל</UnitOfMeasure><QtyInPackage>לא ידוע</QtyInPackage><UnitOfMeasurePrice>0.0089</UnitOfMeasurePrice><AllowDiscount>1</AllowDiscount><ItemStatus>1</ItemStatus><ItemPrice>8.90</ItemPrice></item><item><PriceUpdateDate>2016-05-31 09:30:24</PriceUpdateDate><ItemCode>7290000441719</ItemCode><ItemType>1</ItemType><ItemName>מילקשייק פונץ' בננה</ItemName><ManufacturerName>שוק</ManufacturerName><ManufactureCountry>ישראל</ManufactureCountry><ManufacturerItemDescription>מילקשייק פונץ' בננה</ManufacturerItemDescription><SoldByWeight/><Quantity>250.00</Quantity><UnitOfMeasure>מ"ל</UnitOfMeasure><QtyInPackage>לא ידוע</QtyInPackage><UnitOfMeasurePrice>0.0256</UnitOfMeasurePrice><AllowDiscount>1</AllowDiscount><ItemStatus>1</ItemStatus><ItemPrice>6.40</ItemPrice></item><item><PriceUpdateDate>2016-08-17 08:12:06</PriceUpdateDate><ItemCode>7290000441788</ItemCode><ItemType>1</ItemType><ItemName>מב מארז הפסקת אוכל ק</ItemName><ManufacturerName>חלב תנובה</ManufacturerName><ManufactureCountry>ישראל</ManufactureCountry><ManufacturerItemDescription>מארז הפסקת אוכל חלב+דגנים</ManufacturerItemDescription><SoldByWeight/><Quantity>150.00</Quantity><UnitOfMeasure>מ"ל</UnitOfMeasure><QtyInPackage>לא ידוע</QtyInPackage><UnitOfMeasurePrice>0.0460</UnitOfMeasurePrice><AllowDiscount>1</AllowDiscount><ItemStatus>1</ItemStatus><ItemPrice>6.90</ItemPrice></item><item><PriceUpdateDate>2015-10-13 09:47:45</PriceUpdateDate><ItemCode>7290000441849</ItemCode><ItemType>1</ItemType><ItemName>שמנת לבישול10% 250 מ</ItemName><ManufacturerName>שף לבן</ManufacturerName><ManufactureCountry>ישראל</ManufactureCountry><ManufacturerItemDescription>שמנת לבישול מופחת שומן</ManufacturerItemDescription><SoldByWeight/><Quantity>250.00</Quantity><UnitOfMeasure>מ"ל</UnitOfMeasure><QtyInPackage>לא ידוע</QtyInPackage><UnitOfMeasurePrice>0.0352</UnitOfMeasurePrice><AllowDiscount>1</AllowDiscount><ItemStatus>1</ItemStatus><ItemPrice>8.80</ItemPrice></item><item><PriceUpdateDate>2016-05-01 07:22:47</PriceUpdateDate><ItemCode>7290000441962</ItemCode><ItemType>1</ItemType><ItemName>לאבנה 5% 250 גרם</ItemName><ManufacturerName>פיראוס</ManufacturerName><ManufactureCountry>ישראל</ManufactureCountry><ManufacturerItemDescription>לאבנה 250 5% גרם    פיראו</ManufacturerItemDescription><SoldByWeight/><Quantity>250.00</Quantity><UnitOfMeasure>גרם     </UnitOfMeasure><QtyInPackage>לא ידוע</QtyInPackage><UnitOfMeasurePrice>0.0512</UnitOfMeasurePrice><AllowDiscount>1</AllowDiscount><ItemStatus>1</ItemStatus><ItemPrice>12.80</ItemPrice></item><item><PriceUpdateDate>2016-08-10 11:21:39</PriceUpdateDate><ItemCode>7290000443232</ItemCode><ItemType>1</ItemType><ItemName>נשנושי קרקר שומשום 3</ItemName><ManufacturerName>נישנושים</ManufacturerName><ManufactureCountry>ישראל</ManufactureCountry><ManufacturerItemDescription>נשנושי קרקר שומשום 3</ManufacturerItemDescription><SoldByWeight/><Quantity>350.00</Quantity><UnitOfMeasure>גרם     </UnitOfMeasure><QtyInPackage>לא ידוע</QtyInPackage><UnitOfMeasurePrice>0.0454</UnitOfMeasurePrice><AllowDiscount>1</AllowDiscount><ItemStatus>1</ItemStatus><ItemPrice>15.90</ItemPrice></item><item><PriceUpdateDate>2016-06-27 19:05:15</PriceUpdateDate><ItemCode>7290000443317</ItemCode><ItemType>1</ItemType><ItemName>סימפוניה 5% טבעית 20</ItemName><ManufacturerName>סימפוניה שטראוס</ManufacturerName><ManufactureCountry>ישראל</ManufactureCountry><ManufacturerItemDescription>סימפוניה בטעם טבעי 200 גר</ManufacturerItemDescription><SoldByWeight/><Quantity>200.00</Quantity><UnitOfMeasure>גרם     </UnitOfMeasure><QtyInPackage>לא ידוע</QtyInPackage><UnitOfMeasurePrice>0.0595</UnitOfMeasurePrice><AllowDiscount>0</AllowDiscount><ItemStatus>1</ItemStatus><ItemPrice>11.90</ItemPrice></item><item><PriceUpdateDate>2015-10-13 09:47:45</PriceUpdateDate><ItemCode>7290000443324</ItemCode><ItemType>1</ItemType><ItemName>דנונה ביו טבעי 1.7%</ItemName><ManufacturerName>דנונה</ManufacturerName><ManufactureCountry>ישראל</ManufactureCountry><ManufacturerItemDescription>יוגורט דנונה בי 200  1.7%</ManufacturerItemDescription><SoldByWeight/><Quantity>200.00</Quantity><UnitOfMeasure>גרם     </UnitOfMeasure><QtyInPackage>לא ידוע</QtyInPackage><UnitOfMeasurePrice>0.0200</UnitOfMeasurePrice><AllowDiscount>1</AllowDiscount><ItemStatus>1</ItemStatus><ItemPrice>4.00</ItemPrice></item><item><PriceUpdateDate>2015-10-13 09:47:45</PriceUpdateDate><ItemCode>7290000443348</ItemCode><ItemType>1</ItemType><ItemName>מעדן דני וניל 125 גר</ItemName><ManufacturerName>דני</ManufacturerName><ManufactureCountry>ישראל</ManufactureCountry><ManufacturerItemDescription>דני וניל125 גר</ManufacturerItemDescription><SoldByWeight/><Quantity>125.00</Quantity><UnitOfMeasure>גרם     </UnitOfMeasure><QtyInPackage>לא ידוע</QtyInPackage><UnitOfMeasurePrice>0.0216</UnitOfMeasurePrice><AllowDiscount>1</AllowDiscount><ItemStatus>1</ItemStatus><ItemPrice>2.70</ItemPrice></item><item><PriceUpdateDate>2016-01-05 10:15:44</PriceUpdateDate><ItemCode>7290000444062</ItemCode><ItemType>1</ItemType><ItemName>סלט חומוס יום יום 12</ItemName><ManufacturerName>אחלה</ManufacturerName><ManufactureCountry>ישראל</ManufactureCountry><ManufacturerItemDescription>סלט חומוס יום יום 125  גר</ManufacturerItemDescription><SoldByWeight/><Quantity>125.00</Quantity><UnitOfMeasure>גרם     </UnitOfMeasure><QtyInPackage>לא ידוע</QtyInPackage><UnitOfMeasurePrice>0.0440</UnitOfMeasurePrice><AllowDiscount>1</AllowDiscount><ItemStatus>1</ItemStatus><ItemPrice>5.50</ItemPrice></item><item><PriceUpdateDate>2015-10-22 09:58:32</PriceUpdateDate><ItemCode>7290000444093</ItemCode><ItemType>1</ItemType><ItemName>סלט חציל בטעם כבד 12</ItemName><ManufacturerName>אחלה</ManufacturerName><ManufactureCountry>ישראל</ManufactureCountry><ManufacturerItemDescription>חציל בטעם כבד 125 גרם</ManufacturerItemDescription><SoldByWeight/><Quantity>125.00</Quantity><UnitOfMeasure>גרם     </UnitOfMeasure><QtyInPackage>לא ידוע</QtyInPackage><UnitOfMeasurePrice>0.0488</UnitOfMeasurePrice><AllowDiscount>1</AllowDiscount><ItemStatus>1</ItemStatus><ItemPrice>6.10</ItemPrice></item><item><PriceUpdateDate>2016-03-20 07:51:40</PriceUpdateDate><ItemCode>7290000444109</ItemCode><ItemType>1</ItemType><ItemName>שוקולד פרה חלב מארז</ItemName><ManufacturerName>לא ממותג</ManufacturerName><ManufactureCountry>ישראל</ManufactureCountry><ManufacturerItemDescription>שוקולד פרה חלב מארז</ManufacturerItemDescription><SoldByWeight/><Quantity>100.00</Quantity><UnitOfMeasure>גרם     </UnitOfMeasure><QtyInPackage>לא ידוע</QtyInPackage><UnitOfMeasurePrice>0.2540</UnitOfMeasurePrice><AllowDiscount>1</AllowDiscount><ItemStatus>1</ItemStatus><ItemPrice>25.40</ItemPrice></item><item><PriceUpdateDate>2015-12-16 06:52:12</PriceUpdateDate><ItemCode>7290000444215</ItemCode><ItemType>1</ItemType><ItemName>ביסקוויט עד חצות מרי</ItemName><ManufacturerName>לא ממותג</ManufacturerName><ManufactureCountry>ישראל</ManufactureCountry><ManufacturerItemDescription>ביסקוויט מריר  200 גר</ManufacturerItemDescription><SoldByWeight/><Quantity>200.00</Quantity><UnitOfMeasure>גרם     </UnitOfMeasure><QtyInPackage>לא ידוע</QtyInPackage><UnitOfMeasurePrice>0.0745</UnitOfMeasurePrice><AllowDiscount>1</AllowDiscount><ItemStatus>1</ItemStatus><ItemPrice>14.90</ItemPrice></item><item><PriceUpdateDate>2016-01-14 11:46:23</PriceUpdateDate><ItemCode>7290000444222</ItemCode><ItemType>1</ItemType><ItemName>מסטיק מאסט ריח לפה 2</ItemName><ManufacturerName>מאסט</ManufacturerName><ManufactureCountry>ישראל</ManufactureCountry><ManufacturerItemDescription>מסטיק מאסט ריח פה פפרמינט</ManufacturerItemDescription><SoldByWeight/><Quantity>0.00</Quantity><UnitOfMeasure>יח'</UnitOfMeasure><QtyInPackage>לא ידוע</QtyInPackage><UnitOfMeasurePrice>0.0000</UnitOfMeasurePrice><AllowDiscount>1</AllowDiscount><ItemStatus>1</ItemStatus><ItemPrice>4.50</ItemPrice></item><item><PriceUpdateDate>2015-10-01 00:27:02</PriceUpdateDate><ItemCode>7290000444260</ItemCode><ItemType>1</ItemType><ItemName>חטיף תפוציפס שמנת בצ</ItemName><ManufacturerName>תפוצ'יפס</ManufacturerName><ManufactureCountry>ישראל</ManufactureCountry><ManufacturerItemDescription>תפוציפס טעם שמנת ובצל50 ג</ManufacturerItemDescription><SoldByWeight/><Quantity>50.00</Quantity><UnitOfMeasure>גרם     </UnitOfMeasure><QtyInPackage>לא ידוע</QtyInPackage><UnitOfMeasurePrice>0.0780</UnitOfMeasurePrice><AllowDiscount>1</AllowDiscount><ItemStatus>1</ItemStatus><ItemPrice>3.90</ItemPrice></item><item><PriceUpdateDate>2016-02-16 10:18:31</PriceUpdateDate><ItemCode>7290000444277</ItemCode><ItemType>1</ItemType><ItemName>פרה קראנצ' ביסקוויט</ItemName><ManufacturerName>פרה</ManufacturerName><ManufactureCountry>ישראל</ManufactureCountry><ManufacturerItemDescription>ביסקויט קראנצ שוקולד 100</ManufacturerItemDescription><SoldByWeight/><Quantity>100.00</Quantity><UnitOfMeasure>גרם     </UnitOfMeasure><QtyInPackage>לא ידוע</QtyInPackage><UnitOfMeasurePrice>0.0690</UnitOfMeasurePrice><AllowDiscount>1</AllowDiscount><ItemStatus>1</ItemStatus><ItemPrice>6.90</ItemPrice></item><item><PriceUpdateDate>2016-05-31 09:32:55</PriceUpdateDate><ItemCode>7290000444338</ItemCode><ItemType>1</ItemType><ItemName>קפה טורקי עלית שקית</ItemName><ManufacturerName>טורקי עלית</ManufacturerName><ManufactureCountry>ישראל</ManufactureCountry><ManufacturerItemDescription>קפה טורקי בצלופן 200 גרם</ManufacturerItemDescription><SoldByWeight/><Quantity>200.00</Quantity><UnitOfMeasure>גרם     </UnitOfMeasure><QtyInPackage>לא ידוע</QtyInPackage><UnitOfMeasurePrice>0.0795</UnitOfMeasurePrice><AllowDiscount>1</AllowDiscount><ItemStatus>1</ItemStatus><ItemPrice>15.90</ItemPrice></item><item><PriceUpdateDate>2016-05-31 09:32:55</PriceUpdateDate><ItemCode>7290000444741</ItemCode><ItemType>1</ItemType><ItemName>טונה סטארקיסט בשמן ר</ItemName><ManufacturerName>סטארקיסט</ManufacturerName><ManufactureCountry>ישראל</ManufactureCountry><ManufacturerItemDescription>טונה סטארקיסט בשמן</ManufacturerItemDescription><SoldByWeight/><Quantity>448.00</Quantity><UnitOfMeasure>גרם     </UnitOfMeasure><QtyInPackage>לא ידוע</QtyInPackage><UnitOfMeasurePrice>0.0511</UnitOfMeasurePrice><AllowDiscount>1</AllowDiscount><ItemStatus>1</ItemStatus><ItemPrice>22.90</ItemPrice></item><item><PriceUpdateDate>2016-05-31 09:32:56</PriceUpdateDate><ItemCode>7290000444789</ItemCode><ItemType>1</ItemType><ItemName>טונה סטארקיסט במים ר</ItemName><ManufacturerName>סטרקיסט</ManufacturerName><ManufactureCountry>ישראל</ManufactureCountry><ManufacturerItemDescription>טונה סטארקיסט במים 160X1/</ManufacturerItemDescription><SoldByWeight/><Quantity>640.00</Quantity><UnitOfMeasure>גרם     </UnitOfMeasure><QtyInPackage>לא ידוע</QtyInPackage><UnitOfMeasurePrice>0.0358</UnitOfMeasurePrice><AllowDiscount>1</AllowDiscount><ItemStatus>1</ItemStatus><ItemPrice>22.90</ItemPrice></item><item><PriceUpdateDate>2016-03-08 08:10:33</PriceUpdateDate><ItemCode>7290000444888</ItemCode><ItemType>1</ItemType><ItemName>טונה סטארקיסט 5% טבע</ItemName><ManufacturerName>סטארקיסט</ManufacturerName><ManufactureCountry>ישראל</ManufactureCountry><ManufacturerItemDescription>טונה ס.ק 5% שומן 160 גר</ManufacturerItemDescription><SoldByWeight/><Quantity>112.00</Quantity><UnitOfMeasure>גרם     </UnitOfMeasure><QtyInPackage>לא ידוע</QtyInPackage><UnitOfMeasurePrice>0.0705</UnitOfMeasurePrice><AllowDiscount>1</AllowDiscount><ItemStatus>1</ItemStatus><ItemPrice>7.90</ItemPrice></item><item><PriceUpdateDate>2016-08-02 06:35:59</PriceUpdateDate><ItemCode>7290000445472</ItemCode><ItemType>1</ItemType><ItemName>מב פיצה משפחתית גבינ</ItemName><ManufacturerName>מעדנות</ManufacturerName><ManufactureCountry>ישראל</ManufactureCountry><ManufacturerItemDescription>פיצה משפחתית גבינה 500 גר</ManufacturerItemDescription><SoldByWeight/><Quantity>500.00</Quantity><UnitOfMeasure>גרם     </UnitOfMeasure><QtyInPackage>לא ידוע</QtyInPackage><UnitOfMeasurePrice>0.0318</UnitOfMeasurePrice><AllowDiscount>1</AllowDiscount><ItemStatus>1</ItemStatus><ItemPrice>15.90</ItemPrice></item><item><PriceUpdateDate>2016-08-02 06:35:59</PriceUpdateDate><ItemCode>7290000445489</ItemCode><ItemType>1</ItemType><ItemName>מב פיצה משפחתית זיתי</ItemName><ManufacturerName>מעדנות</ManufacturerName><ManufactureCountry>ישראל</ManufactureCountry><ManufacturerItemDescription>פיצה משפחתית זיתים 550 גר</ManufacturerItemDescription><SoldByWeight/><Quantity>500.00</Quantity><UnitOfMeasure>גרם     </UnitOfMeasure><QtyInPackage>לא ידוע</QtyInPackage><UnitOfMeasurePrice>0.0318</UnitOfMeasurePrice><AllowDiscount>1</AllowDiscount><ItemStatus>1</ItemStatus><ItemPrice>15.90</ItemPrice></item><item><PriceUpdateDate>2015-10-22 09:58:32</PriceUpdateDate><ItemCode>7290000445854</ItemCode><ItemType>1</ItemType><ItemName>דבש לחיץ מפרחי בר 40</ItemName><ManufacturerName>יד מרדכי</ManufacturerName><ManufactureCountry>ישראל</ManufactureCountry><ManufacturerItemDescription>דבש פרחי בר400 גר.בקלחיץ</ManufacturerItemDescription><SoldByWeight/><Quantity>400.00</Quantity><UnitOfMeasure>גרם     </UnitOfMeasure><QtyInPackage>לא ידוע</QtyInPackage><UnitOfMeasurePrice>0.0747</UnitOfMeasurePrice><AllowDiscount>1</AllowDiscount><ItemStatus>1</ItemStatus><ItemPrice>29.90</ItemPrice></item><item><PriceUpdateDate>2016-03-16 13:25:34</PriceUpdateDate><ItemCode>7290000445915</ItemCode><ItemType>1</ItemType><ItemName>פאנטה אקזוטיק 1.5 לי</ItemName><ManufacturerName>פאנטה אקזוטיק</ManufacturerName><ManufactureCountry>ישראל</ManufactureCountry><ManufacturerItemDescription>פאנטה אקזוטיק 1.5 ליטר</ManufacturerItemDescription><SoldByWeight/><Quantity>1500.00</Quantity><UnitOfMeasure>מ"ל</UnitOfMeasure><QtyInPackage>לא ידוע</QtyInPackage><UnitOfMeasurePrice>0.0046</UnitOfMeasurePrice><AllowDiscount>1</AllowDiscount><ItemStatus>1</ItemStatus><ItemPrice>6.90</ItemPrice></item><item><PriceUpdateDate>2015-10-13 09:47:46</PriceUpdateDate><ItemCode>7290000446011</ItemCode><ItemType>1</ItemType><ItemName>דניאלה וניל  150 מ"ל</ItemName><ManufacturerName>דניאלה</ManufacturerName><ManufactureCountry>ישראל</ManufactureCountry><ManufacturerItemDescription>דניאלה מעדן גבינה וניל 15</ManufacturerItemDescription><SoldByWeight/><Quantity>100.00</Quantity><UnitOfMeasure>מ"ל</UnitOfMeasure><QtyInPackage>לא ידוע</QtyInPackage><UnitOfMeasurePrice>0.0420</UnitOfMeasurePrice><AllowDiscount>1</AllowDiscount><ItemStatus>1</ItemStatus><ItemPrice>4.20</ItemPrice></item><item><PriceUpdateDate>2015-10-13 09:47:46</PriceUpdateDate><ItemCode>7290000446042</ItemCode><ItemType>1</ItemType><ItemName>גבינת סקי וניל 3% 12</ItemName><ManufacturerName>שטראוס</ManufacturerName><ManufactureCountry>ישראל</ManufactureCountry><ManufacturerItemDescription>גבינה סקי וניל125  גר</ManufacturerItemDescription><SoldByWeight/><Quantity>125.00</Quantity><UnitOfMeasure>גרם     </UnitOfMeasure><QtyInPackage>לא ידוע</QtyInPackage><UnitOfMeasurePrice>0.0304</UnitOfMeasurePrice><AllowDiscount>1</AllowDiscount><ItemStatus>1</ItemStatus><ItemPrice>3.80</ItemPrice></item><item><PriceUpdateDate>2015-10-13 09:47:46</PriceUpdateDate><ItemCode>7290000446059</ItemCode><ItemType>1</ItemType><ItemName>גבינת סקי 5% יום יום</ItemName><ManufacturerName>שטראוס</ManufacturerName><ManufactureCountry>ישראל</ManufactureCountry><ManufacturerItemDescription>גבינת סקי 5% יום יום</ManufacturerItemDescription><SoldByWeight/><Quantity>125.00</Quantity><UnitOfMeasure>גרם     </UnitOfMeasure><QtyInPackage>לא ידוע</QtyInPackage><UnitOfMeasurePrice>0.0280</UnitOfMeasurePrice><AllowDiscount>1</AllowDiscount><ItemStatus>1</ItemStatus><ItemPrice>3.50</ItemPrice></item><item><PriceUpdateDate>2015-10-13 09:47:46</PriceUpdateDate><ItemCode>7290000446066</ItemCode><ItemType>1</ItemType><ItemName>מארז שמינייה דנונה ב</ItemName><ManufacturerName>דנונה</ManufacturerName><ManufactureCountry>ישראל</ManufactureCountry><ManufacturerItemDescription>מארז שמינייה דנונה ב</ManufacturerItemDescription><SoldByWeight/><Quantity>1200.00</Quantity><UnitOfMeasure>מ"ל</UnitOfMeasure><QtyInPackage>לא ידוע</QtyInPackage><UnitOfMeasurePrice>0.0154</UnitOfMeasurePrice><AllowDiscount>1</AllowDiscount><ItemStatus>1</ItemStatus><ItemPrice>18.50</ItemPrice></item><item><PriceUpdateDate>2016-06-27 19:05:15</PriceUpdateDate><ItemCode>7290000446073</ItemCode><ItemType>1</ItemType><ItemName>סימפוניה 5% עם זיתים</ItemName><ManufacturerName>סימפוניה שטראוס</ManufacturerName><ManufactureCountry>ישראל</ManufactureCountry><ManufacturerItemDescription>סימפוניה 5% זיתים200 גר</ManufacturerItemDescription><SoldByWeight/><Quantity>200.00</Quantity><UnitOfMeasure>גרם     </UnitOfMeasure><QtyInPackage>לא ידוע</QtyInPackage><UnitOfMeasurePrice>0.0595</UnitOfMeasurePrice><AllowDiscount>0</AllowDiscount><ItemStatus>1</ItemStatus><ItemPrice>11.90</ItemPrice></item><item><PriceUpdateDate>2015-10-13 09:47:46</PriceUpdateDate><ItemCode>7290000446080</ItemCode><ItemType>1</ItemType><ItemName>מילקי טופ מגולגלת 14</ItemName><ManufacturerName>מילקי</ManufacturerName><ManufactureCountry>ישראל</ManufactureCountry><ManufacturerItemDescription>מילקי טופ מגולגלת 140 גר</ManufacturerItemDescription><SoldByWeight/><Quantity>141.00</Quantity><UnitOfMeasure>גרם     </UnitOfMeasure><QtyInPackage>לא ידוע</QtyInPackage><UnitOfMeasurePrice>0.0333</UnitOfMeasurePrice><AllowDiscount>1</AllowDiscount><ItemStatus>1</ItemStatus><ItemPrice>4.70</ItemPrice></item><item><PriceUpdateDate>2015-12-01 06:47:23</PriceUpdateDate><ItemCode>7290000446202</ItemCode><ItemType>1</ItemType><ItemName>ממרח פסטו קלאסי 220</ItemName><ManufacturerName>פרסקו</ManufacturerName><ManufactureCountry>ישראל</ManufactureCountry><ManufacturerItemDescription>פסטו קלאסי 220 ג</ManufacturerItemDescription><SoldByWeight/><Quantity>220.00</Quantity><UnitOfMeasure>גרם     </UnitOfMeasure><QtyInPackage>לא ידוע</QtyInPackage><UnitOfMeasurePrice>0.0986</UnitOfMeasurePrice><AllowDiscount>1</AllowDiscount><ItemStatus>1</ItemStatus><ItemPrice>21.70</ItemPrice></item><item><PriceUpdateDate>2016-08-02 06:35:59</PriceUpdateDate><ItemCode>7290000446882</ItemCode><ItemType>1</ItemType><ItemName>מב שישיית מים סן בנד</ItemName><ManufacturerName>סאן בנדטו</ManufacturerName><ManufactureCountry>ישראל</ManufactureCountry><ManufacturerItemDescription>סן בנדטו0.5 ל 1/6 מים מינ</ManufacturerItemDescription><SoldByWeight/><Quantity>3000.00</Quantity><UnitOfMeasure>מ"ל</UnitOfMeasure><QtyInPackage>לא ידוע</QtyInPackage><UnitOfMeasurePrice>0.0046</UnitOfMeasurePrice><AllowDiscount>1</AllowDiscount><ItemStatus>1</ItemStatus><ItemPrice>13.90</ItemPrice></item><item><PriceUpdateDate>2016-08-02 06:30:51</PriceUpdateDate><ItemCode>7290000446929</ItemCode><ItemType>1</ItemType><ItemName>גת אגוזי מלך שקית 15</ItemName><ManufacturerName>ליימן חטיבת המותגים</ManufacturerName><ManufactureCountry>ישראל</ManufactureCountry><ManufacturerItemDescription>גת אגוזי מלך שקית 15</ManufacturerItemDescription><SoldByWeight/><Quantity>150.00</Quantity><UnitOfMeasure>גרם     </UnitOfMeasure><QtyInPackage>לא ידוע</QtyInPackage><UnitOfMeasurePrice>0.1440</UnitOfMeasurePrice><AllowDiscount>1</AllowDiscount><ItemStatus>1</ItemStatus><ItemPrice>21.60</ItemPrice></item><item><PriceUpdateDate>2016-02-01 20:37:31</PriceUpdateDate><ItemCode>7290000447209</ItemCode><ItemType>1</ItemType><ItemName>ג'חנון בצק 700 גרם</ItemName><ManufacturerName>מעדנות</ManufacturerName><ManufactureCountry>ישראל</ManufactureCountry><ManufacturerItemDescription>גחנון בצק 700 גרם</ManufacturerItemDescription><SoldByWeight/><Quantity>700.00</Quantity><UnitOfMeasure>גרם     </UnitOfMeasure><QtyInPackage>לא ידוע</QtyInPackage><UnitOfMeasurePrice>0.0290</UnitOfMeasurePrice><AllowDiscount>1</AllowDiscount><ItemStatus>1</ItemStatus><ItemPrice>20.30</ItemPrice></item><item><PriceUpdateDate>2016-05-31 09:30:24</PriceUpdateDate><ItemCode>7290000447216</ItemCode><ItemType>1</ItemType><ItemName>ג'חנון אפוי 750 גרם</ItemName><ManufacturerName>מעדנות</ManufacturerName><ManufactureCountry>ישראל</ManufactureCountry><ManufacturerItemDescription>גחנון אפוי 750 גרם</ManufacturerItemDescription><SoldByWeight/><Quantity>750.00</Quantity><UnitOfMeasure>גרם     </UnitOfMeasure><QtyInPackage>לא ידוע</QtyInPackage><UnitOfMeasurePrice>0.0369</UnitOfMeasurePrice><AllowDiscount>1</AllowDiscount><ItemStatus>1</ItemStatus><ItemPrice>27.70</ItemPrice></item><item><PriceUpdateDate>2016-05-31 09:30:24</PriceUpdateDate><ItemCode>7290000447308</ItemCode><ItemType>1</ItemType><ItemName>מיני ג'חנון אפוי 600</ItemName><ManufacturerName>מעדנות</ManufacturerName><ManufactureCountry>ישראל</ManufactureCountry><ManufacturerItemDescription>גחנון אפוי מיני 600 גרם</ManufacturerItemDescription><SoldByWeight/><Quantity>600.00</Quantity><UnitOfMeasure>גרם     </UnitOfMeasure><QtyInPackage>לא ידוע</QtyInPackage><UnitOfMeasurePrice>0.0422</UnitOfMeasurePrice><AllowDiscount>1</AllowDiscount><ItemStatus>1</ItemStatus><ItemPrice>25.30</ItemPrice></item><item><PriceUpdateDate>2016-08-02 06:30:52</PriceUpdateDate><ItemCode>7290000447414</ItemCode><ItemType>1</ItemType><ItemName>מב עוגת שמרים בטעם א</ItemName><ManufacturerName>לחמי</ManufacturerName><ManufactureCountry>ישראל</ManufactureCountry><ManufacturerItemDescription>מאפה שמרים-אספרסו ושוקולד</ManufacturerItemDescription><SoldByWeight/><Quantity>450.00</Quantity><UnitOfMeasure>גרם     </UnitOfMeasure><QtyInPackage>לא ידוע</QtyInPackage><UnitOfMeasurePrice>0.0331</UnitOfMeasurePrice><AllowDiscount>1</AllowDiscount><ItemStatus>1</ItemStatus><ItemPrice>14.90</ItemPrice></item><item><PriceUpdateDate>2016-03-16 13:25:34</PriceUpdateDate><ItemCode>7290000447865</ItemCode><ItemType>1</ItemType><ItemName>פתיתי קוסקוס 350 גרם</ItemName><ManufacturerName>אסם</ManufacturerName><ManufactureCountry>ישראל</ManufactureCountry><ManufacturerItemDescription>פתיתי קוסקוס 350 גרם</ManufacturerItemDescription><SoldByWeight/><Quantity>350.00</Quantity><UnitOfMeasure>גרם     </UnitOfMeasure><QtyInPackage>לא ידוע</QtyInPackage><UnitOfMeasurePrice>0.0226</UnitOfMeasurePrice><AllowDiscount>1</AllowDiscount><ItemStatus>1</ItemStatus><ItemPrice>7.90</ItemPrice></item><item><PriceUpdateDate>2016-03-16 13:25:34</PriceUpdateDate><ItemCode>7290000448053</ItemCode><ItemType>1</ItemType><ItemName>קוסקוס דק בשקית 350</ItemName><ManufacturerName>אסם</ManufacturerName><ManufactureCountry>ישראל</ManufactureCountry><ManufacturerItemDescription>קוסקוס דק בשקית 350</ManufacturerItemDescription><SoldByWeight/><Quantity>350.00</Quantity><UnitOfMeasure>גרם     </UnitOfMeasure><QtyInPackage>לא ידוע</QtyInPackage><UnitOfMeasurePrice>0.0226</UnitOfMeasurePrice><AllowDiscount>1</AllowDiscount><ItemStatus>1</ItemStatus><ItemPrice>7.90</ItemPrice></item><item><PriceUpdateDate>2016-05-23 07:15:08</PriceUpdateDate><ItemCode>7290000448206</ItemCode><ItemType>1</ItemType><ItemName>דנונה תות 3% 150 גרם</ItemName><ManufacturerName>דנונה</ManufacturerName><ManufactureCountry>ישראל</ManufactureCountry><ManufacturerItemDescription>יוגורט דנונה תות</ManufacturerItemDescription><SoldByWeight/><Quantity>150.00</Quantity><UnitOfMeasure>גרם     </UnitOfMeasure><QtyInPackage>לא ידוע</QtyInPackage><UnitOfMeasurePrice>0.0260</UnitOfMeasurePrice><AllowDiscount>1</AllowDiscount><ItemStatus>1</ItemStatus><ItemPrice>3.90</ItemPrice></item><item><PriceUpdateDate>2015-12-17 14:35:44</PriceUpdateDate><ItemCode>7290000448213</ItemCode><ItemType>1</ItemType><ItemName>מארז אקטימל תות שמינ</ItemName><ManufacturerName>אקטימל</ManufacturerName><ManufactureCountry>ישראל</ManufactureCountry><ManufacturerItemDescription>מארז אקטימל תות 8 יח</ManufacturerItemDescription><SoldByWeight/><Quantity>850.00</Quantity><UnitOfMeasure>מ"ל</UnitOfMeasure><QtyInPackage>לא ידוע</QtyInPackage><UnitOfMeasurePrice>0.0258</UnitOfMeasurePrice><AllowDiscount>1</AllowDiscount><ItemStatus>1</ItemStatus><ItemPrice>21.90</ItemPrice></item><item><PriceUpdateDate>2015-12-17 14:35:44</PriceUpdateDate><ItemCode>7290000448237</ItemCode><ItemType>1</ItemType><ItemName>מארז אקטימל טבעי שמי</ItemName><ManufacturerName>אקטימל</ManufacturerName><ManufactureCountry>ישראל</ManufactureCountry><ManufacturerItemDescription>מארז אקטימל 8 יח</ManufacturerItemDescription><SoldByWeight/><Quantity>850.00</Quantity><UnitOfMeasure>מ"ל</UnitOfMeasure><QtyInPackage>לא ידוע</QtyInPackage><UnitOfMeasurePrice>0.0258</UnitOfMeasurePrice><AllowDiscount>1</AllowDiscount><ItemStatus>1</ItemStatus><ItemPrice>21.90</ItemPrice></item><item><PriceUpdateDate>2015-10-01 00:27:02</PriceUpdateDate><ItemCode>7290000448305</ItemCode><ItemType>1</ItemType><ItemName>מארז דנונה ביו 1.7%</ItemName><ManufacturerName>דנונה</ManufacturerName><ManufactureCountry>ישראל</ManufactureCountry><ManufacturerItemDescription>מארז דנונה ביו 1.7%</ManufacturerItemDescription><SoldByWeight/><Quantity>1200.00</Quantity><UnitOfMeasure>מ"ל</UnitOfMeasure><QtyInPackage>לא ידוע</QtyInPackage><UnitOfMeasurePrice>0.0147</UnitOfMeasurePrice><AllowDiscount>1</AllowDiscount><ItemStatus>1</ItemStatus><ItemPrice>17.60</ItemPrice></item><item><PriceUpdateDate>2016-02-01 20:40:53</PriceUpdateDate><ItemCode>7290000449210</ItemCode><ItemType>1</ItemType><ItemName>שניצל תירס לייט 630</ItemName><ManufacturerName>טבעול</ManufacturerName><ManufactureCountry>ישראל</ManufactureCountry><ManufacturerItemDescription>שניצל תירס לייט פחות 5% ש</ManufacturerItemDescription><SoldByWeight/><Quantity>630.00</Quantity><UnitOfMeasure>גרם     </UnitOfMeasure><QtyInPackage>לא ידוע</QtyInPackage><UnitOfMeasurePrice>0.0475</UnitOfMeasurePrice><AllowDiscount>1</AllowDiscount><ItemStatus>1</ItemStatus><ItemPrice>29.90</ItemPrice></item><item><PriceUpdateDate>2015-10-22 09:58:33</PriceUpdateDate><ItemCode>7290000449296</ItemCode><ItemType>1</ItemType><ItemName>בירה מאלט 500 מ''ל</ItemName><ManufacturerName>נשר מאלט</ManufacturerName><ManufactureCountry>ישראל</ManufactureCountry><ManufacturerItemDescription>בירה נשר מאלט 500 מל בקב.</ManufacturerItemDescription><SoldByWeight/><Quantity>500.00</Quantity><UnitOfMeasure>מ"ל</UnitOfMeasure><QtyInPackage>לא ידוע</QtyInPackage><UnitOfMeasurePrice>0.0114</UnitOfMeasurePrice><AllowDiscount>1</AllowDiscount><ItemStatus>1</ItemStatus><ItemPrice>5.70</ItemPrice></item><item><PriceUpdateDate>2016-05-31 09:32:56</PriceUpdateDate><ItemCode>7290000449302</ItemCode><ItemType>1</ItemType><ItemName>בירה גולדסטאר 500 מ"</ItemName><ManufacturerName>גולדסטאר</ManufacturerName><ManufactureCountry>ישראל</ManufactureCountry><ManufacturerItemDescription>בירה גולדסטאר.500 מל בק ח</ManufacturerItemDescription><SoldByWeight/><Quantity>500.00</Quantity><UnitOfMeasure>מ"ל</UnitOfMeasure><QtyInPackage>לא ידוע</QtyInPackage><UnitOfMeasurePrice>0.0138</UnitOfMeasurePrice><AllowDiscount>1</AllowDiscount><ItemStatus>1</ItemStatus><ItemPrice>6.90</ItemPrice></item><item><PriceUpdateDate>2016-02-01 20:37:32</PriceUpdateDate><ItemCode>7290000450247</ItemCode><ItemType>1</ItemType><ItemName>בירה מאלט 1.5 ליטר</ItemName><ManufacturerName>מאלטי</ManufacturerName><ManufactureCountry>ישראל</ManufactureCountry><ManufacturerItemDescription>בירה מאלטי 1.5 ליטר</ManufacturerItemDescription><SoldByWeight/><Quantity>1500.00</Quantity><UnitOfMeasure>מ"ל</UnitOfMeasure><QtyInPackage>לא ידוע</QtyInPackage><UnitOfMeasurePrice>0.0062</UnitOfMeasurePrice><AllowDiscount>0</AllowDiscount><ItemStatus>1</ItemStatus><ItemPrice>9.30</ItemPrice></item><item><PriceUpdateDate>2016-03-29 06:06:09</PriceUpdateDate><ItemCode>7290000450285</ItemCode><ItemType>1</ItemType><ItemName>מיץ סחוט אשכוליות אד</ItemName><ManufacturerName>פרימור</ManufacturerName><ManufactureCountry>ישראל</ManufactureCountry><ManufacturerItemDescription>מיץ סחוט אשכוליות אד</ManufacturerItemDescription><SoldByWeight/><Quantity>1000.00</Quantity><UnitOfMeasure>מ"ל</UnitOfMeasure><QtyInPackage>לא ידוע</QtyInPackage><UnitOfMeasurePrice>0.0152</UnitOfMeasurePrice><AllowDiscount>1</AllowDiscount><ItemStatus>1</ItemStatus><ItemPrice>15.20</ItemPrice></item><item><PriceUpdateDate>2016-02-11 07:49:23</PriceUpdateDate><ItemCode>7290000450407</ItemCode><ItemType>1</ItemType><ItemName>לבן 3% 150 מ"ל</ItemName><ManufacturerName>טרה</ManufacturerName><ManufactureCountry>ישראל</ManufactureCountry><ManufacturerItemDescription>לבן 3% 150 מ"ל</ManufacturerItemDescription><SoldByWeight/><Quantity>150.00</Quantity><UnitOfMeasure>מ"ל</UnitOfMeasure><QtyInPackage>לא ידוע</QtyInPackage><UnitOfMeasurePrice>0.0070</UnitOfMeasurePrice><AllowDiscount>1</AllowDiscount><ItemStatus>1</ItemStatus><ItemPrice>1.05</ItemPrice></item><item><PriceUpdateDate>2015-10-22 09:58:33</PriceUpdateDate><ItemCode>7290000450513</ItemCode><ItemType>1</ItemType><ItemName>קרוטונים מתובלים למר</ItemName><ManufacturerName>אסם</ManufacturerName><ManufactureCountry>ישראל</ManufactureCountry><ManufacturerItemDescription>קרוטונים מתובלים למר</ManufacturerItemDescription><SoldByWeight/><Quantity>400.00</Quantity><UnitOfMeasure>גרם     </UnitOfMeasure><QtyInPackage>לא ידוע</QtyInPackage><UnitOfMeasurePrice>0.0525</UnitOfMeasurePrice><AllowDiscount>1</AllowDiscount><ItemStatus>1</ItemStatus><ItemPrice>21.00</ItemPrice></item><item><PriceUpdateDate>2016-08-02 06:30:52</PriceUpdateDate><ItemCode>7290000450520</ItemCode><ItemType>1</ItemType><ItemName>לחמית שיפון  230 גרם</ItemName><ManufacturerName>לחמית</ManufacturerName><ManufactureCountry>ישראל</ManufactureCountry><ManufacturerItemDescription>לחמית עם שיפון 230 גרם</ManufacturerItemDescription><SoldByWeight/><Quantity>230.00</Quantity><UnitOfMeasure>גרם     </UnitOfMeasure><QtyInPackage>לא ידוע</QtyInPackage><UnitOfMeasurePrice>0.0430</UnitOfMeasurePrice><AllowDiscount>1</AllowDiscount><ItemStatus>1</ItemStatus><ItemPrice>9.90</ItemPrice></item><item><PriceUpdateDate>2016-05-31 09:32:57</PriceUpdateDate><ItemCode>7290000450575</ItemCode><ItemType>1</ItemType><ItemName>עוגת הבית שוקולד 400</ItemName><ManufacturerName>עוגות הבית</ManufacturerName><ManufactureCountry>ישראל</ManufactureCountry><ManufacturerItemDescription>עוגת הבית שוקולד 400 גר</ManufacturerItemDescription><SoldByWeight/><Quantity>400.00</Quantity><UnitOfMeasure>גרם     </UnitOfMeasure><QtyInPackage>לא ידוע</QtyInPackage><UnitOfMeasurePrice>0.0273</UnitOfMeasurePrice><AllowDiscount>0</AllowDiscount><ItemStatus>1</ItemStatus><ItemPrice>10.90</ItemPrice></item><item><PriceUpdateDate>2016-05-31 09:32:57</PriceUpdateDate><ItemCode>7290000450605</ItemCode><ItemType>1</ItemType><ItemName>עוגת הבית תפוז 400 ג</ItemName><ManufacturerName>עוגות הבית</ManufacturerName><ManufactureCountry>ישראל</ManufactureCountry><ManufacturerItemDescription>עוגת הבית תפוז 400 גר</ManufacturerItemDescription><SoldByWeight/><Quantity>400.00</Quantity><UnitOfMeasure>גרם     </UnitOfMeasure><QtyInPackage>לא ידוע</QtyInPackage><UnitOfMeasurePrice>0.0273</UnitOfMeasurePrice><AllowDiscount>0</AllowDiscount><ItemStatus>1</ItemStatus><ItemPrice>10.90</ItemPrice></item><item><PriceUpdateDate>2016-04-01 07:46:10</PriceUpdateDate><ItemCode>7290000450780</ItemCode><ItemType>1</ItemType><ItemName>שמפו פינוק לשיער רגי</ItemName><ManufacturerName>פינוק</ManufacturerName><ManufactureCountry>ישראל</ManufactureCountry><ManufacturerItemDescription>שמפו פינוק לשיער רגי</ManufacturerItemDescription><SoldByWeight/><Quantity>700.00</Quantity><UnitOfMeasure>מ"ל</UnitOfMeasure><QtyInPackage>לא ידוע</QtyInPackage><UnitOfMeasurePrice>0.0184</UnitOfMeasurePrice><AllowDiscount>1</AllowDiscount><ItemStatus>1</ItemStatus><ItemPrice>12.90</ItemPrice></item><item><PriceUpdateDate>2016-04-01 07:46:10</PriceUpdateDate><ItemCode>7290000450858</ItemCode><ItemType>1</ItemType><ItemName>מרכך פינוק לשיער עדי</ItemName><ManufacturerName>פינוק</ManufacturerName><ManufactureCountry>ישראל</ManufactureCountry><ManufacturerItemDescription>מרכך פינוק לשיער עדי</ManufacturerItemDescription><SoldByWeight/><Quantity>700.00</Quantity><UnitOfMeasure>מ"ל</UnitOfMeasure><QtyInPackage>לא ידוע</QtyInPackage><UnitOfMeasurePrice>0.0184</UnitOfMeasurePrice><AllowDiscount>1</AllowDiscount><ItemStatus>1</ItemStatus><ItemPrice>12.90</ItemPrice></item><item><PriceUpdateDate>2016-05-29 06:25:02</PriceUpdateDate><ItemCode>7290000451572</ItemCode><ItemType>1</ItemType><ItemName>סלמון מעושן מצונן 10</ItemName><ManufacturerName>דלידג</ManufacturerName><ManufactureCountry>ישראל</ManufactureCountry><ManufacturerItemDescription>סלמון מעושן מצונן 100 גרם</ManufacturerItemDescription><SoldByWeight/><Quantity>100.00</Quantity><UnitOfMeasure>גרם     </UnitOfMeasure><QtyInPackage>לא ידוע</QtyInPackage><UnitOfMeasurePrice>0.1990</UnitOfMeasurePrice><AllowDiscount>1</AllowDiscount><ItemStatus>1</ItemStatus><ItemPrice>19.90</ItemPrice></item><item><PriceUpdateDate>2016-08-02 06:35:59</PriceUpdateDate><ItemCode>7290000451732</ItemCode><ItemType>1</ItemType><ItemName>מב בצק פילו 500 גרם</ItemName><ManufacturerName>שלושת האופים</ManufacturerName><ManufactureCountry>ישראל</ManufactureCountry><ManufacturerItemDescription>בצק פילו 500גר ש.האופים</ManufacturerItemDescription><SoldByWeight/><Quantity>500.00</Quantity><UnitOfMeasure>גרם     </UnitOfMeasure><QtyInPackage>לא ידוע</QtyInPackage><UnitOfMeasurePrice>0.0278</UnitOfMeasurePrice><AllowDiscount>1</AllowDiscount><ItemStatus>1</ItemStatus><ItemPrice>13.90</ItemPrice></item><item><PriceUpdateDate>2016-05-31 09:30:24</PriceUpdateDate><ItemCode>7290000451916</ItemCode><ItemType>1</ItemType><ItemName>הרינג כבוש 240 גרם</ItemName><ManufacturerName>דלישס</ManufacturerName><ManufactureCountry>ישראל</ManufactureCountry><ManufacturerItemDescription>הרינג כבוש 240 גרם</ManufacturerItemDescription><SoldByWeight/><Quantity>240.00</Quantity><UnitOfMeasure>גרם     </UnitOfMeasure><QtyInPackage>לא ידוע</QtyInPackage><UnitOfMeasurePrice>0.1042</UnitOfMeasurePrice><AllowDiscount>1</AllowDiscount><ItemStatus>1</ItemStatus><ItemPrice>25.00</ItemPrice></item><item><PriceUpdateDate>2016-05-01 07:22:48</PriceUpdateDate><ItemCode>7290000452142</ItemCode><ItemType>1</ItemType><ItemName>מב אצבעות שניצל בציפ</ItemName><ManufacturerName>מאמא עוף קפוא</ManufacturerName><ManufactureCountry>ישראל</ManufactureCountry><ManufacturerItemDescription>אצבעות שניצל ציפוי שומשום</ManufacturerItemDescription><SoldByWeight/><Quantity>700.00</Quantity><UnitOfMeasure>גרם     </UnitOfMeasure><QtyInPackage>לא ידוע</QtyInPackage><UnitOfMeasurePrice>0.0427</UnitOfMeasurePrice><AllowDiscount>1</AllowDiscount><ItemStatus>1</ItemStatus><ItemPrice>29.90</ItemPrice></item><item><PriceUpdateDate>2016-05-31 09:32:57</PriceUpdateDate><ItemCode>7290000452197</ItemCode><ItemType>1</ItemType><ItemName>שניצל דק דק פריך 700</ItemName><ManufacturerName>מאמא עוף קפוא</ManufacturerName><ManufactureCountry>ישראל</ManufactureCountry><ManufacturerItemDescription>שניצל דק דק פריך 700 גרם</ManufacturerItemDescription><SoldByWeight/><Quantity>700.00</Quantity><UnitOfMeasure>גרם     </UnitOfMeasure><QtyInPackage>לא ידוע</QtyInPackage><UnitOfMeasurePrice>0.0527</UnitOfMeasurePrice><AllowDiscount>1</AllowDiscount><ItemStatus>1</ItemStatus><ItemPrice>36.90</ItemPrice></item><item><PriceUpdateDate>2016-05-31 09:32:57</PriceUpdateDate><ItemCode>7290000452203</ItemCode><ItemType>1</ItemType><ItemName>שניצל דק מתובל 700 ג</ItemName><ManufacturerName>מאמא עוף קפוא</ManufacturerName><ManufactureCountry>ישראל</ManufactureCountry><ManufacturerItemDescription>שניצל דק דק מתובל 700 גרם</ManufacturerItemDescription><SoldByWeight/><Quantity>700.00</Quantity><UnitOfMeasure>יח'</UnitOfMeasure><QtyInPackage>לא ידוע</QtyInPackage><UnitOfMeasurePrice>0.0527</UnitOfMeasurePrice><AllowDiscount>1</AllowDiscount><ItemStatus>1</ItemStatus><ItemPrice>36.90</ItemPrice></item><item><PriceUpdateDate>2016-06-28 06:23:25</PriceUpdateDate><ItemCode>7290000452333</ItemCode><ItemType>1</ItemType><ItemName>מב שניצל עוף אמיתי מ</ItemName><ManufacturerName>מאמא עוף קפוא</ManufacturerName><ManufactureCountry>ישראל</ManufactureCountry><ManufacturerItemDescription>שניצל עוף אמיתי 700 גרם</ManufacturerItemDescription><SoldByWeight/><Quantity>700.00</Quantity><UnitOfMeasure>גרם     </UnitOfMeasure><QtyInPackage>לא ידוע</QtyInPackage><UnitOfMeasurePrice>0.0499</UnitOfMeasurePrice><AllowDiscount>1</AllowDiscount><ItemStatus>1</ItemStatus><ItemPrice>34.90</ItemPrice></item><item><PriceUpdateDate>2016-08-02 06:30:52</PriceUpdateDate><ItemCode>7290000452371</ItemCode><ItemType>1</ItemType><ItemName>מב שניצל אמיתי ביתי</ItemName><ManufacturerName>מאמא עוף קפוא</ManufacturerName><ManufactureCountry>ישראל</ManufactureCountry><ManufacturerItemDescription>שניצל אמיתי ביתי 700 גרם</ManufacturerItemDescription><SoldByWeight/><Quantity>700.00</Quantity><UnitOfMeasure>גרם     </UnitOfMeasure><QtyInPackage>לא ידוע</QtyInPackage><UnitOfMeasurePrice>0.0499</UnitOfMeasurePrice><AllowDiscount>1</AllowDiscount><ItemStatus>1</ItemStatus><ItemPrice>34.90</ItemPrice></item><item><PriceUpdateDate>2016-01-05 10:15:44</PriceUpdateDate><ItemCode>7290000452494</ItemCode><ItemType>1</ItemType><ItemName>חומוס עם טחינה צבר 1</ItemName><ManufacturerName>צבר</ManufacturerName><ManufactureCountry>ישראל</ManufactureCountry><ManufacturerItemDescription>סלט חומוס וטחינה 150 גרם</ManufacturerItemDescription><SoldByWeight/><Quantity>150.00</Quantity><UnitOfMeasure>גרם     </UnitOfMeasure><QtyInPackage>לא ידוע</QtyInPackage><UnitOfMeasurePrice>0.0367</UnitOfMeasurePrice><AllowDiscount>1</AllowDiscount><ItemStatus>1</ItemStatus><ItemPrice>5.50</ItemPrice></item><item><PriceUpdateDate>2016-08-10 11:21:41</PriceUpdateDate><ItemCode>7290000453019</ItemCode><ItemType>1</ItemType><ItemName>שמרים טריים 50 גרם</ItemName><ManufacturerName>שמרית</ManufacturerName><ManufactureCountry>ישראל</ManufactureCountry><ManufacturerItemDescription>שמרים לחים אינסטנט</ManufacturerItemDescription><SoldByWeight/><Quantity>14.00</Quantity><UnitOfMeasure>גרם     </UnitOfMeasure><QtyInPackage>לא ידוע</QtyInPackage><UnitOfMeasurePrice>0.3857</UnitOfMeasurePrice><AllowDiscount>1</AllowDiscount><ItemStatus>1</ItemStatus><ItemPrice>5.40</ItemPrice></item><item><PriceUpdateDate>2016-04-03 07:39:25</PriceUpdateDate><ItemCode>7290000453040</ItemCode><ItemType>1</ItemType><ItemName>סלט המושבה 450 גרם</ItemName><ManufacturerName>שטראוס</ManufacturerName><ManufactureCountry>ישראל</ManufactureCountry><ManufacturerItemDescription>סלט המושבה</ManufacturerItemDescription><SoldByWeight/><Quantity>450.00</Quantity><UnitOfMeasure>גרם     </UnitOfMeasure><QtyInPackage>לא ידוע</QtyInPackage><UnitOfMeasurePrice>0.0331</UnitOfMeasurePrice><AllowDiscount>1</AllowDiscount><ItemStatus>1</ItemStatus><ItemPrice>14.90</ItemPrice></item><item><PriceUpdateDate>2016-05-05 12:30:12</PriceUpdateDate><ItemCode>7290000453149</ItemCode><ItemType>1</ItemType><ItemName>סלט חומוס אחלה 750 ג</ItemName><ManufacturerName>אחלה</ManufacturerName><ManufactureCountry>ישראל</ManufactureCountry><ManufacturerItemDescription>סלט חומוס אחלה 750 ג</ManufacturerItemDescription><SoldByWeight/><Quantity>750.00</Quantity><UnitOfMeasure>גרם     </UnitOfMeasure><QtyInPackage>לא ידוע</QtyInPackage><UnitOfMeasurePrice>0.0132</UnitOfMeasurePrice><AllowDiscount>1</AllowDiscount><ItemStatus>1</ItemStatus><ItemPrice>9.90</ItemPrice></item><item><PriceUpdateDate>2016-03-16 13:26:02</PriceUpdateDate><ItemCode>7290000453163</ItemCode><ItemType>1</ItemType><ItemName>קוקה קולה לימון דיאט</ItemName><ManufacturerName>דיאט קולה לימון</ManufacturerName><ManufactureCountry>ישראל</ManufactureCountry><ManufacturerItemDescription>קוקה קולה דיאט לימון 1.5</ManufacturerItemDescription><SoldByWeight/><Quantity>1500.00</Quantity><UnitOfMeasure>מ"ל</UnitOfMeasure><QtyInPackage>לא ידוע</QtyInPackage><UnitOfMeasurePrice>0.0046</UnitOfMeasurePrice><AllowDiscount>1</AllowDiscount><ItemStatus>1</ItemStatus><ItemPrice>6.90</ItemPrice></item><item><PriceUpdateDate>2015-10-13 09:47:47</PriceUpdateDate><ItemCode>7290000453286</ItemCode><ItemType>1</ItemType><ItemName>דניאלה תות 150 מ"ל</ItemName><ManufacturerName>דניאלה</ManufacturerName><ManufactureCountry>ישראל</ManufactureCountry><ManufacturerItemDescription>דניאלה מעדן גבינה תות 150</ManufacturerItemDescription><SoldByWeight/><Quantity>150.00</Quantity><UnitOfMeasure>מ"ל</UnitOfMeasure><QtyInPackage>לא ידוע</QtyInPackage><UnitOfMeasurePrice>0.0280</UnitOfMeasurePrice><AllowDiscount>1</AllowDiscount><ItemStatus>1</ItemStatus><ItemPrice>4.20</ItemPrice></item><item><PriceUpdateDate>2015-10-01 00:27:02</PriceUpdateDate><ItemCode>7290000453477</ItemCode><ItemType>1</ItemType><ItemName>תפוצ'יפס קראנצ' טבעי</ItemName><ManufacturerName>תפוצ'יפס</ManufacturerName><ManufactureCountry>ישראל</ManufactureCountry><ManufacturerItemDescription>תפוציפס קראנץ בטעם טבעי 5</ManufacturerItemDescription><SoldByWeight/><Quantity>14.00</Quantity><UnitOfMeasure>גרם     </UnitOfMeasure><QtyInPackage>לא ידוע</QtyInPackage><UnitOfMeasurePrice>0.2786</UnitOfMeasurePrice><AllowDiscount>1</AllowDiscount><ItemStatus>1</ItemStatus><ItemPrice>3.90</ItemPrice></item><item><PriceUpdateDate>2016-02-16 10:18:31</PriceUpdateDate><ItemCode>7290000453538</ItemCode><ItemType>1</ItemType><ItemName>שוקולד פרה במילוי תו</ItemName><ManufacturerName>פרה</ManufacturerName><ManufactureCountry>ישראל</ManufactureCountry><ManufacturerItemDescription>שוקולד פרה במילוי תות 100</ManufacturerItemDescription><SoldByWeight/><Quantity>100.00</Quantity><UnitOfMeasure>גרם     </UnitOfMeasure><QtyInPackage>לא ידוע</QtyInPackage><UnitOfMeasurePrice>0.0690</UnitOfMeasurePrice><AllowDiscount>0</AllowDiscount><ItemStatus>1</ItemStatus><ItemPrice>6.90</ItemPrice></item><item><PriceUpdateDate>2016-02-16 10:18:31</PriceUpdateDate><ItemCode>7290000453637</ItemCode><ItemType>1</ItemType><ItemName>שוקולד פרה לבן עם עו</ItemName><ManufacturerName>פרה</ManufacturerName><ManufactureCountry>ישראל</ManufactureCountry><ManufacturerItemDescription>שוקולד פרה לבן עם עוגיות</ManufacturerItemDescription><SoldByWeight/><Quantity>100.00</Quantity><UnitOfMeasure>גרם     </UnitOfMeasure><QtyInPackage>לא ידוע</QtyInPackage><UnitOfMeasurePrice>0.0690</UnitOfMeasurePrice><AllowDiscount>0</AllowDiscount><ItemStatus>1</ItemStatus><ItemPrice>6.90</ItemPrice></item><item><PriceUpdateDate>2015-10-01 00:27:02</PriceUpdateDate><ItemCode>7290000453668</ItemCode><ItemType>1</ItemType><ItemName>חטיף תפוציפס קראנצ'</ItemName><ManufacturerName>תפוצ'יפס</ManufacturerName><ManufactureCountry>ישראל</ManufactureCountry><ManufacturerItemDescription>תפוציפס קראנץ גריל 50 גרם</ManufacturerItemDescription><SoldByWeight/><Quantity>14.00</Quantity><UnitOfMeasure>גרם     </UnitOfMeasure><QtyInPackage>לא ידוע</QtyInPackage><UnitOfMeasurePrice>0.2786</UnitOfMeasurePrice><AllowDiscount>1</AllowDiscount><ItemStatus>1</ItemStatus><ItemPrice>3.90</ItemPrice></item><item><PriceUpdateDate>2015-10-01 00:27:02</PriceUpdateDate><ItemCode>7290000453682</ItemCode><ItemType>1</ItemType><ItemName>חטיף תפוציפס קראנצ'</ItemName><ManufacturerName>תפוצ'יפס</ManufacturerName><ManufactureCountry>ישראל</ManufactureCountry><ManufacturerItemDescription>תפוציפס קראנץ מקסיקני 50</ManufacturerItemDescription><SoldByWeight/><Quantity>14.00</Quantity><UnitOfMeasure>גרם     </UnitOfMeasure><QtyInPackage>לא ידוע</QtyInPackage><UnitOfMeasurePrice>0.2786</UnitOfMeasurePrice><AllowDiscount>1</AllowDiscount><ItemStatus>1</ItemStatus><ItemPrice>3.90</ItemPrice></item><item><PriceUpdateDate>2015-10-13 09:47:47</PriceUpdateDate><ItemCode>7290000453705</ItemCode><ItemType>1</ItemType><ItemName>חטיף דוריטוס גריל 55</ItemName><ManufacturerName>דוריטוס</ManufacturerName><ManufactureCountry>ישראל</ManufactureCountry><ManufacturerItemDescription>דוריטוס גריל 55 גרם</ManufacturerItemDescription><SoldByWeight/><Quantity>14.00</Quantity><UnitOfMeasure>גרם     </UnitOfMeasure><QtyInPackage>לא ידוע</QtyInPackage><UnitOfMeasurePrice>0.2571</UnitOfMeasurePrice><AllowDiscount>1</AllowDiscount><ItemStatus>1</ItemStatus><ItemPrice>3.60</ItemPrice></item><item><PriceUpdateDate>2015-10-13 09:47:47</PriceUpdateDate><ItemCode>7290000453712</ItemCode><ItemType>1</ItemType><ItemName>חטיף דוריטוס נאצ'ו מ</ItemName><ManufacturerName>דוריטוס</ManufacturerName><ManufactureCountry>ישראל</ManufactureCountry><ManufacturerItemDescription>דוריטוס נאצו 55 גרם</ManufacturerItemDescription><SoldByWeight/><Quantity>14.00</Quantity><UnitOfMeasure>גרם     </UnitOfMeasure><QtyInPackage>לא ידוע</QtyInPackage><UnitOfMeasurePrice>0.2571</UnitOfMeasurePrice><AllowDiscount>1</AllowDiscount><ItemStatus>1</ItemStatus><ItemPrice>3.60</ItemPrice></item><item><PriceUpdateDate>2015-10-13 09:47:47</PriceUpdateDate><ItemCode>7290000453729</ItemCode><ItemType>1</ItemType><ItemName>דוריטוס טבעי 55 גרם</ItemName><ManufacturerName>דוריטוס</ManufacturerName><ManufactureCountry>ישראל</ManufactureCountry><ManufacturerItemDescription>דוריטוס בטעם טבעי 55 גרם</ManufacturerItemDescription><SoldByWeight/><Quantity>55.00</Quantity><UnitOfMeasure>גרם     </UnitOfMeasure><QtyInPackage>לא ידוע</QtyInPackage><UnitOfMeasurePrice>0.0655</UnitOfMeasurePrice><AllowDiscount>1</AllowDiscount><ItemStatus>1</ItemStatus><ItemPrice>3.60</ItemPrice></item><item><PriceUpdateDate>2016-02-16 10:18:31</PriceUpdateDate><ItemCode>7290000453750</ItemCode><ItemType>1</ItemType><ItemName>שוקולד פרה חלב אוורי</ItemName><ManufacturerName>פרה</ManufacturerName><ManufactureCountry>ישראל</ManufactureCountry><ManufacturerItemDescription>שוקולד חלב אוורירי 85 גר</ManufacturerItemDescription><SoldByWeight/><Quantity>100.00</Quantity><UnitOfMeasure>גרם     </UnitOfMeasure><QtyInPackage>לא ידוע</QtyInPackage><UnitOfMeasurePrice>0.0690</UnitOfMeasurePrice><AllowDiscount>0</AllowDiscount><ItemStatus>1</ItemStatus><ItemPrice>6.90</ItemPrice></item><item><PriceUpdateDate>2016-01-14 11:46:23</PriceUpdateDate><ItemCode>7290000453798</ItemCode><ItemType>1</ItemType><ItemName>מסטיק מאסט מנטה עדין</ItemName><ManufacturerName>מאסט</ManufacturerName><ManufactureCountry>ישראל</ManufactureCountry><ManufacturerItemDescription>מסטיק מאסט עדיין ספירמינט</ManufacturerItemDescription><SoldByWeight/><Quantity>28.00</Quantity><UnitOfMeasure>גרם     </UnitOfMeasure><QtyInPackage>לא ידוע</QtyInPackage><UnitOfMeasurePrice>0.1607</UnitOfMeasurePrice><AllowDiscount>1</AllowDiscount><ItemStatus>1</ItemStatus><ItemPrice>4.50</ItemPrice></item><item><PriceUpdateDate>2016-01-14 11:46:23</PriceUpdateDate><ItemCode>7290000453804</ItemCode><ItemType>1</ItemType><ItemName>מסטיק מאסט קלאסי 28</ItemName><ManufacturerName>מאסט</ManufacturerName><ManufactureCountry>ישראל</ManufactureCountry><ManufacturerItemDescription>מסטיק מאסט קלאסי פפרמינט</ManufacturerItemDescription><SoldByWeight/><Quantity>0.00</Quantity><UnitOfMeasure>יח'</UnitOfMeasure><QtyInPackage>לא ידוע</QtyInPackage><UnitOfMeasurePrice>0.0000</UnitOfMeasurePrice><AllowDiscount>1</AllowDiscount><ItemStatus>1</ItemStatus><ItemPrice>4.50</ItemPrice></item><item><PriceUpdateDate>2016-05-26 17:29:08</PriceUpdateDate><ItemCode>7290000453828</ItemCode><ItemType>1</ItemType><ItemName>עוגת רולדה מצופה שוק</ItemName><ManufacturerName>עלית</ManufacturerName><ManufactureCountry>ישראל</ManufactureCountry><ManufacturerItemDescription>עוגת רולדה מצופה שוק</ManufacturerItemDescription><SoldByWeight/><Quantity>350.00</Quantity><UnitOfMeasure>גרם     </UnitOfMeasure><QtyInPackage>לא ידוע</QtyInPackage><UnitOfMeasurePrice>0.0483</UnitOfMeasurePrice><AllowDiscount>1</AllowDiscount><ItemStatus>1</ItemStatus><ItemPrice>16.90</ItemPrice></item><item><PriceUpdateDate>2016-05-31 09:32:58</PriceUpdateDate><ItemCode>7290000453903</ItemCode><ItemType>1</ItemType><ItemName>ערגליות שוקו 300 גרם</ItemName><ManufacturerName>אסם</ManufacturerName><ManufactureCountry>ישראל</ManufactureCountry><ManufacturerItemDescription>ערגליות שוקו 300 גר</ManufacturerItemDescription><SoldByWeight/><Quantity>300.00</Quantity><UnitOfMeasure>גרם     </UnitOfMeasure><QtyInPackage>לא ידוע</QtyInPackage><UnitOfMeasurePrice>0.0357</UnitOfMeasurePrice><AllowDiscount>0</AllowDiscount><ItemStatus>1</ItemStatus><ItemPrice>10.70</ItemPrice></item><item><PriceUpdateDate>2016-03-16 13:25:34</PriceUpdateDate><ItemCode>7290000454658</ItemCode><ItemType>1</ItemType><ItemName>פאנטה אורנג' מנגו 1.</ItemName><ManufacturerName>פאנטה אורנג</ManufacturerName><ManufactureCountry>ישראל</ManufactureCountry><ManufacturerItemDescription>פאנטה אורנג' מנגו 1.</ManufacturerItemDescription><SoldByWeight/><Quantity>1500.00</Quantity><UnitOfMeasure>מ"ל</UnitOfMeasure><QtyInPackage>לא ידוע</QtyInPackage><UnitOfMeasurePrice>0.0046</UnitOfMeasurePrice><AllowDiscount>1</AllowDiscount><ItemStatus>1</ItemStatus><ItemPrice>6.90</ItemPrice></item><item><PriceUpdateDate>2015-10-13 09:47:48</PriceUpdateDate><ItemCode>7290000454702</ItemCode><ItemType>1</ItemType><ItemName>קוקה קולה זירו 0.5 ל</ItemName><ManufacturerName>zero קוקה קולה</ManufacturerName><ManufactureCountry>ישראל</ManufactureCountry><ManufacturerItemDescription>קוקה קולה זירו 500 מל</ManufacturerItemDescription><SoldByWeight/><Quantity>500.00</Quantity><UnitOfMeasure>מ"ל</UnitOfMeasure><QtyInPackage>לא ידוע</QtyInPackage><UnitOfMeasurePrice>0.0146</UnitOfMeasurePrice><AllowDiscount>1</AllowDiscount><ItemStatus>1</ItemStatus><ItemPrice>7.30</ItemPrice></item><item><PriceUpdateDate>2016-03-16 13:26:02</PriceUpdateDate><ItemCode>7290000454719</ItemCode><ItemType>1</ItemType><ItemName>קוקה קולה זירו 1.5 ל</ItemName><ManufacturerName>zero קוקה קולה</ManufacturerName><ManufactureCountry>ישראל</ManufactureCountry><ManufacturerItemDescription>קוקה קולה זירו 1.5 ל</ManufacturerItemDescription><SoldByWeight/><Quantity>1500.00</Quantity><UnitOfMeasure>מ"ל</UnitOfMeasure><QtyInPackage>לא ידוע</QtyInPackage><UnitOfMeasurePrice>0.0046</UnitOfMeasurePrice><AllowDiscount>1</AllowDiscount><ItemStatus>1</ItemStatus><ItemPrice>6.90</ItemPrice></item><item><PriceUpdateDate>2016-03-16 13:26:02</PriceUpdateDate><ItemCode>7290000454726</ItemCode><ItemType>1</ItemType><ItemName>קולה זירו שישיות 1.5</ItemName><ManufacturerName>zero קוקה קולה</ManufacturerName><ManufactureCountry>ישראל</ManufactureCountry><ManufacturerItemDescription>קוקה קולה זירו 1.5 1/6 ל</ManufacturerItemDescription><SoldByWeight/><Quantity>9000.00</Quantity><UnitOfMeasure>מ"ל</UnitOfMeasure><QtyInPackage>לא ידוע</QtyInPackage><UnitOfMeasurePrice>0.0041</UnitOfMeasurePrice><AllowDiscount>1</AllowDiscount><ItemStatus>1</ItemStatus><ItemPrice>36.90</ItemPrice></item><item><PriceUpdateDate>2016-08-02 06:30:53</PriceUpdateDate><ItemCode>7290000454931</ItemCode><ItemType>1</ItemType><ItemName>עוגיות לחמי שוקולד צ</ItemName><ManufacturerName>לחמי</ManufacturerName><ManufactureCountry>ישראל</ManufactureCountry><ManufacturerItemDescription>עוגיות שוקולד ציפס 250 גר</ManufacturerItemDescription><SoldByWeight/><Quantity>250.00</Quantity><UnitOfMeasure>גרם     </UnitOfMeasure><QtyInPackage>לא ידוע</QtyInPackage><UnitOfMeasurePrice>0.0796</UnitOfMeasurePrice><AllowDiscount>1</AllowDiscount><ItemStatus>1</ItemStatus><ItemPrice>19.90</ItemPrice></item><item><PriceUpdateDate>2016-08-02 06:30:53</PriceUpdateDate><ItemCode>7290000454955</ItemCode><ItemType>1</ItemType><ItemName>עוגיות לחמי הנסיכה 2</ItemName><ManufacturerName>לא ידוע</ManufacturerName><ManufactureCountry>ישראל</ManufactureCountry><ManufacturerItemDescription>עוגיות הנסיכה 250 גר</ManufacturerItemDescription><SoldByWeight/><Quantity>250.00</Quantity><UnitOfMeasure>גרם     </UnitOfMeasure><QtyInPackage>לא ידוע</QtyInPackage><UnitOfMeasurePrice>0.0796</UnitOfMeasurePrice><AllowDiscount>1</AllowDiscount><ItemStatus>1</ItemStatus><ItemPrice>19.90</ItemPrice></item><item><PriceUpdateDate>2016-02-16 10:18:31</PriceUpdateDate><ItemCode>7290000455075</ItemCode><ItemType>1</ItemType><ItemName>שוקולד פרה מריר אוור</ItemName><ManufacturerName>פרה</ManufacturerName><ManufactureCountry>ישראל</ManufactureCountry><ManufacturerItemDescription>שוקולד אוורירי מריר 85 גר</ManufacturerItemDescription><SoldByWeight/><Quantity>85.00</Quantity><UnitOfMeasure>גרם     </UnitOfMeasure><QtyInPackage>לא ידוע</QtyInPackage><UnitOfMeasurePrice>0.0812</UnitOfMeasurePrice><AllowDiscount>0</AllowDiscount><ItemStatus>1</ItemStatus><ItemPrice>6.90</ItemPrice></item><item><PriceUpdateDate>2015-10-13 09:47:48</PriceUpdateDate><ItemCode>7290000455082</ItemCode><ItemType>1</ItemType><ItemName>צ'יטוס קראנצ' גבינה</ItemName><ManufacturerName>צ'יטוס</ManufacturerName><ManufactureCountry>ישראל</ManufactureCountry><ManufacturerItemDescription>חטיף ציטוס גבינה 80 גרם</ManufacturerItemDescription><SoldByWeight/><Quantity>80.00</Quantity><UnitOfMeasure>גרם     </UnitOfMeasure><QtyInPackage>לא ידוע</QtyInPackage><UnitOfMeasurePrice>0.0625</UnitOfMeasurePrice><AllowDiscount>1</AllowDiscount><ItemStatus>1</ItemStatus><ItemPrice>5.00</ItemPrice></item><item><PriceUpdateDate>2016-05-31 09:30:25</PriceUpdateDate><ItemCode>7290000455105</ItemCode><ItemType>1</ItemType><ItemName>שוקולית 850 גרם בשקי</ItemName><ManufacturerName>שוקולית</ManufacturerName><ManufactureCountry>ישראל</ManufactureCountry><ManufacturerItemDescription>שוקולית 850 גרם בשקי</ManufacturerItemDescription><SoldByWeight/><Quantity>850.00</Quantity><UnitOfMeasure>גרם     </UnitOfMeasure><QtyInPackage>לא ידוע</QtyInPackage><UnitOfMeasurePrice>0.0234</UnitOfMeasurePrice><AllowDiscount>1</AllowDiscount><ItemStatus>1</ItemStatus><ItemPrice>19.90</ItemPrice></item><item><PriceUpdateDate>2016-05-23 07:15:08</PriceUpdateDate><ItemCode>7290000455143</ItemCode><ItemType>1</ItemType><ItemName>בוטנים אמריקאים עלית</ItemName><ManufacturerName>סבבה</ManufacturerName><ManufactureCountry>ישראל</ManufactureCountry><ManufacturerItemDescription>סבבה בוטנים אמריקאים</ManufacturerItemDescription><SoldByWeight/><Quantity>50.00</Quantity><UnitOfMeasure>גרם     </UnitOfMeasure><QtyInPackage>לא ידוע</QtyInPackage><UnitOfMeasurePrice>0.0500</UnitOfMeasurePrice><AllowDiscount>1</AllowDiscount><ItemStatus>1</ItemStatus><ItemPrice>2.50</ItemPrice></item><item><PriceUpdateDate>2015-10-13 09:47:48</PriceUpdateDate><ItemCode>7290000455181</ItemCode><ItemType>1</ItemType><ItemName>חטיף דוריטוס חמוץ חר</ItemName><ManufacturerName>דוריטוס</ManufacturerName><ManufactureCountry>ישראל</ManufactureCountry><ManufacturerItemDescription>דוריטוס חמוץ חריף 55 גרם</ManufacturerItemDescription><SoldByWeight/><Quantity>55.00</Quantity><UnitOfMeasure>גרם     </UnitOfMeasure><QtyInPackage>לא ידוע</QtyInPackage><UnitOfMeasurePrice>0.0655</UnitOfMeasurePrice><AllowDiscount>1</AllowDiscount><ItemStatus>1</ItemStatus><ItemPrice>3.60</ItemPrice></item><item><PriceUpdateDate>2015-10-13 09:47:48</PriceUpdateDate><ItemCode>7290000455198</ItemCode><ItemType>1</ItemType><ItemName>סחוג תימני ביטון 250</ItemName><ManufacturerName>תבליני ביטון יוחאי</ManufacturerName><ManufactureCountry>ישראל</ManufactureCountry><ManufacturerItemDescription>סחוג תימני 250 גרם</ManufacturerItemDescription><SoldByWeight/><Quantity>250.00</Quantity><UnitOfMeasure>גרם     </UnitOfMeasure><QtyInPackage>לא ידוע</QtyInPackage><UnitOfMeasurePrice>0.0648</UnitOfMeasurePrice><AllowDiscount>1</AllowDiscount><ItemStatus>1</ItemStatus><ItemPrice>16.20</ItemPrice></item><item><PriceUpdateDate>2015-10-13 09:47:48</PriceUpdateDate><ItemCode>7290000455204</ItemCode><ItemType>1</ItemType><ItemName>לימון כבוש ביטון 250</ItemName><ManufacturerName>תבליני ביטון יוחאי</ManufacturerName><ManufactureCountry>ישראל</ManufactureCountry><ManufacturerItemDescription>לימון בלאדי 250 גר</ManufacturerItemDescription><SoldByWeight/><Quantity>250.00</Quantity><UnitOfMeasure>גרם     </UnitOfMeasure><QtyInPackage>לא ידוע</QtyInPackage><UnitOfMeasurePrice>0.0648</UnitOfMeasurePrice><AllowDiscount>1</AllowDiscount><ItemStatus>1</ItemStatus><ItemPrice>16.20</ItemPrice></item><item><PriceUpdateDate>2015-10-13 09:47:48</PriceUpdateDate><ItemCode>7290000455228</ItemCode><ItemType>1</ItemType><ItemName>עמבה ביטון 250 גרם</ItemName><ManufacturerName>תבליני ביטון יוחאי</ManufacturerName><ManufactureCountry>ישראל</ManufactureCountry><ManufacturerItemDescription>עמבה 250 גר</ManufacturerItemDescription><SoldByWeight/><Quantity>250.00</Quantity><UnitOfMeasure>גרם     </UnitOfMeasure><QtyInPackage>לא ידוע</QtyInPackage><UnitOfMeasurePrice>0.0648</UnitOfMeasurePrice><AllowDiscount>1</AllowDiscount><ItemStatus>1</ItemStatus><ItemPrice>16.20</ItemPrice></item><item><PriceUpdateDate>2016-05-05 12:30:12</PriceUpdateDate><ItemCode>7290000455358</ItemCode><ItemType>1</ItemType><ItemName>בירה נשר מאלט 1.5 לי</ItemName><ManufacturerName>נשר מאלט</ManufacturerName><ManufactureCountry>ישראל</ManufactureCountry><ManufacturerItemDescription>בירה נשר מאלט 1.5 ל</ManufacturerItemDescription><SoldByWeight/><Quantity>1500.00</Quantity><UnitOfMeasure>מ"ל</UnitOfMeasure><QtyInPackage>לא ידוע</QtyInPackage><UnitOfMeasurePrice>0.0039</UnitOfMeasurePrice><AllowDiscount>1</AllowDiscount><ItemStatus>1</ItemStatus><ItemPrice>5.90</ItemPrice></item><item><PriceUpdateDate>2015-10-22 09:59:40</PriceUpdateDate><ItemCode>7290000455426</ItemCode><ItemType>1</ItemType><ItemName>בירה היינקן 500 מ"ל</ItemName><ManufacturerName>הייניקן</ManufacturerName><ManufactureCountry>ישראל</ManufactureCountry><ManufacturerItemDescription>בירה היינקן.500 מל בקבוק</ManufacturerItemDescription><SoldByWeight/><Quantity>500.00</Quantity><UnitOfMeasure>מ"ל</UnitOfMeasure><QtyInPackage>לא ידוע</QtyInPackage><UnitOfMeasurePrice>0.0178</UnitOfMeasurePrice><AllowDiscount>1</AllowDiscount><ItemStatus>1</ItemStatus><ItemPrice>8.90</ItemPrice></item><item><PriceUpdateDate>2016-05-31 09:30:25</PriceUpdateDate><ItemCode>7290000455457</ItemCode><ItemType>1</ItemType><ItemName>חזה בגריל מן הצומח 6</ItemName><ManufacturerName>טבעול</ManufacturerName><ManufactureCountry>ישראל</ManufactureCountry><ManufacturerItemDescription>חזה בגריל צמחי</ManufacturerItemDescription><SoldByWeight/><Quantity>630.00</Quantity><UnitOfMeasure>גרם     </UnitOfMeasure><QtyInPackage>לא ידוע</QtyInPackage><UnitOfMeasurePrice>0.0624</UnitOfMeasurePrice><AllowDiscount>1</AllowDiscount><ItemStatus>1</ItemStatus><ItemPrice>39.30</ItemPrice></item><item><PriceUpdateDate>2016-03-16 13:25:35</PriceUpdateDate><ItemCode>7290000455693</ItemCode><ItemType>1</ItemType><ItemName>דנונה בר תות קורנפלק</ItemName><ManufacturerName>דנונה</ManufacturerName><ManufactureCountry>ישראל</ManufactureCountry><ManufacturerItemDescription>דנונהבר תות קורנפלקס מצופ</ManufacturerItemDescription><SoldByWeight/><Quantity>175.00</Quantity><UnitOfMeasure>מ"ל</UnitOfMeasure><QtyInPackage>לא ידוע</QtyInPackage><UnitOfMeasurePrice>0.0257</UnitOfMeasurePrice><AllowDiscount>1</AllowDiscount><ItemStatus>1</ItemStatus><ItemPrice>4.50</ItemPrice></item><item><PriceUpdateDate>2016-02-18 08:08:14</PriceUpdateDate><ItemCode>7290000455792</ItemCode><ItemType>1</ItemType><ItemName>מארז שמינייה דני שוק</ItemName><ManufacturerName>דני</ManufacturerName><ManufactureCountry>ישראל</ManufactureCountry><ManufacturerItemDescription>מארז שמינייה דני שוק</ManufacturerItemDescription><SoldByWeight/><Quantity>1000.00</Quantity><UnitOfMeasure>גרם     </UnitOfMeasure><QtyInPackage>לא ידוע</QtyInPackage><UnitOfMeasurePrice>0.0169</UnitOfMeasurePrice><AllowDiscount>1</AllowDiscount><ItemStatus>1</ItemStatus><ItemPrice>16.90</ItemPrice></item><item><PriceUpdateDate>2016-03-01 06:24:12</PriceUpdateDate><ItemCode>7290000455815</ItemCode><ItemType>1</ItemType><ItemName>מארז גמדים תות 4*100</ItemName><ManufacturerName>גמדים</ManufacturerName><ManufactureCountry>ישראל</ManufactureCountry><ManufacturerItemDescription>מארז גמדים תות 4*100</ManufacturerItemDescription><SoldByWeight/><Quantity>400.00</Quantity><UnitOfMeasure>מ"ל</UnitOfMeasure><QtyInPackage>לא ידוע</QtyInPackage><UnitOfMeasurePrice>0.0285</UnitOfMeasurePrice><AllowDiscount>0</AllowDiscount><ItemStatus>1</ItemStatus><ItemPrice>11.40</ItemPrice></item><item><PriceUpdateDate>2015-11-11 11:53:04</PriceUpdateDate><ItemCode>7290000456324</ItemCode><ItemType>1</ItemType><ItemName>קוטג' 3% טרה 250 גרם</ItemName><ManufacturerName>טרה</ManufacturerName><ManufactureCountry>ישראל</ManufactureCountry><ManufacturerItemDescription>קוטג מועשר 250 3% גרם</ManufacturerItemDescription><SoldByWeight/><Quantity>250.00</Quantity><UnitOfMeasure>גרם     </UnitOfMeasure><QtyInPackage>לא ידוע</QtyInPackage><UnitOfMeasurePrice>0.0228</UnitOfMeasurePrice><AllowDiscount>1</AllowDiscount><ItemStatus>1</ItemStatus><ItemPrice>5.70</ItemPrice></item><item><PriceUpdateDate>2016-08-02 06:36:00</PriceUpdateDate><ItemCode>7290000456393</ItemCode><ItemType>1</ItemType><ItemName>מב גבינה לבנה 3% טרה</ItemName><ManufacturerName>טרה</ManufacturerName><ManufactureCountry>ישראל</ManufactureCountry><ManufacturerItemDescription>גבינה לבנה 250 3% גרם מהד</ManufacturerItemDescription><SoldByWeight/><Quantity>250.00</Quantity><UnitOfMeasure>גרם     </UnitOfMeasure><QtyInPackage>לא ידוע</QtyInPackage><UnitOfMeasurePrice>0.0176</UnitOfMeasurePrice><AllowDiscount>1</AllowDiscount><ItemStatus>1</ItemStatus><ItemPrice>4.40</ItemPrice></item><item><PriceUpdateDate>2015-10-13 09:47:49</PriceUpdateDate><ItemCode>7290000457253</ItemCode><ItemType>1</ItemType><ItemName>דניאלה בננה 150 מ"ל</ItemName><ManufacturerName>דניאלה</ManufacturerName><ManufactureCountry>ישראל</ManufactureCountry><ManufacturerItemDescription>דניאלה בננה 150 מ"ל</ManufacturerItemDescription><SoldByWeight/><Quantity>150.00</Quantity><UnitOfMeasure>מ"ל</UnitOfMeasure><QtyInPackage>לא ידוע</QtyInPackage><UnitOfMeasurePrice>0.0280</UnitOfMeasurePrice><AllowDiscount>1</AllowDiscount><ItemStatus>1</ItemStatus><ItemPrice>4.20</ItemPrice></item><item><PriceUpdateDate>2015-11-11 11:53:05</PriceUpdateDate><ItemCode>7290000457260</ItemCode><ItemType>1</ItemType><ItemName>קוטג' 5% 250 גרם שטר</ItemName><ManufacturerName>קוטג שטראוס</ManufacturerName><ManufactureCountry>ישראל</ManufactureCountry><ManufacturerItemDescription>קוטג+5% סידן 250 גרם</ManufacturerItemDescription><SoldByWeight/><Quantity>250.00</Quantity><UnitOfMeasure>גרם     </UnitOfMeasure><QtyInPackage>לא ידוע</QtyInPackage><UnitOfMeasurePrice>0.0236</UnitOfMeasurePrice><AllowDiscount>1</AllowDiscount><ItemStatus>1</ItemStatus><ItemPrice>5.90</ItemPrice></item><item><PriceUpdateDate>2015-12-28 07:43:26</PriceUpdateDate><ItemCode>7290000457277</ItemCode><ItemType>1</ItemType><ItemName>דנונה קפוצינו 0% 150</ItemName><ManufacturerName>דנונה</ManufacturerName><ManufactureCountry>ישראל</ManufactureCountry><ManufacturerItemDescription>דנונה קפוצינו 0% 150</ManufacturerItemDescription><SoldByWeight/><Quantity>150.00</Quantity><UnitOfMeasure>גרם     </UnitOfMeasure><QtyInPackage>לא ידוע</QtyInPackage><UnitOfMeasurePrice>0.0333</UnitOfMeasurePrice><AllowDiscount>1</AllowDiscount><ItemStatus>1</ItemStatus><ItemPrice>5.00</ItemPrice></item><item><PriceUpdateDate>2016-05-10 16:56:11</PriceUpdateDate><ItemCode>7290000458298</ItemCode><ItemType>1</ItemType><ItemName>מעדן פטל 100% פרי 25</ItemName><ManufacturerName>יד מרדכי</ManufacturerName><ManufactureCountry>ישראל</ManufactureCountry><ManufacturerItemDescription>מעדן פטל 100% פרי 250 גרם</ManufacturerItemDescription><SoldByWeight/><Quantity>250.00</Quantity><UnitOfMeasure>גרם     </UnitOfMeasure><QtyInPackage>לא ידוע</QtyInPackage><UnitOfMeasurePrice>0.0596</UnitOfMeasurePrice><AllowDiscount>1</AllowDiscount><ItemStatus>1</ItemStatus><ItemPrice>14.90</ItemPrice></item><item><PriceUpdateDate>2015-11-12 11:29:29</PriceUpdateDate><ItemCode>7290000458311</ItemCode><ItemType>1</ItemType><ItemName>משקה חלב אייס קפה 35</ItemName><ManufacturerName>יטבתה</ManufacturerName><ManufactureCountry>ישראל</ManufactureCountry><ManufacturerItemDescription>משקה חלב קפה 350 מל</ManufacturerItemDescription><SoldByWeight/><Quantity>350.00</Quantity><UnitOfMeasure>מ"ל</UnitOfMeasure><QtyInPackage>לא ידוע</QtyInPackage><UnitOfMeasurePrice>0.0189</UnitOfMeasurePrice><AllowDiscount>1</AllowDiscount><ItemStatus>1</ItemStatus><ItemPrice>6.60</ItemPrice></item><item><PriceUpdateDate>2015-10-22 09:58:34</PriceUpdateDate><ItemCode>7290000458403</ItemCode><ItemType>1</ItemType><ItemName>מילקשייק וניל עם סיר</ItemName><ManufacturerName>יטבתה</ManufacturerName><ManufactureCountry>ישראל</ManufactureCountry><ManufacturerItemDescription>מילקשייק וניל עם סיר</ManufacturerItemDescription><SoldByWeight/><Quantity>350.00</Quantity><UnitOfMeasure>מ"ל</UnitOfMeasure><QtyInPackage>לא ידוע</QtyInPackage><UnitOfMeasurePrice>0.0203</UnitOfMeasurePrice><AllowDiscount>1</AllowDiscount><ItemStatus>1</ItemStatus><ItemPrice>7.10</ItemPrice></item><item><PriceUpdateDate>2016-03-16 13:26:02</PriceUpdateDate><ItemCode>7290000458670</ItemCode><ItemType>1</ItemType><ItemName>מטרנה מהדרין שלב 2 7</ItemName><ManufacturerName>מטרנה</ManufacturerName><ManufactureCountry>ישראל</ManufactureCountry><ManufacturerItemDescription>מטרנה מהדרין שלב 2 7</ManufacturerItemDescription><SoldByWeight/><Quantity>700.00</Quantity><UnitOfMeasure>גרם     </UnitOfMeasure><QtyInPackage>לא ידוע</QtyInPackage><UnitOfMeasurePrice>0.0741</UnitOfMeasurePrice><AllowDiscount>1</AllowDiscount><ItemStatus>1</ItemStatus><ItemPrice>51.90</ItemPrice></item><item><PriceUpdateDate>2016-05-01 07:22:49</PriceUpdateDate><ItemCode>7290000458953</ItemCode><ItemType>1</ItemType><ItemName>אבקת כביסה קולון 101</ItemName><ManufacturerName>קולון</ManufacturerName><ManufactureCountry>ישראל</ManufactureCountry><ManufacturerItemDescription>אבקת כביסה קולון 101</ManufacturerItemDescription><SoldByWeight/><Quantity>5000.00</Quantity><UnitOfMeasure>גרם     </UnitOfMeasure><QtyInPackage>לא ידוע</QtyInPackage><UnitOfMeasurePrice>0.0080</UnitOfMeasurePrice><AllowDiscount>1</AllowDiscount><ItemStatus>1</ItemStatus><ItemPrice>39.90</ItemPrice></item><item><PriceUpdateDate>2016-08-02 06:30:53</PriceUpdateDate><ItemCode>7290000459127</ItemCode><ItemType>1</ItemType><ItemName>סלט פלפלים מרוקאים ר</ItemName><ManufacturerName>צבר</ManufacturerName><ManufactureCountry>ישראל</ManufactureCountry><ManufacturerItemDescription>סלט פלפלים מרוקאים ר</ManufacturerItemDescription><SoldByWeight/><Quantity>400.00</Quantity><UnitOfMeasure>גרם     </UnitOfMeasure><QtyInPackage>לא ידוע</QtyInPackage><UnitOfMeasurePrice>0.0413</UnitOfMeasurePrice><AllowDiscount>1</AllowDiscount><ItemStatus>1</ItemStatus><ItemPrice>16.50</ItemPrice></item><item><PriceUpdateDate>2016-08-02 06:30:53</PriceUpdateDate><ItemCode>7290000459141</ItemCode><ItemType>1</ItemType><ItemName>סלט טחינה לבנה רפי כ</ItemName><ManufacturerName>צבר</ManufacturerName><ManufactureCountry>ישראל</ManufactureCountry><ManufacturerItemDescription>טחינה לבנה רפי</ManufacturerItemDescription><SoldByWeight/><Quantity>400.00</Quantity><UnitOfMeasure>גרם     </UnitOfMeasure><QtyInPackage>לא ידוע</QtyInPackage><UnitOfMeasurePrice>0.0413</UnitOfMeasurePrice><AllowDiscount>1</AllowDiscount><ItemStatus>1</ItemStatus><ItemPrice>16.50</ItemPrice></item><item><PriceUpdateDate>2016-05-31 09:30:26</PriceUpdateDate><ItemCode>7290000459516</ItemCode><ItemType>1</ItemType><ItemName>חרדל דיג'ון גרגירים</ItemName><ManufacturerName>לא ממותג</ManufacturerName><ManufactureCountry>צרפת</ManufactureCountry><ManufacturerItemDescription>חרדל דיגון גרעינים 350 גר</ManufacturerItemDescription><SoldByWeight/><Quantity>350.00</Quantity><UnitOfMeasure>גרם     </UnitOfMeasure><QtyInPackage>לא ידוע</QtyInPackage><UnitOfMeasurePrice>0.0423</UnitOfMeasurePrice><AllowDiscount>1</AllowDiscount><ItemStatus>1</ItemStatus><ItemPrice>14.80</ItemPrice></item><item><PriceUpdateDate>2016-08-02 06:36:00</PriceUpdateDate><ItemCode>7290000460215</ItemCode><ItemType>1</ItemType><ItemName>מב בורקס פילו מילוי</ItemName><ManufacturerName>מעדנות</ManufacturerName><ManufactureCountry>ישראל</ManufactureCountry><ManufacturerItemDescription>בורקס פילו במילוי גבינה 6</ManufacturerItemDescription><SoldByWeight/><Quantity>600.00</Quantity><UnitOfMeasure>גרם     </UnitOfMeasure><QtyInPackage>לא ידוע</QtyInPackage><UnitOfMeasurePrice>0.0282</UnitOfMeasurePrice><AllowDiscount>1</AllowDiscount><ItemStatus>1</ItemStatus><ItemPrice>16.90</ItemPrice></item><item><PriceUpdateDate>2015-11-17 07:37:31</PriceUpdateDate><ItemCode>7290000460673</ItemCode><ItemType>1</ItemType><ItemName>ספריי למייבש בדין ור</ItemName><ManufacturerName>בדין</ManufacturerName><ManufactureCountry>ישראל</ManufactureCountry><ManufacturerItemDescription>ספריי למייבש בדין ור</ManufacturerItemDescription><SoldByWeight/><Quantity>1000.00</Quantity><UnitOfMeasure>מ"ל</UnitOfMeasure><QtyInPackage>לא ידוע</QtyInPackage><UnitOfMeasurePrice>0.0217</UnitOfMeasurePrice><AllowDiscount>1</AllowDiscount><ItemStatus>1</ItemStatus><ItemPrice>21.70</ItemPrice></item><item><PriceUpdateDate>2016-08-10 11:21:39</PriceUpdateDate><ItemCode>7290000461106</ItemCode><ItemType>1</ItemType><ItemName>מרק עדשים 110גרם רכי</ItemName><ManufacturerName>קנור</ManufacturerName><ManufactureCountry>ישראל</ManufactureCountry><ManufacturerItemDescription>מרק עדשים רכיבים טבעיים 1</ManufacturerItemDescription><SoldByWeight/><Quantity>110.00</Quantity><UnitOfMeasure>גרם     </UnitOfMeasure><QtyInPackage>לא ידוע</QtyInPackage><UnitOfMeasurePrice>0.1309</UnitOfMeasurePrice><AllowDiscount>1</AllowDiscount><ItemStatus>1</ItemStatus><ItemPrice>14.40</ItemPrice></item><item><PriceUpdateDate>2016-05-31 09:33:00</PriceUpdateDate><ItemCode>7290000461267</ItemCode><ItemType>1</ItemType><ItemName>מרכך כביסה בדין אקסט</ItemName><ManufacturerName>בדין</ManufacturerName><ManufactureCountry>ישראל</ManufactureCountry><ManufacturerItemDescription>מרכך כביסה בדין  960 מ"ל</ManufacturerItemDescription><SoldByWeight/><Quantity>960.00</Quantity><UnitOfMeasure>מ"ל</UnitOfMeasure><QtyInPackage>לא ידוע</QtyInPackage><UnitOfMeasurePrice>0.0176</UnitOfMeasurePrice><AllowDiscount>0</AllowDiscount><ItemStatus>1</ItemStatus><ItemPrice>16.90</ItemPrice></item><item><PriceUpdateDate>2016-05-31 09:33:00</PriceUpdateDate><ItemCode>7290000461274</ItemCode><ItemType>1</ItemType><ItemName>מרכך כביסה בדין אקסט</ItemName><ManufacturerName>בדין</ManufacturerName><ManufactureCountry>ישראל</ManufactureCountry><ManufacturerItemDescription>מרכך כביסה בדין  960 מ"ל</ManufacturerItemDescription><SoldByWeight/><Quantity>960.00</Quantity><UnitOfMeasure>מ"ל</UnitOfMeasure><QtyInPackage>לא ידוע</QtyInPackage><UnitOfMeasurePrice>0.0176</UnitOfMeasurePrice><AllowDiscount>0</AllowDiscount><ItemStatus>1</ItemStatus><ItemPrice>16.90</ItemPrice></item><item><PriceUpdateDate>2016-05-01 07:23:14</PriceUpdateDate><ItemCode>7290000461625</ItemCode><ItemType>1</ItemType><ItemName>מב בייגלה שמיניות עם</ItemName><ManufacturerName>בייגל בייגל</ManufacturerName><ManufactureCountry>ישראל</ManufactureCountry><ManufacturerItemDescription>בייגלה שמיניות 400 גר</ManufacturerItemDescription><SoldByWeight/><Quantity>400.00</Quantity><UnitOfMeasure>גרם     </UnitOfMeasure><QtyInPackage>לא ידוע</QtyInPackage><UnitOfMeasurePrice>0.0248</UnitOfMeasurePrice><AllowDiscount>1</AllowDiscount><ItemStatus>1</ItemStatus><ItemPrice>9.90</ItemPrice></item><item><PriceUpdateDate>2016-05-31 09:33:00</PriceUpdateDate><ItemCode>7290000462325</ItemCode><ItemType>1</ItemType><ItemName>מנה חמה נודלס בסגנון</ItemName><ManufacturerName>אסם</ManufacturerName><ManufactureCountry>ישראל</ManufactureCountry><ManufacturerItemDescription>מנה חמה נודלס   'ואן76גר</ManufacturerItemDescription><SoldByWeight/><Quantity>76.00</Quantity><UnitOfMeasure>גרם     </UnitOfMeasure><QtyInPackage>לא ידוע</QtyInPackage><UnitOfMeasurePrice>0.0776</UnitOfMeasurePrice><AllowDiscount>1</AllowDiscount><ItemStatus>1</ItemStatus><ItemPrice>5.90</ItemPrice></item><item><PriceUpdateDate>2015-10-01 00:27:03</PriceUpdateDate><ItemCode>7290000462349</ItemCode><ItemType>1</ItemType><ItemName>פירורית זהב 350 גרם</ItemName><ManufacturerName>פירורית</ManufacturerName><ManufactureCountry>ישראל</ManufactureCountry><ManufacturerItemDescription>פירורית זהב 350 גרם</ManufacturerItemDescription><SoldByWeight/><Quantity>350.00</Quantity><UnitOfMeasure>גרם     </UnitOfMeasure><QtyInPackage>לא ידוע</QtyInPackage><UnitOfMeasurePrice>0.0246</UnitOfMeasurePrice><AllowDiscount>1</AllowDiscount><ItemStatus>1</ItemStatus><ItemPrice>8.60</ItemPrice></item><item><PriceUpdateDate>2015-11-17 07:37:32</PriceUpdateDate><ItemCode>7290000462356</ItemCode><ItemType>1</ItemType><ItemName>פירורית רגילה  350 ג</ItemName><ManufacturerName>פירורית</ManufacturerName><ManufactureCountry>ישראל</ManufactureCountry><ManufacturerItemDescription>פירורית רגילה  350 ג</ManufacturerItemDescription><SoldByWeight/><Quantity>350.00</Quantity><UnitOfMeasure>גרם     </UnitOfMeasure><QtyInPackage>לא ידוע</QtyInPackage><UnitOfMeasurePrice>0.0246</UnitOfMeasurePrice><AllowDiscount>1</AllowDiscount><ItemStatus>1</ItemStatus><ItemPrice>8.60</ItemPrice></item><item><PriceUpdateDate>2016-08-02 06:36:00</PriceUpdateDate><ItemCode>7290000462400</ItemCode><ItemType>1</ItemType><ItemName>מב מארז חטיף אפרופו</ItemName><ManufacturerName>אסם</ManufacturerName><ManufactureCountry>ישראל</ManufactureCountry><ManufacturerItemDescription>מב מארז חטיף אפרופו</ManufacturerItemDescription><SoldByWeight/><Quantity>150.00</Quantity><UnitOfMeasure>גרם     </UnitOfMeasure><QtyInPackage>לא ידוע</QtyInPackage><UnitOfMeasurePrice>0.0793</UnitOfMeasurePrice><AllowDiscount>1</AllowDiscount><ItemStatus>1</ItemStatus><ItemPrice>11.90</ItemPrice></item><item><PriceUpdateDate>2016-08-02 06:30:53</PriceUpdateDate><ItemCode>7290000462462</ItemCode><ItemType>1</ItemType><ItemName>לחמית בצל 230 גרם</ItemName><ManufacturerName>לא ידוע</ManufacturerName><ManufactureCountry>ישראל</ManufactureCountry><ManufacturerItemDescription>לחמית בצל 230 גר</ManufacturerItemDescription><SoldByWeight/><Quantity>230.00</Quantity><UnitOfMeasure>גרם     </UnitOfMeasure><QtyInPackage>לא ידוע</QtyInPackage><UnitOfMeasurePrice>0.0430</UnitOfMeasurePrice><AllowDiscount>1</AllowDiscount><ItemStatus>1</ItemStatus><ItemPrice>9.90</ItemPrice></item><item><PriceUpdateDate>2016-05-31 09:33:00</PriceUpdateDate><ItemCode>7290000462592</ItemCode><ItemType>1</ItemType><ItemName>פסטה מקרוני 500 גרם</ItemName><ManufacturerName>אסם</ManufacturerName><ManufactureCountry>ישראל</ManufactureCountry><ManufacturerItemDescription>פסטה מקרוני 500 גרם</ManufacturerItemDescription><SoldByWeight/><Quantity>500.00</Quantity><UnitOfMeasure>גרם     </UnitOfMeasure><QtyInPackage>לא ידוע</QtyInPackage><UnitOfMeasurePrice>0.0112</UnitOfMeasurePrice><AllowDiscount>1</AllowDiscount><ItemStatus>1</ItemStatus><ItemPrice>5.60</ItemPrice></item><item><PriceUpdateDate>2015-10-13 09:44:27</PriceUpdateDate><ItemCode>7290000462639</ItemCode><ItemType>1</ItemType><ItemName>במבה 25 גרם סטריפ</ItemName><ManufacturerName>במבה</ManufacturerName><ManufactureCountry>ישראל</ManufactureCountry><ManufacturerItemDescription>במבה על סרט 25 גר</ManufacturerItemDescription><SoldByWeight/><Quantity>25.00</Quantity><UnitOfMeasure>גרם     </UnitOfMeasure><QtyInPackage>לא ידוע</QtyInPackage><UnitOfMeasurePrice>0.1280</UnitOfMeasurePrice><AllowDiscount>1</AllowDiscount><ItemStatus>1</ItemStatus><ItemPrice>3.20</ItemPrice></item><item><PriceUpdateDate>2016-05-01 07:22:50</PriceUpdateDate><ItemCode>7290000462677</ItemCode><ItemType>1</ItemType><ItemName>אבקת מרק טעם עוף 1 ק</ItemName><ManufacturerName>אסם</ManufacturerName><ManufactureCountry>ישראל</ManufactureCountry><ManufacturerItemDescription>אבקת מרק טעם עוף 1 ק</ManufacturerItemDescription><SoldByWeight/><Quantity>1000.00</Quantity><UnitOfMeasure>גרם     </UnitOfMeasure><QtyInPackage>לא ידוע</QtyInPackage><UnitOfMeasurePrice>0.0189</UnitOfMeasurePrice><AllowDiscount>1</AllowDiscount><ItemStatus>1</ItemStatus><ItemPrice>18.90</ItemPrice></item><item><PriceUpdateDate>2016-01-05 06:03:15</PriceUpdateDate><ItemCode>7290000462684</ItemCode><ItemType>1</ItemType><ItemName>אבקת מרק עוף אמיתי 4</ItemName><ManufacturerName>אסם</ManufacturerName><ManufactureCountry>ישראל</ManufactureCountry><ManufacturerItemDescription>מרק עוף אמיתי מרכיבים טבע</ManufacturerItemDescription><SoldByWeight/><Quantity>400.00</Quantity><UnitOfMeasure>גרם     </UnitOfMeasure><QtyInPackage>לא ידוע</QtyInPackage><UnitOfMeasurePrice>0.0713</UnitOfMeasurePrice><AllowDiscount>1</AllowDiscount><ItemStatus>1</ItemStatus><ItemPrice>28.50</ItemPrice></item><item><PriceUpdateDate>2016-02-26 06:48:15</PriceUpdateDate><ItemCode>7290000462783</ItemCode><ItemType>1</ItemType><ItemName>במבה במילוי נוגט 60</ItemName><ManufacturerName>במבה</ManufacturerName><ManufactureCountry>ישראל</ManufactureCountry><ManufacturerItemDescription>במבה במילוי נוגט 60 גרם</ManufacturerItemDescription><SoldByWeight/><Quantity>60.00</Quantity><UnitOfMeasure>גרם     </UnitOfMeasure><QtyInPackage>לא ידוע</QtyInPackage><UnitOfMeasurePrice>0.0933</UnitOfMeasurePrice><AllowDiscount>1</AllowDiscount><ItemStatus>1</ItemStatus><ItemPrice>5.60</ItemPrice></item><item><PriceUpdateDate>2016-01-05 06:03:15</PriceUpdateDate><ItemCode>7290000462851</ItemCode><ItemType>1</ItemType><ItemName>פייבר וואן 460 גרם</ItemName><ManufacturerName>נסטלה</ManufacturerName><ManufactureCountry>ארצות הברית</ManufactureCountry><ManufacturerItemDescription>ספגטי עתיר סיביםר בסיבים</ManufacturerItemDescription><SoldByWeight/><Quantity>460.00</Quantity><UnitOfMeasure>גרם     </UnitOfMeasure><QtyInPackage>לא ידוע</QtyInPackage><UnitOfMeasurePrice>0.0607</UnitOfMeasurePrice><AllowDiscount>1</AllowDiscount><ItemStatus>1</ItemStatus><ItemPrice>27.90</ItemPrice></item><item><PriceUpdateDate>2016-01-15 07:00:43</PriceUpdateDate><ItemCode>7290000463643</ItemCode><ItemType>1</ItemType><ItemName>מאגדת זוג שוקולד פרה</ItemName><ManufacturerName>פרה</ManufacturerName><ManufactureCountry>ישראל</ManufactureCountry><ManufacturerItemDescription>מאגדת זוג שוקולד פרה</ManufacturerItemDescription><SoldByWeight/><Quantity>200.00</Quantity><UnitOfMeasure>גרם     </UnitOfMeasure><QtyInPackage>לא ידוע</QtyInPackage><UnitOfMeasurePrice>0.0795</UnitOfMeasurePrice><AllowDiscount>1</AllowDiscount><ItemStatus>1</ItemStatus><ItemPrice>15.90</ItemPrice></item><item><PriceUpdateDate>2016-01-14 11:46:23</PriceUpdateDate><ItemCode>7290000463667</ItemCode><ItemType>1</ItemType><ItemName>מסטיק עלמה אוכמניות</ItemName><ManufacturerName>מאסט</ManufacturerName><ManufactureCountry>ישראל</ManufactureCountry><ManufacturerItemDescription>מסטיק מאסט עלמה אוכמניות</ManufacturerItemDescription><SoldByWeight/><Quantity>28.00</Quantity><UnitOfMeasure>גרם     </UnitOfMeasure><QtyInPackage>לא ידוע</QtyInPackage><UnitOfMeasurePrice>0.1607</UnitOfMeasurePrice><AllowDiscount>1</AllowDiscount><ItemStatus>1</ItemStatus><ItemPrice>4.50</ItemPrice></item><item><PriceUpdateDate>2016-01-14 11:46:23</PriceUpdateDate><ItemCode>7290000463674</ItemCode><ItemType>1</ItemType><ItemName>מסטיק עלמה ספירמינט</ItemName><ManufacturerName>עלית</ManufacturerName><ManufactureCountry>ישראל</ManufactureCountry><ManufacturerItemDescription>מסטיק עלמה ספירמינט</ManufacturerItemDescription><SoldByWeight/><Quantity>28.00</Quantity><UnitOfMeasure>גרם     </UnitOfMeasure><QtyInPackage>לא ידוע</QtyInPackage><UnitOfMeasurePrice>0.1607</UnitOfMeasurePrice><AllowDiscount>1</AllowDiscount><ItemStatus>1</ItemStatus><ItemPrice>4.50</ItemPrice></item><item><PriceUpdateDate>2016-06-28 06:23:26</PriceUpdateDate><ItemCode>7290000463933</ItemCode><ItemType>1</ItemType><ItemName>מב תחליב רחצה הוואי</ItemName><ManufacturerName>הוואי</ManufacturerName><ManufactureCountry>ישראל</ManufactureCountry><ManufacturerItemDescription>מב תחליב רחצה הוואי</ManufacturerItemDescription><SoldByWeight/><Quantity>750.00</Quantity><UnitOfMeasure>מ"ל</UnitOfMeasure><QtyInPackage>לא ידוע</QtyInPackage><UnitOfMeasurePrice>0.0132</UnitOfMeasurePrice><AllowDiscount>0</AllowDiscount><ItemStatus>1</ItemStatus><ItemPrice>9.90</ItemPrice></item><item><PriceUpdateDate>2016-05-31 09:30:26</PriceUpdateDate><ItemCode>7290000464718</ItemCode><ItemType>1</ItemType><ItemName>קליה אוקסי ספריי 750</ItemName><ManufacturerName>קליה</ManufacturerName><ManufactureCountry>פולין</ManufactureCountry><ManufacturerItemDescription>קליה אוקסי ספריי 750</ManufacturerItemDescription><SoldByWeight/><Quantity>750.00</Quantity><UnitOfMeasure>מ"ל</UnitOfMeasure><QtyInPackage>לא ידוע</QtyInPackage><UnitOfMeasurePrice>0.0265</UnitOfMeasurePrice><AllowDiscount>1</AllowDiscount><ItemStatus>1</ItemStatus><ItemPrice>19.90</ItemPrice></item><item><PriceUpdateDate>2016-06-27 19:05:17</PriceUpdateDate><ItemCode>7290000464916</ItemCode><ItemType>1</ItemType><ItemName>תפוצ'יפס קראנצ' מקסי</ItemName><ManufacturerName>תפוצ'יפס</ManufacturerName><ManufactureCountry>ישראל</ManufactureCountry><ManufacturerItemDescription>תפוציפס קראנץ מקסיקני 200</ManufacturerItemDescription><SoldByWeight/><Quantity>200.00</Quantity><UnitOfMeasure>גרם     </UnitOfMeasure><QtyInPackage>לא ידוע</QtyInPackage><UnitOfMeasurePrice>0.0610</UnitOfMeasurePrice><AllowDiscount>1</AllowDiscount><ItemStatus>1</ItemStatus><ItemPrice>12.20</ItemPrice></item><item><PriceUpdateDate>2015-10-22 09:59:41</PriceUpdateDate><ItemCode>7290000465043</ItemCode><ItemType>1</ItemType><ItemName>טבלת פסק זמן קלאסי מ</ItemName><ManufacturerName>עלית</ManufacturerName><ManufactureCountry>ישראל</ManufactureCountry><ManufacturerItemDescription>טבלת פסק זמן קלאסי מ</ManufacturerItemDescription><SoldByWeight/><Quantity>110.00</Quantity><UnitOfMeasure>גרם     </UnitOfMeasure><QtyInPackage>לא ידוע</QtyInPackage><UnitOfMeasurePrice>0.0864</UnitOfMeasurePrice><AllowDiscount>1</AllowDiscount><ItemStatus>1</ItemStatus><ItemPrice>9.50</ItemPrice></item><item><PriceUpdateDate>2015-10-13 09:47:50</PriceUpdateDate><ItemCode>7290000465944</ItemCode><ItemType>1</ItemType><ItemName>יוגורט פרופתות מולר</ItemName><ManufacturerName>מולר</ManufacturerName><ManufactureCountry>ישראל</ManufactureCountry><ManufacturerItemDescription>פרופ תות מולר 150 מל</ManufacturerItemDescription><SoldByWeight/><Quantity>150.00</Quantity><UnitOfMeasure>מ"ל</UnitOfMeasure><QtyInPackage>לא ידוע</QtyInPackage><UnitOfMeasurePrice>0.0367</UnitOfMeasurePrice><AllowDiscount>1</AllowDiscount><ItemStatus>1</ItemStatus><ItemPrice>5.50</ItemPrice></item><item><PriceUpdateDate>2015-10-13 09:47:50</PriceUpdateDate><ItemCode>7290000465968</ItemCode><ItemType>1</ItemType><ItemName>יוגורט פרופאפרסק ופס</ItemName><ManufacturerName>מולר</ManufacturerName><ManufactureCountry>ישראל</ManufactureCountry><ManufacturerItemDescription>פרופ אפרסק פסיפלורה מולר</ManufacturerItemDescription><SoldByWeight/><Quantity>150.00</Quantity><UnitOfMeasure>מ"ל</UnitOfMeasure><QtyInPackage>לא ידוע</QtyInPackage><UnitOfMeasurePrice>0.0367</UnitOfMeasurePrice><AllowDiscount>1</AllowDiscount><ItemStatus>1</ItemStatus><ItemPrice>5.50</ItemPrice></item><item><PriceUpdateDate>2015-10-13 09:47:50</PriceUpdateDate><ItemCode>7290000465975</ItemCode><ItemType>1</ItemType><ItemName>יוגורט פרופלימון מול</ItemName><ManufacturerName>מולר</ManufacturerName><ManufactureCountry>ישראל</ManufactureCountry><ManufacturerItemDescription>פרופ לימון מולר 150 מל</ManufacturerItemDescription><SoldByWeight/><Quantity>150.00</Quantity><UnitOfMeasure>מ"ל</UnitOfMeasure><QtyInPackage>לא ידוע</QtyInPackage><UnitOfMeasurePrice>0.0367</UnitOfMeasurePrice><AllowDiscount>1</AllowDiscount><ItemStatus>1</ItemStatus><ItemPrice>5.50</ItemPrice></item><item><PriceUpdateDate>2016-05-31 09:33:34</PriceUpdateDate><ItemCode>7290000466163</ItemCode><ItemType>1</ItemType><ItemName>מלפפון 7-9 במלח 560</ItemName><ManufacturerName>בית השיטה</ManufacturerName><ManufactureCountry>ישראל</ManufactureCountry><ManufacturerItemDescription>מלפפון 7-9 במלח 560</ManufacturerItemDescription><SoldByWeight/><Quantity>560.00</Quantity><UnitOfMeasure>גרם     </UnitOfMeasure><QtyInPackage>לא ידוע</QtyInPackage><UnitOfMeasurePrice>0.0105</UnitOfMeasurePrice><AllowDiscount>1</AllowDiscount><ItemStatus>1</ItemStatus><ItemPrice>5.90</ItemPrice></item><item><PriceUpdateDate>2016-05-31 09:33:34</PriceUpdateDate><ItemCode>7290000466170</ItemCode><ItemType>1</ItemType><ItemName>מלפפון במלח 10-12  3</ItemName><ManufacturerName>לא ידוע</ManufacturerName><ManufactureCountry>ישראל</ManufactureCountry><ManufacturerItemDescription>מלפפון במלח 10-12  3</ManufacturerItemDescription><SoldByWeight/><Quantity>320.00</Quantity><UnitOfMeasure>גרם     </UnitOfMeasure><QtyInPackage>לא ידוע</QtyInPackage><UnitOfMeasurePrice>0.0203</UnitOfMeasurePrice><AllowDiscount>1</AllowDiscount><ItemStatus>1</ItemStatus><ItemPrice>6.50</ItemPrice></item><item><PriceUpdateDate>2016-05-01 07:22:50</PriceUpdateDate><ItemCode>7290000466408</ItemCode><ItemType>1</ItemType><ItemName>חלב עיזים צוריאל 1 ל</ItemName><ManufacturerName>משק צוריאל</ManufacturerName><ManufactureCountry>ישראל</ManufactureCountry><ManufacturerItemDescription>חלב עיזים 1 ליטר קרטון</ManufacturerItemDescription><SoldByWeight/><Quantity>1000.00</Quantity><UnitOfMeasure>מ"ל</UnitOfMeasure><QtyInPackage>לא ידוע</QtyInPackage><UnitOfMeasurePrice>0.0175</UnitOfMeasurePrice><AllowDiscount>0</AllowDiscount><ItemStatus>1</ItemStatus><ItemPrice>17.50</ItemPrice></item><item><PriceUpdateDate>2016-02-11 07:49:23</PriceUpdateDate><ItemCode>7290000466675</ItemCode><ItemType>1</ItemType><ItemName>שמנת מתוקה לקצפת 38%</ItemName><ManufacturerName>טרה</ManufacturerName><ManufactureCountry>ישראל</ManufactureCountry><ManufacturerItemDescription>שמנת מתוקה עמידה 250 38%</ManufacturerItemDescription><SoldByWeight/><Quantity>250.00</Quantity><UnitOfMeasure>מ"ל</UnitOfMeasure><QtyInPackage>לא ידוע</QtyInPackage><UnitOfMeasurePrice>0.0238</UnitOfMeasurePrice><AllowDiscount>1</AllowDiscount><ItemStatus>1</ItemStatus><ItemPrice>5.95</ItemPrice></item><item><PriceUpdateDate>2016-07-27 10:20:37</PriceUpdateDate><ItemCode>7290000467184</ItemCode><ItemType>1</ItemType><ItemName>מלפפון 13-17 חומץ בי</ItemName><ManufacturerName>בית השיטה</ManufacturerName><ManufactureCountry>ישראל</ManufactureCountry><ManufacturerItemDescription>מלפפון 13-17 חומץ בי</ManufacturerItemDescription><SoldByWeight/><Quantity>290.00</Quantity><UnitOfMeasure>גרם     </UnitOfMeasure><QtyInPackage>לא ידוע</QtyInPackage><UnitOfMeasurePrice>0.0341</UnitOfMeasurePrice><AllowDiscount>1</AllowDiscount><ItemStatus>1</ItemStatus><ItemPrice>9.90</ItemPrice></item><item><PriceUpdateDate>2016-04-25 06:56:35</PriceUpdateDate><ItemCode>7290000467191</ItemCode><ItemType>1</ItemType><ItemName>מלפפון 18-25 בחומץ 5</ItemName><ManufacturerName>בית השיטה</ManufacturerName><ManufactureCountry>ישראל</ManufactureCountry><ManufacturerItemDescription>מלפפון 18-25 בחומץ 5</ManufacturerItemDescription><SoldByWeight/><Quantity>560.00</Quantity><UnitOfMeasure>גרם     </UnitOfMeasure><QtyInPackage>לא ידוע</QtyInPackage><UnitOfMeasurePrice>0.0229</UnitOfMeasurePrice><AllowDiscount>1</AllowDiscount><ItemStatus>1</ItemStatus><ItemPrice>12.80</ItemPrice></item><item><PriceUpdateDate>2016-08-02 06:36:01</PriceUpdateDate><ItemCode>7290000467405</ItemCode><ItemType>1</ItemType><ItemName>מב קפה נמס 200 ג' פר</ItemName><ManufacturerName>דרום אמריקה</ManufacturerName><ManufactureCountry>ישראל</ManufactureCountry><ManufacturerItemDescription>קפה פרא אפריקאי 200 גר</ManufacturerItemDescription><SoldByWeight/><Quantity>200.00</Quantity><UnitOfMeasure>גרם     </UnitOfMeasure><QtyInPackage>לא ידוע</QtyInPackage><UnitOfMeasurePrice>0.1145</UnitOfMeasurePrice><AllowDiscount>1</AllowDiscount><ItemStatus>1</ItemStatus><ItemPrice>22.90</ItemPrice></item><item><PriceUpdateDate>2016-05-01 07:23:14</PriceUpdateDate><ItemCode>7290000468006</ItemCode><ItemType>1</ItemType><ItemName>כרוב כבוש 600 גרם</ItemName><ManufacturerName>בית השיטה</ManufacturerName><ManufactureCountry>ישראל</ManufactureCountry><ManufacturerItemDescription>כרוב כבוש 600 גרם</ManufacturerItemDescription><SoldByWeight/><Quantity>130.00</Quantity><UnitOfMeasure>גרם     </UnitOfMeasure><QtyInPackage>לא ידוע</QtyInPackage><UnitOfMeasurePrice>0.0746</UnitOfMeasurePrice><AllowDiscount>1</AllowDiscount><ItemStatus>1</ItemStatus><ItemPrice>9.70</ItemPrice></item><item><PriceUpdateDate>2015-10-22 09:58:34</PriceUpdateDate><ItemCode>7290000468112</ItemCode><ItemType>1</ItemType><ItemName>סלט כרוב אדום יום יו</ItemName><ManufacturerName>אחלה</ManufacturerName><ManufactureCountry>ישראל</ManufactureCountry><ManufacturerItemDescription>סלט כרוב 120 גרם</ManufacturerItemDescription><SoldByWeight/><Quantity>120.00</Quantity><UnitOfMeasure>גרם     </UnitOfMeasure><QtyInPackage>לא ידוע</QtyInPackage><UnitOfMeasurePrice>0.0508</UnitOfMeasurePrice><AllowDiscount>1</AllowDiscount><ItemStatus>1</ItemStatus><ItemPrice>6.10</ItemPrice></item><item><PriceUpdateDate>2015-10-22 09:58:34</PriceUpdateDate><ItemCode>7290000468686</ItemCode><ItemType>1</ItemType><ItemName>מארז מיני מילקי 8*70</ItemName><ManufacturerName>מילקי מהדרין</ManufacturerName><ManufactureCountry>ישראל</ManufactureCountry><ManufacturerItemDescription>מארז מיני מילקי 8*70</ManufacturerItemDescription><SoldByWeight/><Quantity>560.00</Quantity><UnitOfMeasure>גרם     </UnitOfMeasure><QtyInPackage>לא ידוע</QtyInPackage><UnitOfMeasurePrice>0.0225</UnitOfMeasurePrice><AllowDiscount>1</AllowDiscount><ItemStatus>1</ItemStatus><ItemPrice>12.60</ItemPrice></item><item><PriceUpdateDate>2016-01-14 11:46:23</PriceUpdateDate><ItemCode>7290000469058</ItemCode><ItemType>1</ItemType><ItemName>מסטיק מאסט בזוקה ענב</ItemName><ManufacturerName>בזוקה</ManufacturerName><ManufactureCountry>ישראל</ManufactureCountry><ManufacturerItemDescription>מסטיק מאסט בזוקה ענבים לל</ManufacturerItemDescription><SoldByWeight/><Quantity>28.00</Quantity><UnitOfMeasure>גרם     </UnitOfMeasure><QtyInPackage>לא ידוע</QtyInPackage><UnitOfMeasurePrice>0.1607</UnitOfMeasurePrice><AllowDiscount>1</AllowDiscount><ItemStatus>1</ItemStatus><ItemPrice>4.50</ItemPrice></item><item><PriceUpdateDate>2016-08-02 06:30:54</PriceUpdateDate><ItemCode>7290000469263</ItemCode><ItemType>1</ItemType><ItemName>סלט חומוס אחלה עם טח</ItemName><ManufacturerName>אחלה</ManufacturerName><ManufactureCountry>ישראל</ManufactureCountry><ManufacturerItemDescription>סלט חומוס וטחינה 400 גרם</ManufacturerItemDescription><SoldByWeight/><Quantity>400.00</Quantity><UnitOfMeasure>גרם     </UnitOfMeasure><QtyInPackage>לא ידוע</QtyInPackage><UnitOfMeasurePrice>0.0298</UnitOfMeasurePrice><AllowDiscount>0</AllowDiscount><ItemStatus>1</ItemStatus><ItemPrice>11.90</ItemPrice></item><item><PriceUpdateDate>2016-08-02 06:30:54</PriceUpdateDate><ItemCode>7290000469270</ItemCode><ItemType>1</ItemType><ItemName>סלט חומוס אחלה עם זע</ItemName><ManufacturerName>אחלה</ManufacturerName><ManufactureCountry>ישראל</ManufactureCountry><ManufacturerItemDescription>סלט חומוס אחלה עם זע</ManufacturerItemDescription><SoldByWeight/><Quantity>400.00</Quantity><UnitOfMeasure>גרם     </UnitOfMeasure><QtyInPackage>לא ידוע</QtyInPackage><UnitOfMeasurePrice>0.0298</UnitOfMeasurePrice><AllowDiscount>0</AllowDiscount><ItemStatus>1</ItemStatus><ItemPrice>11.90</ItemPrice></item><item><PriceUpdateDate>2016-08-02 06:30:54</PriceUpdateDate><ItemCode>7290000469287</ItemCode><ItemType>1</ItemType><ItemName>סלט חומוס אחלה עם צנ</ItemName><ManufacturerName>אחלה</ManufacturerName><ManufactureCountry>ישראל</ManufactureCountry><ManufacturerItemDescription>סלט חומוס וצנובר 400 גרם</ManufacturerItemDescription><SoldByWeight/><Quantity>400.00</Quantity><UnitOfMeasure>גרם     </UnitOfMeasure><QtyInPackage>לא ידוע</QtyInPackage><UnitOfMeasurePrice>0.0298</UnitOfMeasurePrice><AllowDiscount>0</AllowDiscount><ItemStatus>1</ItemStatus><ItemPrice>11.90</ItemPrice></item><item><PriceUpdateDate>2016-08-02 06:30:54</PriceUpdateDate><ItemCode>7290000469294</ItemCode><ItemType>1</ItemType><ItemName>סלט חומוס אחלה עם חר</ItemName><ManufacturerName>אחלה</ManufacturerName><ManufactureCountry>ישראל</ManufactureCountry><ManufacturerItemDescription>סלט חומוס וחריף 400 גרם</ManufacturerItemDescription><SoldByWeight/><Quantity>400.00</Quantity><UnitOfMeasure>גרם     </UnitOfMeasure><QtyInPackage>לא ידוע</QtyInPackage><UnitOfMeasurePrice>0.0298</UnitOfMeasurePrice><AllowDiscount>0</AllowDiscount><ItemStatus>1</ItemStatus><ItemPrice>11.90</ItemPrice></item><item><PriceUpdateDate>2016-05-23 07:15:08</PriceUpdateDate><ItemCode>7290000469379</ItemCode><ItemType>1</ItemType><ItemName>מארז שמינייה גמדים ת</ItemName><ManufacturerName>גמדים</ManufacturerName><ManufactureCountry>ישראל</ManufactureCountry><ManufacturerItemDescription>מארז שמינייה גמדים ת</ManufacturerItemDescription><SoldByWeight/><Quantity>800.00</Quantity><UnitOfMeasure>גרם     </UnitOfMeasure><QtyInPackage>לא ידוע</QtyInPackage><UnitOfMeasurePrice>0.0236</UnitOfMeasurePrice><AllowDiscount>1</AllowDiscount><ItemStatus>1</ItemStatus><ItemPrice>18.90</ItemPrice></item><item><PriceUpdateDate>2015-10-13 09:47:51</PriceUpdateDate><ItemCode>7290000469744</ItemCode><ItemType>1</ItemType><ItemName>מילקי טופ עדשים 134</ItemName><ManufacturerName>מילקי</ManufacturerName><ManufactureCountry>ישראל</ManufactureCountry><ManufacturerItemDescription>מילקי טופ עדשים 170 מל</ManufacturerItemDescription><SoldByWeight/><Quantity>134.00</Quantity><UnitOfMeasure>גרם     </UnitOfMeasure><QtyInPackage>לא ידוע</QtyInPackage><UnitOfMeasurePrice>0.0351</UnitOfMeasurePrice><AllowDiscount>1</AllowDiscount><ItemStatus>1</ItemStatus><ItemPrice>4.70</ItemPrice></item><item><PriceUpdateDate>2016-05-01 07:22:50</PriceUpdateDate><ItemCode>7290000469911</ItemCode><ItemType>1</ItemType><ItemName>שוקולד ספלנדיד מריר</ItemName><ManufacturerName>לא ידוע</ManufacturerName><ManufactureCountry>ישראל</ManufactureCountry><ManufacturerItemDescription>שוקולד ספלנדיד מריר</ManufacturerItemDescription><SoldByWeight/><Quantity>100.00</Quantity><UnitOfMeasure>גרם     </UnitOfMeasure><QtyInPackage>לא ידוע</QtyInPackage><UnitOfMeasurePrice>0.1190</UnitOfMeasurePrice><AllowDiscount>1</AllowDiscount><ItemStatus>1</ItemStatus><ItemPrice>11.90</ItemPrice></item><item><PriceUpdateDate>2016-01-14 11:46:23</PriceUpdateDate><ItemCode>7290000470092</ItemCode><ItemType>1</ItemType><ItemName>מסטיק מאסט קולה 28 ג</ItemName><ManufacturerName>מאסט</ManufacturerName><ManufactureCountry>ישראל</ManufactureCountry><ManufacturerItemDescription>מסטיק מאסט בטעם קולה קרח</ManufacturerItemDescription><SoldByWeight/><Quantity>28.00</Quantity><UnitOfMeasure>גרם     </UnitOfMeasure><QtyInPackage>לא ידוע</QtyInPackage><UnitOfMeasurePrice>0.1607</UnitOfMeasurePrice><AllowDiscount>1</AllowDiscount><ItemStatus>1</ItemStatus><ItemPrice>4.50</ItemPrice></item><item><PriceUpdateDate>2016-02-18 08:08:14</PriceUpdateDate><ItemCode>7290000470283</ItemCode><ItemType>1</ItemType><ItemName>מארז שמינייה דני וני</ItemName><ManufacturerName>דני</ManufacturerName><ManufactureCountry>ישראל</ManufactureCountry><ManufacturerItemDescription>מארז שמינייה דני וני</ManufacturerItemDescription><SoldByWeight/><Quantity>1000.00</Quantity><UnitOfMeasure>גרם     </UnitOfMeasure><QtyInPackage>לא ידוע</QtyInPackage><UnitOfMeasurePrice>0.0169</UnitOfMeasurePrice><AllowDiscount>1</AllowDiscount><ItemStatus>1</ItemStatus><ItemPrice>16.90</ItemPrice></item><item><PriceUpdateDate>2016-08-02 06:36:01</PriceUpdateDate><ItemCode>7290000472164</ItemCode><ItemType>1</ItemType><ItemName>מב פיטנס שוקולד 375</ItemName><ManufacturerName>פיטנס</ManufacturerName><ManufactureCountry>ישראל</ManufactureCountry><ManufacturerItemDescription>מב פיטנס שוקולד 375</ManufacturerItemDescription><SoldByWeight/><Quantity>375.00</Quantity><UnitOfMeasure>גרם     </UnitOfMeasure><QtyInPackage>לא ידוע</QtyInPackage><UnitOfMeasurePrice>0.0477</UnitOfMeasurePrice><AllowDiscount>1</AllowDiscount><ItemStatus>1</ItemStatus><ItemPrice>17.90</ItemPrice></item><item><PriceUpdateDate>2016-03-29 06:06:11</PriceUpdateDate><ItemCode>7290000472355</ItemCode><ItemType>1</ItemType><ItemName>שוקולד קוטדור 86% קק</ItemName><ManufacturerName>קוטדור</ManufacturerName><ManufactureCountry>בלגיה</ManufactureCountry><ManufacturerItemDescription>שוקולד קוטדור   קאו100גר</ManufacturerItemDescription><SoldByWeight/><Quantity>100.00</Quantity><UnitOfMeasure>גרם     </UnitOfMeasure><QtyInPackage>לא ידוע</QtyInPackage><UnitOfMeasurePrice>0.1490</UnitOfMeasurePrice><AllowDiscount>1</AllowDiscount><ItemStatus>1</ItemStatus><ItemPrice>14.90</ItemPrice></item><item><PriceUpdateDate>2016-06-27 19:05:17</PriceUpdateDate><ItemCode>7290000472751</ItemCode><ItemType>1</ItemType><ItemName>וופל לואקר קקאו 200</ItemName><ManufacturerName>לואקר</ManufacturerName><ManufactureCountry>אוסטריה</ManufactureCountry><ManufacturerItemDescription>וופל לואקר קקאו 200 גרם</ManufacturerItemDescription><SoldByWeight/><Quantity>200.00</Quantity><UnitOfMeasure>גרם     </UnitOfMeasure><QtyInPackage>לא ידוע</QtyInPackage><UnitOfMeasurePrice>0.0745</UnitOfMeasurePrice><AllowDiscount>1</AllowDiscount><ItemStatus>1</ItemStatus><ItemPrice>14.90</ItemPrice></item><item><PriceUpdateDate>2016-05-05 12:30:12</PriceUpdateDate><ItemCode>7290000472799</ItemCode><ItemType>1</ItemType><ItemName>וופל קואדרטיני אגוז</ItemName><ManufacturerName>לואקר</ManufacturerName><ManufactureCountry>אוסטריה</ManufactureCountry><ManufacturerItemDescription>ופל קואדרטיני   אגוז250ג</ManufacturerItemDescription><SoldByWeight/><Quantity>250.00</Quantity><UnitOfMeasure>גרם     </UnitOfMeasure><QtyInPackage>לא ידוע</QtyInPackage><UnitOfMeasurePrice>0.0556</UnitOfMeasurePrice><AllowDiscount>1</AllowDiscount><ItemStatus>1</ItemStatus><ItemPrice>13.90</ItemPrice></item><item><PriceUpdateDate>2016-02-16 10:18:31</PriceUpdateDate><ItemCode>7290000472829</ItemCode><ItemType>1</ItemType><ItemName>וופל גרדנה 200 גרם</ItemName><ManufacturerName>לואקר</ManufacturerName><ManufactureCountry>איטליה</ManufactureCountry><ManufacturerItemDescription>חטיפי ביס גו פיטננה132גר</ManufacturerItemDescription><SoldByWeight/><Quantity>200.00</Quantity><UnitOfMeasure>גרם     </UnitOfMeasure><QtyInPackage>לא ידוע</QtyInPackage><UnitOfMeasurePrice>0.0795</UnitOfMeasurePrice><AllowDiscount>1</AllowDiscount><ItemStatus>1</ItemStatus><ItemPrice>15.90</ItemPrice></item><item><PriceUpdateDate>2016-06-27 19:05:18</PriceUpdateDate><ItemCode>7290000472836</ItemCode><ItemType>1</ItemType><ItemName>וופל לואקר קקאו 175</ItemName><ManufacturerName>לואקר</ManufacturerName><ManufactureCountry>אוסטריה</ManufactureCountry><ManufacturerItemDescription>וופל לואקר קקאו 175 גר</ManufacturerItemDescription><SoldByWeight/><Quantity>175.00</Quantity><UnitOfMeasure>גרם     </UnitOfMeasure><QtyInPackage>לא ידוע</QtyInPackage><UnitOfMeasurePrice>0.0737</UnitOfMeasurePrice><AllowDiscount>1</AllowDiscount><ItemStatus>1</ItemStatus><ItemPrice>12.90</ItemPrice></item><item><PriceUpdateDate>2016-06-27 19:05:18</PriceUpdateDate><ItemCode>7290000472843</ItemCode><ItemType>1</ItemType><ItemName>וופל לואקר חלב 175 ג</ItemName><ManufacturerName>לואקר</ManufacturerName><ManufactureCountry>ישראל</ManufactureCountry><ManufacturerItemDescription>וופל לואקר חלב 175 ג</ManufacturerItemDescription><SoldByWeight/><Quantity>175.00</Quantity><UnitOfMeasure>גרם     </UnitOfMeasure><QtyInPackage>לא ידוע</QtyInPackage><UnitOfMeasurePrice>0.0737</UnitOfMeasurePrice><AllowDiscount>1</AllowDiscount><ItemStatus>1</ItemStatus><ItemPrice>12.90</ItemPrice></item><item><PriceUpdateDate>2016-05-31 09:30:26</PriceUpdateDate><ItemCode>7290000472850</ItemCode><ItemType>1</ItemType><ItemName>טורטינה שישייה חלב 1</ItemName><ManufacturerName>לואקר</ManufacturerName><ManufactureCountry>איטליה</ManufactureCountry><ManufacturerItemDescription>טורטינה אורגינל</ManufacturerItemDescription><SoldByWeight/><Quantity>125.00</Quantity><UnitOfMeasure>גרם     </UnitOfMeasure><QtyInPackage>לא ידוע</QtyInPackage><UnitOfMeasurePrice>0.1704</UnitOfMeasurePrice><AllowDiscount>1</AllowDiscount><ItemStatus>1</ItemStatus><ItemPrice>21.30</ItemPrice></item><item><PriceUpdateDate>2016-05-05 12:30:12</PriceUpdateDate><ItemCode>7290000472867</ItemCode><ItemType>1</ItemType><ItemName>וופל קואדרטיני שוקול</ItemName><ManufacturerName>לואקר</ManufacturerName><ManufactureCountry>איטליה</ManufactureCountry><ManufacturerItemDescription>וופל קואדרטיני  ריר250גר</ManufacturerItemDescription><SoldByWeight/><Quantity>250.00</Quantity><UnitOfMeasure>גרם     </UnitOfMeasure><QtyInPackage>לא ידוע</QtyInPackage><UnitOfMeasurePrice>0.0556</UnitOfMeasurePrice><AllowDiscount>1</AllowDiscount><ItemStatus>1</ItemStatus><ItemPrice>13.90</ItemPrice></item><item><PriceUpdateDate>2016-05-31 09:33:01</PriceUpdateDate><ItemCode>7290000472928</ItemCode><ItemType>1</ItemType><ItemName>מאגדת קינדר בואנו חל</ItemName><ManufacturerName>קינדר בואנו</ManufacturerName><ManufactureCountry>פולין</ManufactureCountry><ManufacturerItemDescription>דגנים גו פיט    וזי לוז</ManufacturerItemDescription><SoldByWeight/><Quantity>129.00</Quantity><UnitOfMeasure>גרם     </UnitOfMeasure><QtyInPackage>לא ידוע</QtyInPackage><UnitOfMeasurePrice>0.0969</UnitOfMeasurePrice><AllowDiscount>1</AllowDiscount><ItemStatus>1</ItemStatus><ItemPrice>12.50</ItemPrice></item><item><PriceUpdateDate>2016-06-27 19:15:24</PriceUpdateDate><ItemCode>7290000472973</ItemCode><ItemType>1</ItemType><ItemName>אצבעות שוקולד קינדר</ItemName><ManufacturerName>קינדר</ManufacturerName><ManufactureCountry>איטליה</ManufactureCountry><ManufacturerItemDescription>דגנים גו פיט    וקוס340ג</ManufacturerItemDescription><SoldByWeight/><Quantity>200.00</Quantity><UnitOfMeasure>גרם     </UnitOfMeasure><QtyInPackage>לא ידוע</QtyInPackage><UnitOfMeasurePrice>0.0795</UnitOfMeasurePrice><AllowDiscount>1</AllowDiscount><ItemStatus>1</ItemStatus><ItemPrice>15.90</ItemPrice></item><item><PriceUpdateDate>2016-05-31 09:33:01</PriceUpdateDate><ItemCode>7290000473284</ItemCode><ItemType>1</ItemType><ItemName>מלח למדיח פיניש 2 ק'</ItemName><ManufacturerName>פיניש</ManufacturerName><ManufactureCountry>ישראל</ManufactureCountry><ManufacturerItemDescription>פיניש מלח למדיח 2 קג</ManufacturerItemDescription><SoldByWeight/><Quantity>2000.00</Quantity><UnitOfMeasure>מ"ל</UnitOfMeasure><QtyInPackage>לא ידוע</QtyInPackage><UnitOfMeasurePrice>0.0075</UnitOfMeasurePrice><AllowDiscount>1</AllowDiscount><ItemStatus>1</ItemStatus><ItemPrice>14.90</ItemPrice></item><item><PriceUpdateDate>2015-11-17 07:37:35</PriceUpdateDate><ItemCode>7290000473611</ItemCode><ItemType>1</ItemType><ItemName>תה ליפטון ארל גריי 1</ItemName><ManufacturerName>ליפטון</ManufacturerName><ManufactureCountry>ישראל</ManufactureCountry><ManufacturerItemDescription>תה ליפטון ארל גריי 1</ManufacturerItemDescription><SoldByWeight/><Quantity>200.00</Quantity><UnitOfMeasure>גרם     </UnitOfMeasure><QtyInPackage>לא ידוע</QtyInPackage><UnitOfMeasurePrice>0.1525</UnitOfMeasurePrice><AllowDiscount>1</AllowDiscount><ItemStatus>1</ItemStatus><ItemPrice>30.50</ItemPrice></item><item><PriceUpdateDate>2016-05-31 09:33:01</PriceUpdateDate><ItemCode>7290000473857</ItemCode><ItemType>1</ItemType><ItemName>מרכך כביסה בדין אקסט</ItemName><ManufacturerName>בדין</ManufacturerName><ManufactureCountry>ישראל</ManufactureCountry><ManufacturerItemDescription>מרכך בדין אקסטראת התפוז</ManufacturerItemDescription><SoldByWeight/><Quantity>960.00</Quantity><UnitOfMeasure>מ"ל</UnitOfMeasure><QtyInPackage>לא ידוע</QtyInPackage><UnitOfMeasurePrice>0.0176</UnitOfMeasurePrice><AllowDiscount>0</AllowDiscount><ItemStatus>1</ItemStatus><ItemPrice>16.90</ItemPrice></item><item><PriceUpdateDate>2016-02-11 07:49:24</PriceUpdateDate><ItemCode>7290000474021</ItemCode><ItemType>1</ItemType><ItemName>חלב טרה 3% בשקית 1 ל</ItemName><ManufacturerName>טרה</ManufacturerName><ManufactureCountry>ישראל</ManufactureCountry><ManufacturerItemDescription>חלב1 3% ל.שקית מהדרין פיק</ManufacturerItemDescription><SoldByWeight/><Quantity>1000.00</Quantity><UnitOfMeasure>מ"ל</UnitOfMeasure><QtyInPackage>לא ידוע</QtyInPackage><UnitOfMeasurePrice>0.0050</UnitOfMeasurePrice><AllowDiscount>1</AllowDiscount><ItemStatus>1</ItemStatus><ItemPrice>5.00</ItemPrice></item><item><PriceUpdateDate>2016-02-14 18:01:24</PriceUpdateDate><ItemCode>7290000474076</ItemCode><ItemType>1</ItemType><ItemName>חלב טרה 3% בקרטון 1</ItemName><ManufacturerName>טרה</ManufacturerName><ManufactureCountry>ישראל</ManufactureCountry><ManufacturerItemDescription>חלב1 3% ל.קרטון מהדרין פי</ManufacturerItemDescription><SoldByWeight/><Quantity>1000.00</Quantity><UnitOfMeasure>מ"ל</UnitOfMeasure><QtyInPackage>לא ידוע</QtyInPackage><UnitOfMeasurePrice>0.0058</UnitOfMeasurePrice><AllowDiscount>1</AllowDiscount><ItemStatus>1</ItemStatus><ItemPrice>5.75</ItemPrice></item><item><PriceUpdateDate>2016-02-11 07:49:24</PriceUpdateDate><ItemCode>7290000474090</ItemCode><ItemType>1</ItemType><ItemName>חלב טרה 1% בקרטון 1</ItemName><ManufacturerName>טרה</ManufacturerName><ManufactureCountry>ישראל</ManufactureCountry><ManufacturerItemDescription>חלב1 1% ל.קרטון פיקוח</ManufacturerItemDescription><SoldByWeight/><Quantity>1000.00</Quantity><UnitOfMeasure>מ"ל</UnitOfMeasure><QtyInPackage>לא ידוע</QtyInPackage><UnitOfMeasurePrice>0.0054</UnitOfMeasurePrice><AllowDiscount>1</AllowDiscount><ItemStatus>1</ItemStatus><ItemPrice>5.40</ItemPrice></item><item><PriceUpdateDate>2016-02-11 07:49:24</PriceUpdateDate><ItemCode>7290000474410</ItemCode><ItemType>1</ItemType><ItemName>חמאה 100 גרם טרה</ItemName><ManufacturerName>טרה</ManufacturerName><ManufactureCountry>ישראל</ManufactureCountry><ManufacturerItemDescription>חמאה 100 גרם טרה</ManufacturerItemDescription><SoldByWeight/><Quantity>100.00</Quantity><UnitOfMeasure>גרם     </UnitOfMeasure><QtyInPackage>לא ידוע</QtyInPackage><UnitOfMeasurePrice>0.0380</UnitOfMeasurePrice><AllowDiscount>1</AllowDiscount><ItemStatus>1</ItemStatus><ItemPrice>3.80</ItemPrice></item><item><PriceUpdateDate>2016-08-02 06:36:15</PriceUpdateDate><ItemCode>7290000474502</ItemCode><ItemType>1</ItemType><ItemName>מב גבינה לבנה 5% טרה</ItemName><ManufacturerName>טרה</ManufacturerName><ManufactureCountry>ישראל</ManufactureCountry><ManufacturerItemDescription>גבינה לבנה250 5% גר  פיקו</ManufacturerItemDescription><SoldByWeight/><Quantity>250.00</Quantity><UnitOfMeasure>גרם     </UnitOfMeasure><QtyInPackage>לא ידוע</QtyInPackage><UnitOfMeasurePrice>0.0176</UnitOfMeasurePrice><AllowDiscount>1</AllowDiscount><ItemStatus>1</ItemStatus><ItemPrice>4.40</ItemPrice></item><item><PriceUpdateDate>2015-10-13 09:48:10</PriceUpdateDate><ItemCode>7290000474540</ItemCode><ItemType>1</ItemType><ItemName>גבינה טוב טעם 3% 250</ItemName><ManufacturerName>טוב טעם -גבינה</ManufacturerName><ManufactureCountry>ישראל</ManufactureCountry><ManufacturerItemDescription>גבינה טוב טעם250 3% גר</ManufacturerItemDescription><SoldByWeight/><Quantity>250.00</Quantity><UnitOfMeasure>גרם     </UnitOfMeasure><QtyInPackage>לא ידוע</QtyInPackage><UnitOfMeasurePrice>0.0468</UnitOfMeasurePrice><AllowDiscount>1</AllowDiscount><ItemStatus>1</ItemStatus><ItemPrice>11.70</ItemPrice></item><item><PriceUpdateDate>2016-02-11 07:49:23</PriceUpdateDate><ItemCode>7290000474755</ItemCode><ItemType>1</ItemType><ItemName>חלב 3% בדץ בשקית 1 ל</ItemName><ManufacturerName>חלב תנובה</ManufacturerName><ManufactureCountry>ישראל</ManufactureCountry><ManufacturerItemDescription>חלב1 3% ל.שקית בדץ פיקוח</ManufacturerItemDescription><SoldByWeight/><Quantity>1000.00</Quantity><UnitOfMeasure>מ"ל</UnitOfMeasure><QtyInPackage>לא ידוע</QtyInPackage><UnitOfMeasurePrice>0.0050</UnitOfMeasurePrice><AllowDiscount>1</AllowDiscount><ItemStatus>1</ItemStatus><ItemPrice>5.00</ItemPrice></item><item><PriceUpdateDate>2016-05-31 09:33:02</PriceUpdateDate><ItemCode>7290000475011</ItemCode><ItemType>1</ItemType><ItemName>מרק דגש בשקית 1 ק"ג</ItemName><ManufacturerName>תלמה</ManufacturerName><ManufactureCountry>ישראל</ManufactureCountry><ManufacturerItemDescription>מרק דגש בשקית 1 ק"ג</ManufacturerItemDescription><SoldByWeight/><Quantity>1000.00</Quantity><UnitOfMeasure>גרם     </UnitOfMeasure><QtyInPackage>לא ידוע</QtyInPackage><UnitOfMeasurePrice>0.0149</UnitOfMeasurePrice><AllowDiscount>1</AllowDiscount><ItemStatus>1</ItemStatus><ItemPrice>14.90</ItemPrice></item><item><PriceUpdateDate>2016-06-27 19:05:18</PriceUpdateDate><ItemCode>7290000475141</ItemCode><ItemType>1</ItemType><ItemName>מון בלאן טעם שויצרי</ItemName><ManufacturerName>מון בלאן</ManufacturerName><ManufactureCountry>ישראל</ManufactureCountry><ManufacturerItemDescription>גבינה מותכת7%שומן-שוויצרי</ManufacturerItemDescription><SoldByWeight/><Quantity>120.00</Quantity><UnitOfMeasure>גרם     </UnitOfMeasure><QtyInPackage>לא ידוע</QtyInPackage><UnitOfMeasurePrice>0.1033</UnitOfMeasurePrice><AllowDiscount>1</AllowDiscount><ItemStatus>1</ItemStatus><ItemPrice>12.40</ItemPrice></item><item><PriceUpdateDate>2015-11-17 07:37:36</PriceUpdateDate><ItemCode>7290000475189</ItemCode><ItemType>1</ItemType><ItemName>מיוקל 5% שומן 500 גר</ItemName><ManufacturerName>מיוקל</ManufacturerName><ManufactureCountry>ישראל</ManufactureCountry><ManufacturerItemDescription>מיוקל 5% שומן 500 גר</ManufacturerItemDescription><SoldByWeight/><Quantity>500.00</Quantity><UnitOfMeasure>גרם     </UnitOfMeasure><QtyInPackage>לא ידוע</QtyInPackage><UnitOfMeasurePrice>0.0300</UnitOfMeasurePrice><AllowDiscount>1</AllowDiscount><ItemStatus>1</ItemStatus><ItemPrice>15.00</ItemPrice></item><item><PriceUpdateDate>2016-05-31 09:33:02</PriceUpdateDate><ItemCode>7290000475226</ItemCode><ItemType>1</ItemType><ItemName>פתית בצל 250 גרם</ItemName><ManufacturerName>פתית</ManufacturerName><ManufactureCountry>ישראל</ManufactureCountry><ManufacturerItemDescription>פתית בצל 250 גרם</ManufacturerItemDescription><SoldByWeight/><Quantity>250.00</Quantity><UnitOfMeasure>גרם     </UnitOfMeasure><QtyInPackage>לא ידוע</QtyInPackage><UnitOfMeasurePrice>0.0708</UnitOfMeasurePrice><AllowDiscount>1</AllowDiscount><ItemStatus>1</ItemStatus><ItemPrice>17.70</ItemPrice></item><item><PriceUpdateDate>2015-10-22 09:58:35</PriceUpdateDate><ItemCode>7290000475240</ItemCode><ItemType>1</ItemType><ItemName>סירופ אפיכל מייפל 60</ItemName><ManufacturerName>אפיכל</ManufacturerName><ManufactureCountry>ישראל</ManufactureCountry><ManufacturerItemDescription>סירופ אפיכל מייפל 60</ManufacturerItemDescription><SoldByWeight/><Quantity>600.00</Quantity><UnitOfMeasure>מ"ל</UnitOfMeasure><QtyInPackage>לא ידוע</QtyInPackage><UnitOfMeasurePrice>0.0320</UnitOfMeasurePrice><AllowDiscount>1</AllowDiscount><ItemStatus>1</ItemStatus><ItemPrice>19.20</ItemPrice></item><item><PriceUpdateDate>2016-01-05 06:05:17</PriceUpdateDate><ItemCode>7290000475493</ItemCode><ItemType>1</ItemType><ItemName>מב מגבת נייר ניקול ש</ItemName><ManufacturerName>ניקול</ManufacturerName><ManufactureCountry>ישראל</ManufactureCountry><ManufacturerItemDescription>מגבת נייר ניקול</ManufacturerItemDescription><SoldByWeight/><Quantity>6.00</Quantity><UnitOfMeasure>מטר</UnitOfMeasure><QtyInPackage>לא ידוע</QtyInPackage><UnitOfMeasurePrice>1.6500</UnitOfMeasurePrice><AllowDiscount>1</AllowDiscount><ItemStatus>1</ItemStatus><ItemPrice>9.90</ItemPrice></item><item><PriceUpdateDate>2016-05-05 12:30:12</PriceUpdateDate><ItemCode>7290000475516</ItemCode><ItemType>1</ItemType><ItemName>מב מארז שלישייה מגבו</ItemName><ManufacturerName>לילי</ManufacturerName><ManufactureCountry>ישראל</ManufactureCountry><ManufacturerItemDescription>מגבוני לילי צבעוני בניילו</ManufacturerItemDescription><SoldByWeight/><Quantity>0.00</Quantity><UnitOfMeasure>יח'</UnitOfMeasure><QtyInPackage>לא ידוע</QtyInPackage><UnitOfMeasurePrice>0.0000</UnitOfMeasurePrice><AllowDiscount>1</AllowDiscount><ItemStatus>1</ItemStatus><ItemPrice>8.90</ItemPrice></item><item><PriceUpdateDate>2015-10-22 09:58:36</PriceUpdateDate><ItemCode>7290000475530</ItemCode><ItemType>1</ItemType><ItemName>תחבושות נובה לי 28 י</ItemName><ManufacturerName>לא ידוע</ManufacturerName><ManufactureCountry>ישראל</ManufactureCountry><ManufacturerItemDescription>תחבושות נובה לי בודד 28 י</ManufacturerItemDescription><SoldByWeight/><Quantity>28.00</Quantity><UnitOfMeasure>בודד</UnitOfMeasure><QtyInPackage>לא ידוע</QtyInPackage><UnitOfMeasurePrice>0.4714</UnitOfMeasurePrice><AllowDiscount>1</AllowDiscount><ItemStatus>1</ItemStatus><ItemPrice>13.20</ItemPrice></item><item><PriceUpdateDate>2016-05-01 07:22:51</PriceUpdateDate><ItemCode>7290000475653</ItemCode><ItemType>1</ItemType><ItemName>זוג רדיד אלומיניום ק</ItemName><ManufacturerName>ניקול</ManufacturerName><ManufactureCountry>ישראל</ManufactureCountry><ManufacturerItemDescription>רדיד אלומיניום 7.5*30 זוג</ManufacturerItemDescription><SoldByWeight/><Quantity>2.00</Quantity><UnitOfMeasure>יח'</UnitOfMeasure><QtyInPackage>לא ידוע</QtyInPackage><UnitOfMeasurePrice>5.4500</UnitOfMeasurePrice><AllowDiscount>1</AllowDiscount><ItemStatus>1</ItemStatus><ItemPrice>10.90</ItemPrice></item><item><PriceUpdateDate>2016-03-16 13:25:35</PriceUpdateDate><ItemCode>7290000475677</ItemCode><ItemType>1</ItemType><ItemName>סנדויצון ניקול זוגות</ItemName><ManufacturerName>ניקול</ManufacturerName><ManufactureCountry>ישראל</ManufactureCountry><ManufacturerItemDescription>שקיות סנדביצון 150 יח זוג</ManufacturerItemDescription><SoldByWeight/><Quantity>300.00</Quantity><UnitOfMeasure>בודד</UnitOfMeasure><QtyInPackage>לא ידוע</QtyInPackage><UnitOfMeasurePrice>0.0463</UnitOfMeasurePrice><AllowDiscount>1</AllowDiscount><ItemStatus>1</ItemStatus><ItemPrice>13.90</ItemPrice></item><item><PriceUpdateDate>2016-05-31 09:33:02</PriceUpdateDate><ItemCode>7290000475769</ItemCode><ItemType>1</ItemType><ItemName>בצק עלים מרודד 1 ק'ג</ItemName><ManufacturerName>מעדנות</ManufacturerName><ManufactureCountry>ישראל</ManufactureCountry><ManufacturerItemDescription>בצק עלים 1 קג</ManufacturerItemDescription><SoldByWeight/><Quantity>1000.00</Quantity><UnitOfMeasure>גרם     </UnitOfMeasure><QtyInPackage>לא ידוע</QtyInPackage><UnitOfMeasurePrice>0.0199</UnitOfMeasurePrice><AllowDiscount>1</AllowDiscount><ItemStatus>1</ItemStatus><ItemPrice>19.90</ItemPrice></item><item><PriceUpdateDate>2016-05-31 09:33:02</PriceUpdateDate><ItemCode>7290000475776</ItemCode><ItemType>1</ItemType><ItemName>בורקס גבינה 800 גרם</ItemName><ManufacturerName>מעדנות</ManufacturerName><ManufactureCountry>ישראל</ManufactureCountry><ManufacturerItemDescription>בורקס גבינה 800 גרם</ManufacturerItemDescription><SoldByWeight/><Quantity>800.00</Quantity><UnitOfMeasure>גרם     </UnitOfMeasure><QtyInPackage>לא ידוע</QtyInPackage><UnitOfMeasurePrice>0.0249</UnitOfMeasurePrice><AllowDiscount>1</AllowDiscount><ItemStatus>1</ItemStatus><ItemPrice>19.90</ItemPrice></item><item><PriceUpdateDate>2016-02-11 07:49:23</PriceUpdateDate><ItemCode>7290000476018</ItemCode><ItemType>1</ItemType><ItemName>חלב טרה 1% בקרטון 1</ItemName><ManufacturerName>טרה</ManufacturerName><ManufactureCountry>ישראל</ManufactureCountry><ManufacturerItemDescription>חלב1 1% ל.קרטון פיקוח</ManufacturerItemDescription><SoldByWeight/><Quantity>1000.00</Quantity><UnitOfMeasure>מ"ל</UnitOfMeasure><QtyInPackage>לא ידוע</QtyInPackage><UnitOfMeasurePrice>0.0054</UnitOfMeasurePrice><AllowDiscount>1</AllowDiscount><ItemStatus>1</ItemStatus><ItemPrice>5.40</ItemPrice></item><item><PriceUpdateDate>2016-08-02 06:30:54</PriceUpdateDate><ItemCode>7290000477008</ItemCode><ItemType>1</ItemType><ItemName>אייס קפה יטבתה 1 ליט</ItemName><ManufacturerName>יטבתה</ManufacturerName><ManufactureCountry>ישראל</ManufactureCountry><ManufacturerItemDescription>קפה יטבתה 1 ליטר</ManufacturerItemDescription><SoldByWeight/><Quantity>1000.00</Quantity><UnitOfMeasure>מ"ל</UnitOfMeasure><QtyInPackage>לא ידוע</QtyInPackage><UnitOfMeasurePrice>0.0119</UnitOfMeasurePrice><AllowDiscount>1</AllowDiscount><ItemStatus>1</ItemStatus><ItemPrice>11.90</ItemPrice></item><item><PriceUpdateDate>2016-06-01 10:34:09</PriceUpdateDate><ItemCode>7290000477046</ItemCode><ItemType>1</ItemType><ItemName>מב תה ליפטון 1.5 גרם</ItemName><ManufacturerName>ליפטון</ManufacturerName><ManufactureCountry>הודו</ManufactureCountry><ManufacturerItemDescription>מוצץ בבליסטר     3 יח'</ManufacturerItemDescription><SoldByWeight/><Quantity>200.00</Quantity><UnitOfMeasure>גרם     </UnitOfMeasure><QtyInPackage>לא ידוע</QtyInPackage><UnitOfMeasurePrice>0.0845</UnitOfMeasurePrice><AllowDiscount>1</AllowDiscount><ItemStatus>1</ItemStatus><ItemPrice>16.90</ItemPrice></item><item><PriceUpdateDate>2016-05-01 07:22:52</PriceUpdateDate><ItemCode>7290000477107</ItemCode><ItemType>1</ItemType><ItemName>גבינת קרם עיזים5% 25</ItemName><ManufacturerName>משק צוריאל</ManufacturerName><ManufactureCountry>ישראל</ManufactureCountry><ManufacturerItemDescription>גבינת קרם עיזים5% 25</ManufacturerItemDescription><SoldByWeight/><Quantity>250.00</Quantity><UnitOfMeasure>מ"ל</UnitOfMeasure><QtyInPackage>לא ידוע</QtyInPackage><UnitOfMeasurePrice>0.0708</UnitOfMeasurePrice><AllowDiscount>1</AllowDiscount><ItemStatus>1</ItemStatus><ItemPrice>17.70</ItemPrice></item><item><PriceUpdateDate>2016-08-02 06:30:54</PriceUpdateDate><ItemCode>7290000477145</ItemCode><ItemType>1</ItemType><ItemName>גבינה צפתית מעודנת 5</ItemName><ManufacturerName>פיראוס</ManufacturerName><ManufactureCountry>ישראל</ManufactureCountry><ManufacturerItemDescription>פיראוס צפתית מעודנת 200 5</ManufacturerItemDescription><SoldByWeight/><Quantity>200.00</Quantity><UnitOfMeasure>גרם     </UnitOfMeasure><QtyInPackage>לא ידוע</QtyInPackage><UnitOfMeasurePrice>0.0815</UnitOfMeasurePrice><AllowDiscount>1</AllowDiscount><ItemStatus>1</ItemStatus><ItemPrice>16.30</ItemPrice></item><item><PriceUpdateDate>2015-10-13 09:47:52</PriceUpdateDate><ItemCode>7290000477176</ItemCode><ItemType>1</ItemType><ItemName>יופלה עם דגנים מצופי</ItemName><ManufacturerName>יופלה</ManufacturerName><ManufactureCountry>ישראל</ManufactureCountry><ManufacturerItemDescription>יופלה דגנים מצופים מכסה מ</ManufacturerItemDescription><SoldByWeight/><Quantity>167.00</Quantity><UnitOfMeasure>גרם     </UnitOfMeasure><QtyInPackage>לא ידוע</QtyInPackage><UnitOfMeasurePrice>0.0341</UnitOfMeasurePrice><AllowDiscount>1</AllowDiscount><ItemStatus>1</ItemStatus><ItemPrice>5.70</ItemPrice></item><item><PriceUpdateDate>2015-10-22 09:58:36</PriceUpdateDate><ItemCode>7290000477190</ItemCode><ItemType>1</ItemType><ItemName>אצבעות מוצרלה 172 גר</ItemName><ManufacturerName>עמק</ManufacturerName><ManufactureCountry>ישראל</ManufactureCountry><ManufacturerItemDescription>אצבעות עמק 172 גרם</ManufacturerItemDescription><SoldByWeight/><Quantity>172.00</Quantity><UnitOfMeasure>גרם     </UnitOfMeasure><QtyInPackage>לא ידוע</QtyInPackage><UnitOfMeasurePrice>0.0959</UnitOfMeasurePrice><AllowDiscount>1</AllowDiscount><ItemStatus>1</ItemStatus><ItemPrice>16.50</ItemPrice></item><item><PriceUpdateDate>2016-08-10 11:21:58</PriceUpdateDate><ItemCode>7290000477206</ItemCode><ItemType>1</ItemType><ItemName>מב גבינה לבנה 3% בד'</ItemName><ManufacturerName>גבינות תנובה</ManufacturerName><ManufactureCountry>ישראל</ManufactureCountry><ManufacturerItemDescription>מב גבינה לבנה 3% בד'</ManufacturerItemDescription><SoldByWeight/><Quantity>250.00</Quantity><UnitOfMeasure>גרם     </UnitOfMeasure><QtyInPackage>לא ידוע</QtyInPackage><UnitOfMeasurePrice>0.0160</UnitOfMeasurePrice><AllowDiscount>1</AllowDiscount><ItemStatus>1</ItemStatus><ItemPrice>4.00</ItemPrice></item><item><PriceUpdateDate>2016-05-31 09:30:27</PriceUpdateDate><ItemCode>7290000477275</ItemCode><ItemType>1</ItemType><ItemName>שוקו בננה תנובה 250</ItemName><ManufacturerName>שוק</ManufacturerName><ManufactureCountry>ישראל</ManufactureCountry><ManufacturerItemDescription>שוקו בננה תנובה 250</ManufacturerItemDescription><SoldByWeight/><Quantity>250.00</Quantity><UnitOfMeasure>מ"ל</UnitOfMeasure><QtyInPackage>לא ידוע</QtyInPackage><UnitOfMeasurePrice>0.0228</UnitOfMeasurePrice><AllowDiscount>1</AllowDiscount><ItemStatus>1</ItemStatus><ItemPrice>5.70</ItemPrice></item><item><PriceUpdateDate>2015-10-13 09:47:52</PriceUpdateDate><ItemCode>7290000477305</ItemCode><ItemType>1</ItemType><ItemName>פרוסות עמק 5% פתיחה</ItemName><ManufacturerName>עמק</ManufacturerName><ManufactureCountry>ישראל</ManufactureCountry><ManufacturerItemDescription>גבינה עמק 5% פרוס פ.חוזרת</ManufacturerItemDescription><SoldByWeight/><Quantity>200.00</Quantity><UnitOfMeasure>גרם     </UnitOfMeasure><QtyInPackage>לא ידוע</QtyInPackage><UnitOfMeasurePrice>0.0890</UnitOfMeasurePrice><AllowDiscount>1</AllowDiscount><ItemStatus>1</ItemStatus><ItemPrice>17.80</ItemPrice></item><item><PriceUpdateDate>2016-08-16 08:54:47</PriceUpdateDate><ItemCode>7290000477398</ItemCode><ItemType>1</ItemType><ItemName>מב גבינה בולגרית מעו</ItemName><ManufacturerName>פיראוס</ManufacturerName><ManufactureCountry>ישראל</ManufactureCountry><ManufacturerItemDescription>גבינה בולגרית מעודנת 5% פ</ManufacturerItemDescription><SoldByWeight/><Quantity>250.00</Quantity><UnitOfMeasure>גרם     </UnitOfMeasure><QtyInPackage>לא ידוע</QtyInPackage><UnitOfMeasurePrice>0.0676</UnitOfMeasurePrice><AllowDiscount>1</AllowDiscount><ItemStatus>1</ItemStatus><ItemPrice>16.90</ItemPrice></item><item><PriceUpdateDate>2016-08-16 08:54:47</PriceUpdateDate><ItemCode>7290000477404</ItemCode><ItemType>1</ItemType><ItemName>מב גבינה בולגית מעוד</ItemName><ManufacturerName>פיראוס</ManufacturerName><ManufactureCountry>ישראל</ManufactureCountry><ManufacturerItemDescription>גבינה בולגרית מעודנת 3% פ</ManufacturerItemDescription><SoldByWeight/><Quantity>250.00</Quantity><UnitOfMeasure>גרם     </UnitOfMeasure><QtyInPackage>לא ידוע</QtyInPackage><UnitOfMeasurePrice>0.0676</UnitOfMeasurePrice><AllowDiscount>1</AllowDiscount><ItemStatus>1</ItemStatus><ItemPrice>16.90</ItemPrice></item><item><PriceUpdateDate>2016-01-14 11:46:23</PriceUpdateDate><ItemCode>7290000477565</ItemCode><ItemType>1</ItemType><ItemName>מסטיק מאסט פטל לימון</ItemName><ManufacturerName>מאסט</ManufacturerName><ManufactureCountry>ישראל</ManufactureCountry><ManufacturerItemDescription>מסטיק מאסט פטל לימון</ManufacturerItemDescription><SoldByWeight/><Quantity>0.00</Quantity><UnitOfMeasure>יח'</UnitOfMeasure><QtyInPackage>לא ידוע</QtyInPackage><UnitOfMeasurePrice>0.0000</UnitOfMeasurePrice><AllowDiscount>1</AllowDiscount><ItemStatus>1</ItemStatus><ItemPrice>4.50</ItemPrice></item><item><PriceUpdateDate>2016-08-02 06:36:01</PriceUpdateDate><ItemCode>7290000477671</ItemCode><ItemType>1</ItemType><ItemName>מב מים סאן בנדטו שיש</ItemName><ManufacturerName>סאן בנדטו</ManufacturerName><ManufactureCountry>ישראל</ManufactureCountry><ManufacturerItemDescription>סן בנדטו1.5 ל 1/6מים מינר</ManufacturerItemDescription><SoldByWeight/><Quantity>9000.00</Quantity><UnitOfMeasure>מ"ל</UnitOfMeasure><QtyInPackage>לא ידוע</QtyInPackage><UnitOfMeasurePrice>0.0019</UnitOfMeasurePrice><AllowDiscount>1</AllowDiscount><ItemStatus>1</ItemStatus><ItemPrice>16.90</ItemPrice></item><item><PriceUpdateDate>2016-08-02 06:36:01</PriceUpdateDate><ItemCode>7290000477688</ItemCode><ItemType>1</ItemType><ItemName>מב מים סאן בנדטו מוג</ItemName><ManufacturerName>סאן בנדטו</ManufacturerName><ManufactureCountry>איטליה</ManufactureCountry><ManufacturerItemDescription>מי פה ליסטרין טוטל קר750</ManufacturerItemDescription><SoldByWeight/><Quantity>9000.00</Quantity><UnitOfMeasure>מ"ל</UnitOfMeasure><QtyInPackage>לא ידוע</QtyInPackage><UnitOfMeasurePrice>0.0019</UnitOfMeasurePrice><AllowDiscount>1</AllowDiscount><ItemStatus>1</ItemStatus><ItemPrice>16.90</ItemPrice></item><item><PriceUpdateDate>2016-04-03 07:39:26</PriceUpdateDate><ItemCode>7290000478227</ItemCode><ItemType>1</ItemType><ItemName>חסה ערבית אייסברג יר</ItemName><ManufacturerName>שטראוס</ManufacturerName><ManufactureCountry>ישראל</ManufactureCountry><ManufacturerItemDescription>סלט חסה</ManufacturerItemDescription><SoldByWeight/><Quantity>300.00</Quantity><UnitOfMeasure>גרם     </UnitOfMeasure><QtyInPackage>לא ידוע</QtyInPackage><UnitOfMeasurePrice>0.0463</UnitOfMeasurePrice><AllowDiscount>1</AllowDiscount><ItemStatus>1</ItemStatus><ItemPrice>13.90</ItemPrice></item><item><PriceUpdateDate>2016-08-10 11:21:39</PriceUpdateDate><ItemCode>7290000478791</ItemCode><ItemType>1</ItemType><ItemName>מרק גריסים 110גרם מר</ItemName><ManufacturerName>קנור</ManufacturerName><ManufactureCountry>ישראל</ManufactureCountry><ManufacturerItemDescription>מרק גריסים 110גרם מר</ManufacturerItemDescription><SoldByWeight/><Quantity>110.00</Quantity><UnitOfMeasure>גרם     </UnitOfMeasure><QtyInPackage>לא ידוע</QtyInPackage><UnitOfMeasurePrice>0.1309</UnitOfMeasurePrice><AllowDiscount>1</AllowDiscount><ItemStatus>1</ItemStatus><ItemPrice>14.40</ItemPrice></item><item><PriceUpdateDate>2016-06-27 19:05:18</PriceUpdateDate><ItemCode>7290000479071</ItemCode><ItemType>1</ItemType><ItemName>מארז שלישייה שוקולד</ItemName><ManufacturerName>עלית</ManufacturerName><ManufactureCountry>ישראל</ManufactureCountry><ManufacturerItemDescription>מארז שלישייה שוקולד</ManufacturerItemDescription><SoldByWeight/><Quantity>300.00</Quantity><UnitOfMeasure>גרם     </UnitOfMeasure><QtyInPackage>לא ידוע</QtyInPackage><UnitOfMeasurePrice>0.0497</UnitOfMeasurePrice><AllowDiscount>1</AllowDiscount><ItemStatus>1</ItemStatus><ItemPrice>14.90</ItemPrice></item><item><PriceUpdateDate>2015-01-27 06:46:55</PriceUpdateDate><ItemCode>7290000479118</ItemCode><ItemType>1</ItemType><ItemName>ממרח שוקולד מופחת סו</ItemName><ManufacturerName>פרה</ManufacturerName><ManufactureCountry>ישראל</ManufactureCountry><ManufacturerItemDescription>ממרח שוקולד מופחת סו</ManufacturerItemDescription><SoldByWeight/><Quantity>300.00</Quantity><UnitOfMeasure>גרם     </UnitOfMeasure><QtyInPackage>לא ידוע</QtyInPackage><UnitOfMeasurePrice>0.0560</UnitOfMeasurePrice><AllowDiscount>1</AllowDiscount><ItemStatus>1</ItemStatus><ItemPrice>16.80</ItemPrice></item><item><PriceUpdateDate>2016-05-31 09:33:02</PriceUpdateDate><ItemCode>7290000479194</ItemCode><ItemType>1</ItemType><ItemName>קקאו עלית 150 גרם</ItemName><ManufacturerName>עלית</ManufacturerName><ManufactureCountry>ישראל</ManufactureCountry><ManufacturerItemDescription>אבקת קקאו עלית 150 גרם</ManufacturerItemDescription><SoldByWeight/><Quantity>150.00</Quantity><UnitOfMeasure>גרם     </UnitOfMeasure><QtyInPackage>לא ידוע</QtyInPackage><UnitOfMeasurePrice>0.0647</UnitOfMeasurePrice><AllowDiscount>1</AllowDiscount><ItemStatus>1</ItemStatus><ItemPrice>9.70</ItemPrice></item><item><PriceUpdateDate>2015-10-13 09:47:53</PriceUpdateDate><ItemCode>7290000479682</ItemCode><ItemType>1</ItemType><ItemName>יוגורט פרופ פירות יע</ItemName><ManufacturerName>מולר</ManufacturerName><ManufactureCountry>ישראל</ManufactureCountry><ManufacturerItemDescription>פרופ פירות יער מולר 150</ManufacturerItemDescription><SoldByWeight/><Quantity>150.00</Quantity><UnitOfMeasure>מ"ל</UnitOfMeasure><QtyInPackage>לא ידוע</QtyInPackage><UnitOfMeasurePrice>0.0367</UnitOfMeasurePrice><AllowDiscount>1</AllowDiscount><ItemStatus>1</ItemStatus><ItemPrice>5.50</ItemPrice></item><item><PriceUpdateDate>2016-08-10 11:21:39</PriceUpdateDate><ItemCode>7290000479729</ItemCode><ItemType>1</ItemType><ItemName>תבור גבינה לאפיה 5%</ItemName><ManufacturerName>משק צוריאל</ManufacturerName><ManufactureCountry>ישראל</ManufactureCountry><ManufacturerItemDescription>תבור גבינה לאפיה 5%</ManufacturerItemDescription><SoldByWeight/><Quantity>500.00</Quantity><UnitOfMeasure>גרם     </UnitOfMeasure><QtyInPackage>לא ידוע</QtyInPackage><UnitOfMeasurePrice>0.0518</UnitOfMeasurePrice><AllowDiscount>1</AllowDiscount><ItemStatus>1</ItemStatus><ItemPrice>25.90</ItemPrice></item><item><PriceUpdateDate>2016-05-31 09:33:34</PriceUpdateDate><ItemCode>7290000480107</ItemCode><ItemType>1</ItemType><ItemName>קוואקר בפחית 500 גרם</ItemName><ManufacturerName>קוואקר אואטס</ManufacturerName><ManufactureCountry>ישראל</ManufactureCountry><ManufacturerItemDescription>קואקר שיבולת    500גרם</ManufacturerItemDescription><SoldByWeight/><Quantity>500.00</Quantity><UnitOfMeasure>גרם     </UnitOfMeasure><QtyInPackage>לא ידוע</QtyInPackage><UnitOfMeasurePrice>0.0278</UnitOfMeasurePrice><AllowDiscount>1</AllowDiscount><ItemStatus>1</ItemStatus><ItemPrice>13.90</ItemPrice></item><item><PriceUpdateDate>2015-01-27 06:47:02</PriceUpdateDate><ItemCode>7290000480329</ItemCode><ItemType>1</ItemType><ItemName>הרמזית 750 טבליות</ItemName><ManufacturerName>הרמזית</ManufacturerName><ManufactureCountry>ישראל</ManufactureCountry><ManufacturerItemDescription>ממתיק הרמזית    ת</ManufacturerItemDescription><SoldByWeight/><Quantity>750.00</Quantity><UnitOfMeasure>יח'</UnitOfMeasure><QtyInPackage>לא ידוע</QtyInPackage><UnitOfMeasurePrice>0.0377</UnitOfMeasurePrice><AllowDiscount>1</AllowDiscount><ItemStatus>1</ItemStatus><ItemPrice>28.30</ItemPrice></item><item><PriceUpdateDate>2016-06-07 14:08:21</PriceUpdateDate><ItemCode>7290000480442</ItemCode><ItemType>1</ItemType><ItemName>קוואקר בשקית 500 גרם</ItemName><ManufacturerName>קוואקר אואטס</ManufacturerName><ManufactureCountry>ישראל</ManufactureCountry><ManufacturerItemDescription>קואקר           מינ500גר</ManufacturerItemDescription><SoldByWeight/><Quantity>500.00</Quantity><UnitOfMeasure>גרם     </UnitOfMeasure><QtyInPackage>לא ידוע</QtyInPackage><UnitOfMeasurePrice>0.0278</UnitOfMeasurePrice><AllowDiscount>1</AllowDiscount><ItemStatus>1</ItemStatus><ItemPrice>13.90</ItemPrice></item><item><PriceUpdateDate>2015-11-17 07:37:38</PriceUpdateDate><ItemCode>7290000480589</ItemCode><ItemType>1</ItemType><ItemName>קוואקר 500 גרם</ItemName><ManufacturerName>תלמה</ManufacturerName><ManufactureCountry>ישראל</ManufactureCountry><ManufacturerItemDescription>קוואקר 500 גרם</ManufacturerItemDescription><SoldByWeight/><Quantity>500.00</Quantity><UnitOfMeasure>גרם     </UnitOfMeasure><QtyInPackage>לא ידוע</QtyInPackage><UnitOfMeasurePrice>0.0334</UnitOfMeasurePrice><AllowDiscount>1</AllowDiscount><ItemStatus>1</ItemStatus><ItemPrice>16.70</ItemPrice></item><item><PriceUpdateDate>2015-12-24 08:06:35</PriceUpdateDate><ItemCode>7290000480596</ItemCode><ItemType>1</ItemType><ItemName>קורנפלקס כספי תלמה 7</ItemName><ManufacturerName>לא ממותג</ManufacturerName><ManufactureCountry>ישראל</ManufactureCountry><ManufacturerItemDescription>קורנפלקס של אלופים 750 גר</ManufacturerItemDescription><SoldByWeight/><Quantity>750.00</Quantity><UnitOfMeasure>גרם     </UnitOfMeasure><QtyInPackage>לא ידוע</QtyInPackage><UnitOfMeasurePrice>0.0199</UnitOfMeasurePrice><AllowDiscount>0</AllowDiscount><ItemStatus>1</ItemStatus><ItemPrice>14.90</ItemPrice></item><item><PriceUpdateDate>2015-10-22 09:59:41</PriceUpdateDate><ItemCode>7290000480633</ItemCode><ItemType>1</ItemType><ItemName>טבלת פסק זמן טראפלס</ItemName><ManufacturerName>פסק זמן</ManufacturerName><ManufactureCountry>ישראל</ManufactureCountry><ManufacturerItemDescription>טבלת פסק זמן טראפלס 110 ג</ManufacturerItemDescription><SoldByWeight/><Quantity>110.00</Quantity><UnitOfMeasure>גרם     </UnitOfMeasure><QtyInPackage>לא ידוע</QtyInPackage><UnitOfMeasurePrice>0.0864</UnitOfMeasurePrice><AllowDiscount>1</AllowDiscount><ItemStatus>1</ItemStatus><ItemPrice>9.50</ItemPrice></item><item><PriceUpdateDate>2016-05-31 09:33:02</PriceUpdateDate><ItemCode>7290000480756</ItemCode><ItemType>1</ItemType><ItemName>סבון מוצק דאב רביעיי</ItemName><ManufacturerName>דאב</ManufacturerName><ManufactureCountry>ישראל</ManufactureCountry><ManufacturerItemDescription>סבון מוצק דאב רביעיי</ManufacturerItemDescription><SoldByWeight/><Quantity>400.00</Quantity><UnitOfMeasure>גרם     </UnitOfMeasure><QtyInPackage>לא ידוע</QtyInPackage><UnitOfMeasurePrice>0.0398</UnitOfMeasurePrice><AllowDiscount>1</AllowDiscount><ItemStatus>1</ItemStatus><ItemPrice>15.90</ItemPrice></item><item><PriceUpdateDate>2015-10-22 09:58:36</PriceUpdateDate><ItemCode>7290000481241</ItemCode><ItemType>1</ItemType><ItemName>גבינת טופו בטעמים 22</ItemName><ManufacturerName>טופוטי</ManufacturerName><ManufactureCountry>ישראל</ManufactureCountry><ManufacturerItemDescription>גבינת טופו בטעמים 22</ManufacturerItemDescription><SoldByWeight/><Quantity>225.00</Quantity><UnitOfMeasure>גרם     </UnitOfMeasure><QtyInPackage>לא ידוע</QtyInPackage><UnitOfMeasurePrice>0.1000</UnitOfMeasurePrice><AllowDiscount>1</AllowDiscount><ItemStatus>1</ItemStatus><ItemPrice>22.50</ItemPrice></item><item><PriceUpdateDate>2015-10-22 09:58:36</PriceUpdateDate><ItemCode>7290000481265</ItemCode><ItemType>1</ItemType><ItemName>שמנת טופו בטעמים 340</ItemName><ManufacturerName>טופוטי</ManufacturerName><ManufactureCountry>ארצות הברית</ManufactureCountry><ManufacturerItemDescription>משחת קולגייט     מולטי75</ManufacturerItemDescription><SoldByWeight/><Quantity>340.00</Quantity><UnitOfMeasure>גרם     </UnitOfMeasure><QtyInPackage>לא ידוע</QtyInPackage><UnitOfMeasurePrice>0.0662</UnitOfMeasurePrice><AllowDiscount>1</AllowDiscount><ItemStatus>1</ItemStatus><ItemPrice>22.50</ItemPrice></item><item><PriceUpdateDate>2015-11-17 07:38:53</PriceUpdateDate><ItemCode>7290000482019</ItemCode><ItemType>1</ItemType><ItemName>שקיות קוקי 10 יח</ItemName><ManufacturerName>קוקי</ManufacturerName><ManufactureCountry>ישראל</ManufactureCountry><ManufacturerItemDescription>קוקי לצליה 10 שקיות</ManufacturerItemDescription><SoldByWeight/><Quantity>0.00</Quantity><UnitOfMeasure>יח'</UnitOfMeasure><QtyInPackage>לא ידוע</QtyInPackage><UnitOfMeasurePrice>0.0000</UnitOfMeasurePrice><AllowDiscount>1</AllowDiscount><ItemStatus>1</ItemStatus><ItemPrice>14.20</ItemPrice></item><item><PriceUpdateDate>2016-05-31 09:33:03</PriceUpdateDate><ItemCode>7290000482088</ItemCode><ItemType>1</ItemType><ItemName>עוגת הבית שיש אגוזים</ItemName><ManufacturerName>עוגות הבית</ManufacturerName><ManufactureCountry>ישראל</ManufactureCountry><ManufacturerItemDescription>עוגת הבית שיש אגוזים</ManufacturerItemDescription><SoldByWeight/><Quantity>380.00</Quantity><UnitOfMeasure>גרם     </UnitOfMeasure><QtyInPackage>לא ידוע</QtyInPackage><UnitOfMeasurePrice>0.0287</UnitOfMeasurePrice><AllowDiscount>0</AllowDiscount><ItemStatus>1</ItemStatus><ItemPrice>10.90</ItemPrice></item><item><PriceUpdateDate>2016-05-31 09:33:03</PriceUpdateDate><ItemCode>7290000482194</ItemCode><ItemType>1</ItemType><ItemName>דליפקאן בד"צ 400 גרם</ItemName><ManufacturerName>תלמה</ManufacturerName><ManufactureCountry>ישראל</ManufactureCountry><ManufacturerItemDescription>דליפקאן 400 גר בדץ</ManufacturerItemDescription><SoldByWeight/><Quantity>400.00</Quantity><UnitOfMeasure>גרם     </UnitOfMeasure><QtyInPackage>לא ידוע</QtyInPackage><UnitOfMeasurePrice>0.0497</UnitOfMeasurePrice><AllowDiscount>1</AllowDiscount><ItemStatus>1</ItemStatus><ItemPrice>19.90</ItemPrice></item><item><PriceUpdateDate>2016-05-01 07:22:52</PriceUpdateDate><ItemCode>7290000482224</ItemCode><ItemType>1</ItemType><ItemName>מב בייגלה טבעות שומש</ItemName><ManufacturerName>בייגל בייגל</ManufacturerName><ManufactureCountry>ישראל</ManufactureCountry><ManufacturerItemDescription>מב בייגלה טבעות שומש</ManufacturerItemDescription><SoldByWeight/><Quantity>300.00</Quantity><UnitOfMeasure>גרם     </UnitOfMeasure><QtyInPackage>לא ידוע</QtyInPackage><UnitOfMeasurePrice>0.0330</UnitOfMeasurePrice><AllowDiscount>0</AllowDiscount><ItemStatus>1</ItemStatus><ItemPrice>9.90</ItemPrice></item><item><PriceUpdateDate>2016-08-02 06:30:55</PriceUpdateDate><ItemCode>7290000482675</ItemCode><ItemType>1</ItemType><ItemName>מב מארז חטיף דובונים</ItemName><ManufacturerName>אסם</ManufacturerName><ManufactureCountry>ישראל</ManufactureCountry><ManufacturerItemDescription>מב מארז חטיף דובונים</ManufacturerItemDescription><SoldByWeight/><Quantity>100.00</Quantity><UnitOfMeasure>גרם     </UnitOfMeasure><QtyInPackage>לא ידוע</QtyInPackage><UnitOfMeasurePrice>0.1190</UnitOfMeasurePrice><AllowDiscount>1</AllowDiscount><ItemStatus>1</ItemStatus><ItemPrice>11.90</ItemPrice></item><item><PriceUpdateDate>2016-02-08 07:25:30</PriceUpdateDate><ItemCode>7290000482682</ItemCode><ItemType>1</ItemType><ItemName>רסק עגבניות 28% A2 6</ItemName><ManufacturerName>פרי ניר</ManufacturerName><ManufactureCountry>ישראל</ManufactureCountry><ManufacturerItemDescription>רסק עגבניות 28% A2 6</ManufacturerItemDescription><SoldByWeight/><Quantity>600.00</Quantity><UnitOfMeasure>גרם     </UnitOfMeasure><QtyInPackage>לא ידוע</QtyInPackage><UnitOfMeasurePrice>0.0123</UnitOfMeasurePrice><AllowDiscount>1</AllowDiscount><ItemStatus>1</ItemStatus><ItemPrice>7.40</ItemPrice></item><item><PriceUpdateDate>2016-06-27 19:05:19</PriceUpdateDate><ItemCode>7290000482873</ItemCode><ItemType>1</ItemType><ItemName>ג'נסן וופל טוסט 250</ItemName><ManufacturerName>ק.א.שוקולד</ManufacturerName><ManufactureCountry>הולנד</ManufactureCountry><ManufacturerItemDescription>וופל בלגי 12 יח250-גר</ManufacturerItemDescription><SoldByWeight/><Quantity>250.00</Quantity><UnitOfMeasure>גרם     </UnitOfMeasure><QtyInPackage>לא ידוע</QtyInPackage><UnitOfMeasurePrice>0.0516</UnitOfMeasurePrice><AllowDiscount>1</AllowDiscount><ItemStatus>1</ItemStatus><ItemPrice>12.90</ItemPrice></item><item><PriceUpdateDate>2015-11-17 07:37:38</PriceUpdateDate><ItemCode>7290000482903</ItemCode><ItemType>1</ItemType><ItemName>עוגיות הפסקת קפה דגנ</ItemName><ManufacturerName>אסם</ManufacturerName><ManufactureCountry>ישראל</ManufactureCountry><ManufacturerItemDescription>עוגיות הפסקת קפה דגנ</ManufacturerItemDescription><SoldByWeight/><Quantity>320.00</Quantity><UnitOfMeasure>גרם     </UnitOfMeasure><QtyInPackage>לא ידוע</QtyInPackage><UnitOfMeasurePrice>0.0416</UnitOfMeasurePrice><AllowDiscount>1</AllowDiscount><ItemStatus>1</ItemStatus><ItemPrice>13.30</ItemPrice></item><item><PriceUpdateDate>2015-10-22 09:58:36</PriceUpdateDate><ItemCode>7290000482910</ItemCode><ItemType>1</ItemType><ItemName>סוכריות וורטר'ס אורי</ItemName><ManufacturerName>וורטרס אורגינל-שטורק</ManufacturerName><ManufactureCountry>גרמניה</ManufactureCountry><ManufacturerItemDescription>גליליות וופל    ז/קקא150</ManufacturerItemDescription><SoldByWeight/><Quantity>80.00</Quantity><UnitOfMeasure>גרם     </UnitOfMeasure><QtyInPackage>לא ידוע</QtyInPackage><UnitOfMeasurePrice>0.1525</UnitOfMeasurePrice><AllowDiscount>1</AllowDiscount><ItemStatus>1</ItemStatus><ItemPrice>12.20</ItemPrice></item><item><PriceUpdateDate>2015-10-13 09:47:53</PriceUpdateDate><ItemCode>7290000483238</ItemCode><ItemType>1</ItemType><ItemName>חמצוצים יוגטה בצורת</ItemName><ManufacturerName>יוגטה</ManufacturerName><ManufactureCountry>ישראל</ManufactureCountry><ManufacturerItemDescription>יוגטה ממתק חמוץ  קולה50ג</ManufacturerItemDescription><SoldByWeight/><Quantity>50.00</Quantity><UnitOfMeasure>גרם     </UnitOfMeasure><QtyInPackage>לא ידוע</QtyInPackage><UnitOfMeasurePrice>0.1160</UnitOfMeasurePrice><AllowDiscount>1</AllowDiscount><ItemStatus>1</ItemStatus><ItemPrice>5.80</ItemPrice></item><item><PriceUpdateDate>2015-10-22 09:58:36</PriceUpdateDate><ItemCode>7290000483474</ItemCode><ItemType>1</ItemType><ItemName>פופקורן בטעם טבעי 80</ItemName><ManufacturerName>עלית</ManufacturerName><ManufactureCountry>ישראל</ManufactureCountry><ManufacturerItemDescription>פופקורן בטעם טבעי 80 גרם</ManufacturerItemDescription><SoldByWeight/><Quantity>80.00</Quantity><UnitOfMeasure>גרם     </UnitOfMeasure><QtyInPackage>לא ידוע</QtyInPackage><UnitOfMeasurePrice>0.0738</UnitOfMeasurePrice><AllowDiscount>1</AllowDiscount><ItemStatus>1</ItemStatus><ItemPrice>5.90</ItemPrice></item><item><PriceUpdateDate>2016-05-31 09:33:03</PriceUpdateDate><ItemCode>7290000483610</ItemCode><ItemType>1</ItemType><ItemName>מב פיצפוצית אורז ליי</ItemName><ManufacturerName>לא ממותג</ManufacturerName><ManufactureCountry>ישראל</ManufactureCountry><ManufacturerItemDescription>מב פיצפוצית אורז ליי</ManufacturerItemDescription><SoldByWeight/><Quantity>450.00</Quantity><UnitOfMeasure>גרם     </UnitOfMeasure><QtyInPackage>לא ידוע</QtyInPackage><UnitOfMeasurePrice>0.0287</UnitOfMeasurePrice><AllowDiscount>1</AllowDiscount><ItemStatus>1</ItemStatus><ItemPrice>12.90</ItemPrice></item><item><PriceUpdateDate>2015-11-17 07:37:39</PriceUpdateDate><ItemCode>7290000483917</ItemCode><ItemType>1</ItemType><ItemName>סוכריות וורטר לל"ס ב</ItemName><ManufacturerName>וורטרס אורגינל-שטורק</ManufacturerName><ManufactureCountry>ישראל</ManufactureCountry><ManufacturerItemDescription>סוכריות וורטר לל"ס ב</ManufacturerItemDescription><SoldByWeight/><Quantity>42.00</Quantity><UnitOfMeasure>גרם     </UnitOfMeasure><QtyInPackage>לא ידוע</QtyInPackage><UnitOfMeasurePrice>0.1833</UnitOfMeasurePrice><AllowDiscount>1</AllowDiscount><ItemStatus>1</ItemStatus><ItemPrice>7.70</ItemPrice></item><item><PriceUpdateDate>2015-11-17 07:37:39</PriceUpdateDate><ItemCode>7290000483955</ItemCode><ItemType>1</ItemType><ItemName>אבקת מרק בצל רכיבים</ItemName><ManufacturerName>לא ממותג</ManufacturerName><ManufactureCountry>ישראל</ManufactureCountry><ManufacturerItemDescription>אבקת מרק בצל</ManufacturerItemDescription><SoldByWeight/><Quantity>220.00</Quantity><UnitOfMeasure>גרם     </UnitOfMeasure><QtyInPackage>לא ידוע</QtyInPackage><UnitOfMeasurePrice>0.0836</UnitOfMeasurePrice><AllowDiscount>1</AllowDiscount><ItemStatus>1</ItemStatus><ItemPrice>18.40</ItemPrice></item><item><PriceUpdateDate>2015-10-13 09:47:53</PriceUpdateDate><ItemCode>7290000484037</ItemCode><ItemType>1</ItemType><ItemName>נסטי בטעם לימון 1.5</ItemName><ManufacturerName>נסטי</ManufacturerName><ManufactureCountry>ישראל</ManufactureCountry><ManufacturerItemDescription>נסטי בטעם לימון 1.5</ManufacturerItemDescription><SoldByWeight/><Quantity>1500.00</Quantity><UnitOfMeasure>מ"ל</UnitOfMeasure><QtyInPackage>לא ידוע</QtyInPackage><UnitOfMeasurePrice>0.0054</UnitOfMeasurePrice><AllowDiscount>1</AllowDiscount><ItemStatus>1</ItemStatus><ItemPrice>8.10</ItemPrice></item><item><PriceUpdateDate>2016-05-31 09:30:28</PriceUpdateDate><ItemCode>7290000484242</ItemCode><ItemType>1</ItemType><ItemName>ביסקוויט באלזן מצופה</ItemName><ManufacturerName>לא ממותג</ManufacturerName><ManufactureCountry>גרמניה</ManufactureCountry><ManufacturerItemDescription>ביסקוויט מצופה שוקולד חלב</ManufacturerItemDescription><SoldByWeight/><Quantity>125.00</Quantity><UnitOfMeasure>גרם     </UnitOfMeasure><QtyInPackage>לא ידוע</QtyInPackage><UnitOfMeasurePrice>0.1192</UnitOfMeasurePrice><AllowDiscount>1</AllowDiscount><ItemStatus>1</ItemStatus><ItemPrice>14.90</ItemPrice></item><item><PriceUpdateDate>2015-10-22 09:58:36</PriceUpdateDate><ItemCode>7290000484310</ItemCode><ItemType>1</ItemType><ItemName>עוגיות היט מיני שוקו</ItemName><ManufacturerName>היט מיניס</ManufacturerName><ManufactureCountry>פולין</ManufactureCountry><ManufacturerItemDescription>היט מיני קקאו 130 גרם</ManufacturerItemDescription><SoldByWeight/><Quantity>130.00</Quantity><UnitOfMeasure>גרם     </UnitOfMeasure><QtyInPackage>לא ידוע</QtyInPackage><UnitOfMeasurePrice>0.0592</UnitOfMeasurePrice><AllowDiscount>1</AllowDiscount><ItemStatus>1</ItemStatus><ItemPrice>7.70</ItemPrice></item><item><PriceUpdateDate>2015-12-27 06:16:57</PriceUpdateDate><ItemCode>7290000484433</ItemCode><ItemType>1</ItemType><ItemName>רבע לשבע קרם אגוזים</ItemName><ManufacturerName>עלית</ManufacturerName><ManufactureCountry>ישראל</ManufactureCountry><ManufacturerItemDescription>רבע לשבע בדצ 160 גרם</ManufacturerItemDescription><SoldByWeight/><Quantity>160.00</Quantity><UnitOfMeasure>גרם     </UnitOfMeasure><QtyInPackage>לא ידוע</QtyInPackage><UnitOfMeasurePrice>0.0869</UnitOfMeasurePrice><AllowDiscount>1</AllowDiscount><ItemStatus>1</ItemStatus><ItemPrice>13.90</ItemPrice></item><item><PriceUpdateDate>2016-05-05 12:30:23</PriceUpdateDate><ItemCode>7290000484525</ItemCode><ItemType>1</ItemType><ItemName>עלית הארק לוקס 750 מ</ItemName><ManufacturerName>לא ממותג</ManufacturerName><ManufactureCountry>ישראל</ManufactureCountry><ManufacturerItemDescription>עלית הארק 750 40% מל</ManufacturerItemDescription><SoldByWeight/><Quantity>750.00</Quantity><UnitOfMeasure>מ"ל</UnitOfMeasure><QtyInPackage>לא ידוע</QtyInPackage><UnitOfMeasurePrice>0.0799</UnitOfMeasurePrice><AllowDiscount>1</AllowDiscount><ItemStatus>1</ItemStatus><ItemPrice>59.90</ItemPrice></item><item><PriceUpdateDate>2015-10-13 09:47:53</PriceUpdateDate><ItemCode>7290000484808</ItemCode><ItemType>1</ItemType><ItemName>מנה פריכיות אורז עם</ItemName><ManufacturerName>מנה</ManufacturerName><ManufactureCountry>ישראל</ManufactureCountry><ManufacturerItemDescription>פריכונים אורז עם מלח100 ג</ManufacturerItemDescription><SoldByWeight/><Quantity>100.00</Quantity><UnitOfMeasure>גרם     </UnitOfMeasure><QtyInPackage>לא ידוע</QtyInPackage><UnitOfMeasurePrice>0.0720</UnitOfMeasurePrice><AllowDiscount>1</AllowDiscount><ItemStatus>1</ItemStatus><ItemPrice>7.20</ItemPrice></item><item><PriceUpdateDate>2016-03-14 07:12:24</PriceUpdateDate><ItemCode>7290000484938</ItemCode><ItemType>1</ItemType><ItemName>כיף כף מקלות קלאסי 4</ItemName><ManufacturerName>עלית</ManufacturerName><ManufactureCountry>ישראל</ManufactureCountry><ManufacturerItemDescription>מקלות כיף כף קלאסי 40 גרם</ManufacturerItemDescription><SoldByWeight/><Quantity>40.00</Quantity><UnitOfMeasure>גרם     </UnitOfMeasure><QtyInPackage>לא ידוע</QtyInPackage><UnitOfMeasurePrice>0.1375</UnitOfMeasurePrice><AllowDiscount>1</AllowDiscount><ItemStatus>1</ItemStatus><ItemPrice>5.50</ItemPrice></item><item><PriceUpdateDate>2015-10-22 09:58:37</PriceUpdateDate><ItemCode>7290000485010</ItemCode><ItemType>1</ItemType><ItemName>פריכיות אנרג'י ביס ס</ItemName><ManufacturerName>עלית</ManufacturerName><ManufactureCountry>ישראל</ManufactureCountry><ManufacturerItemDescription>פריכיות ביס 5 דגנים בטעם</ManufacturerItemDescription><SoldByWeight/><Quantity>25.00</Quantity><UnitOfMeasure>גרם     </UnitOfMeasure><QtyInPackage>לא ידוע</QtyInPackage><UnitOfMeasurePrice>0.2000</UnitOfMeasurePrice><AllowDiscount>1</AllowDiscount><ItemStatus>1</ItemStatus><ItemPrice>5.00</ItemPrice></item><item><PriceUpdateDate>2016-08-10 11:21:58</PriceUpdateDate><ItemCode>7290000485478</ItemCode><ItemType>1</ItemType><ItemName>קלוגס קורנפלקס 750 ג</ItemName><ManufacturerName>קלוגס קורנפלקס</ManufacturerName><ManufactureCountry>גרמניה</ManufactureCountry><ManufacturerItemDescription>קורנפלקס קלוגס 750 גר</ManufacturerItemDescription><SoldByWeight/><Quantity>750.00</Quantity><UnitOfMeasure>גרם     </UnitOfMeasure><QtyInPackage>לא ידוע</QtyInPackage><UnitOfMeasurePrice>0.0252</UnitOfMeasurePrice><AllowDiscount>1</AllowDiscount><ItemStatus>1</ItemStatus><ItemPrice>18.90</ItemPrice></item><item><PriceUpdateDate>2015-10-22 09:58:37</PriceUpdateDate><ItemCode>7290000485546</ItemCode><ItemType>1</ItemType><ItemName>סוכריות סקיטלס פירות</ItemName><ManufacturerName>לא ממותג</ManufacturerName><ManufactureCountry>ישראל</ManufactureCountry><ManufacturerItemDescription>סוכריות סקיטלס  ירות38ג</ManufacturerItemDescription><SoldByWeight/><Quantity>38.00</Quantity><UnitOfMeasure>גרם     </UnitOfMeasure><QtyInPackage>לא ידוע</QtyInPackage><UnitOfMeasurePrice>0.0868</UnitOfMeasurePrice><AllowDiscount>1</AllowDiscount><ItemStatus>1</ItemStatus><ItemPrice>3.30</ItemPrice></item><item><PriceUpdateDate>2016-08-02 06:30:55</PriceUpdateDate><ItemCode>7290000485617</ItemCode><ItemType>1</ItemType><ItemName>חומוס סוגת 500 גרם</ItemName><ManufacturerName>סוגת</ManufacturerName><ManufactureCountry>ישראל</ManufactureCountry><ManufacturerItemDescription>חומוס 500 גרם</ManufacturerItemDescription><SoldByWeight/><Quantity>500.00</Quantity><UnitOfMeasure>גרם     </UnitOfMeasure><QtyInPackage>לא ידוע</QtyInPackage><UnitOfMeasurePrice>0.0198</UnitOfMeasurePrice><AllowDiscount>1</AllowDiscount><ItemStatus>1</ItemStatus><ItemPrice>9.90</ItemPrice></item><item><PriceUpdateDate>2016-08-02 06:30:55</PriceUpdateDate><ItemCode>7290000485645</ItemCode><ItemType>1</ItemType><ItemName>גרישה 500 גרם</ItemName><ManufacturerName>סוגת</ManufacturerName><ManufactureCountry>ישראל</ManufactureCountry><ManufacturerItemDescription>גרישה 500 גרם</ManufacturerItemDescription><SoldByWeight/><Quantity>500.00</Quantity><UnitOfMeasure>גרם     </UnitOfMeasure><QtyInPackage>לא ידוע</QtyInPackage><UnitOfMeasurePrice>0.0144</UnitOfMeasurePrice><AllowDiscount>1</AllowDiscount><ItemStatus>1</ItemStatus><ItemPrice>7.20</ItemPrice></item><item><PriceUpdateDate>2015-11-17 07:37:40</PriceUpdateDate><ItemCode>7290000485812</ItemCode><ItemType>1</ItemType><ItemName>פופקורן סוגת 500 גרם</ItemName><ManufacturerName>סוגת</ManufacturerName><ManufactureCountry>ישראל</ManufactureCountry><ManufacturerItemDescription>פופקורן 500 גרם</ManufacturerItemDescription><SoldByWeight/><Quantity>500.00</Quantity><UnitOfMeasure>גרם     </UnitOfMeasure><QtyInPackage>לא ידוע</QtyInPackage><UnitOfMeasurePrice>0.0156</UnitOfMeasurePrice><AllowDiscount>1</AllowDiscount><ItemStatus>1</ItemStatus><ItemPrice>7.80</ItemPrice></item><item><PriceUpdateDate>2016-06-28 06:23:27</PriceUpdateDate><ItemCode>7290000486017</ItemCode><ItemType>1</ItemType><ItemName>מב קורנפלקס מלא - בד</ItemName><ManufacturerName>קורנפלקס תלמה</ManufacturerName><ManufactureCountry>ישראל</ManufactureCountry><ManufacturerItemDescription>מב קורנפלקס מלא - בד</ManufacturerItemDescription><SoldByWeight/><Quantity>500.00</Quantity><UnitOfMeasure>גרם     </UnitOfMeasure><QtyInPackage>לא ידוע</QtyInPackage><UnitOfMeasurePrice>0.0298</UnitOfMeasurePrice><AllowDiscount>1</AllowDiscount><ItemStatus>1</ItemStatus><ItemPrice>14.90</ItemPrice></item><item><PriceUpdateDate>2015-11-17 07:37:41</PriceUpdateDate><ItemCode>7290000486321</ItemCode><ItemType>1</ItemType><ItemName>עוגיות תירוש 175 גרם</ItemName><ManufacturerName>הדר</ManufacturerName><ManufactureCountry>ישראל</ManufactureCountry><ManufacturerItemDescription>עוגיות תירוש175 גר</ManufacturerItemDescription><SoldByWeight/><Quantity>175.00</Quantity><UnitOfMeasure>גרם     </UnitOfMeasure><QtyInPackage>לא ידוע</QtyInPackage><UnitOfMeasurePrice>0.0520</UnitOfMeasurePrice><AllowDiscount>1</AllowDiscount><ItemStatus>1</ItemStatus><ItemPrice>9.10</ItemPrice></item><item><PriceUpdateDate>2016-05-31 09:33:04</PriceUpdateDate><ItemCode>7290000486444</ItemCode><ItemType>1</ItemType><ItemName>מב שקדי מרק מנה 400</ItemName><ManufacturerName>מנה</ManufacturerName><ManufactureCountry>ישראל</ManufactureCountry><ManufacturerItemDescription>שקדי מרק מנה 400 גרם</ManufacturerItemDescription><SoldByWeight/><Quantity>400.00</Quantity><UnitOfMeasure>גרם     </UnitOfMeasure><QtyInPackage>לא ידוע</QtyInPackage><UnitOfMeasurePrice>0.0213</UnitOfMeasurePrice><AllowDiscount>1</AllowDiscount><ItemStatus>1</ItemStatus><ItemPrice>8.50</ItemPrice></item><item><PriceUpdateDate>2016-08-02 06:36:02</PriceUpdateDate><ItemCode>7290000486642</ItemCode><ItemType>1</ItemType><ItemName>מב פיטנס עוגיות שוקו</ItemName><ManufacturerName>אסם</ManufacturerName><ManufactureCountry>ישראל</ManufactureCountry><ManufacturerItemDescription>עוגיות בטעם שוקולד ציפס 1</ManufacturerItemDescription><SoldByWeight/><Quantity>180.00</Quantity><UnitOfMeasure>גרם     </UnitOfMeasure><QtyInPackage>לא ידוע</QtyInPackage><UnitOfMeasurePrice>0.0606</UnitOfMeasurePrice><AllowDiscount>1</AllowDiscount><ItemStatus>1</ItemStatus><ItemPrice>10.90</ItemPrice></item><item><PriceUpdateDate>2015-11-17 07:37:41</PriceUpdateDate><ItemCode>7290000486741</ItemCode><ItemType>1</ItemType><ItemName>אפונה וגזר A2 550 גר</ItemName><ManufacturerName>לא ממותג</ManufacturerName><ManufactureCountry>ישראל</ManufactureCountry><ManufacturerItemDescription>אפונה וגזר 550 גרם יכין</ManufacturerItemDescription><SoldByWeight/><Quantity>330.00</Quantity><UnitOfMeasure>גרם     </UnitOfMeasure><QtyInPackage>לא ידוע</QtyInPackage><UnitOfMeasurePrice>0.0255</UnitOfMeasurePrice><AllowDiscount>0</AllowDiscount><ItemStatus>1</ItemStatus><ItemPrice>8.40</ItemPrice></item><item><PriceUpdateDate>2016-02-17 08:48:41</PriceUpdateDate><ItemCode>7290000486864</ItemCode><ItemType>1</ItemType><ItemName>שמן זיתולה עץ הזית 7</ItemName><ManufacturerName>עץ הזית</ManufacturerName><ManufactureCountry>ישראל</ManufactureCountry><ManufacturerItemDescription>שמן זיתולה עץ הזית 750 מל</ManufacturerItemDescription><SoldByWeight/><Quantity>750.00</Quantity><UnitOfMeasure>מ"ל</UnitOfMeasure><QtyInPackage>לא ידוע</QtyInPackage><UnitOfMeasurePrice>0.0332</UnitOfMeasurePrice><AllowDiscount>1</AllowDiscount><ItemStatus>1</ItemStatus><ItemPrice>24.90</ItemPrice></item><item><PriceUpdateDate>2016-03-01 06:24:14</PriceUpdateDate><ItemCode>7290000486888</ItemCode><ItemType>1</ItemType><ItemName>תירס קיד A2 600 גרם</ItemName><ManufacturerName>לא ממותג</ManufacturerName><ManufactureCountry>ישראל</ManufactureCountry><ManufacturerItemDescription>תירס קיד A2 600 גרם</ManufacturerItemDescription><SoldByWeight/><Quantity>335.00</Quantity><UnitOfMeasure>גרם     </UnitOfMeasure><QtyInPackage>לא ידוע</QtyInPackage><UnitOfMeasurePrice>0.0281</UnitOfMeasurePrice><AllowDiscount>1</AllowDiscount><ItemStatus>1</ItemStatus><ItemPrice>9.40</ItemPrice></item><item><PriceUpdateDate>2015-11-17 07:37:42</PriceUpdateDate><ItemCode>7290000486895</ItemCode><ItemType>1</ItemType><ItemName>שמן זית כתית מעולה 7</ItemName><ManufacturerName>לא ממותג</ManufacturerName><ManufactureCountry>ישראל</ManufactureCountry><ManufacturerItemDescription>שמן זית כתית מעולה 750 מל</ManufacturerItemDescription><SoldByWeight/><Quantity>690.00</Quantity><UnitOfMeasure>גרם     </UnitOfMeasure><QtyInPackage>לא ידוע</QtyInPackage><UnitOfMeasurePrice>0.0546</UnitOfMeasurePrice><AllowDiscount>1</AllowDiscount><ItemStatus>1</ItemStatus><ItemPrice>37.70</ItemPrice></item><item><PriceUpdateDate>2016-05-31 09:33:04</PriceUpdateDate><ItemCode>7290000486949</ItemCode><ItemType>1</ItemType><ItemName>רסק פריכוז 28% A2 58</ItemName><ManufacturerName>יכין</ManufacturerName><ManufactureCountry>ישראל</ManufactureCountry><ManufacturerItemDescription>רסק עגבניות פריכוז 580 יכ</ManufacturerItemDescription><SoldByWeight/><Quantity>580.00</Quantity><UnitOfMeasure>גרם     </UnitOfMeasure><QtyInPackage>לא ידוע</QtyInPackage><UnitOfMeasurePrice>0.0134</UnitOfMeasurePrice><AllowDiscount>1</AllowDiscount><ItemStatus>1</ItemStatus><ItemPrice>7.80</ItemPrice></item><item><PriceUpdateDate>2016-08-02 06:30:56</PriceUpdateDate><ItemCode>7290000487243</ItemCode><ItemType>1</ItemType><ItemName>מארז חטיף במבה 10*25</ItemName><ManufacturerName>במבה</ManufacturerName><ManufactureCountry>ישראל</ManufactureCountry><ManufacturerItemDescription>מארז חטיף במבה 10*25</ManufacturerItemDescription><SoldByWeight/><Quantity>250.00</Quantity><UnitOfMeasure>גרם     </UnitOfMeasure><QtyInPackage>לא ידוע</QtyInPackage><UnitOfMeasurePrice>0.0716</UnitOfMeasurePrice><AllowDiscount>1</AllowDiscount><ItemStatus>1</ItemStatus><ItemPrice>17.90</ItemPrice></item><item><PriceUpdateDate>2016-02-17 08:48:41</PriceUpdateDate><ItemCode>7290000487571</ItemCode><ItemType>1</ItemType><ItemName>חטיף ריזס קריספי קרא</ItemName><ManufacturerName>הרשיז</ManufacturerName><ManufactureCountry>לא ידוע</ManufactureCountry><ManufacturerItemDescription>חטיף ריזס קריספי קרא</ManufacturerItemDescription><SoldByWeight/><Quantity>48.00</Quantity><UnitOfMeasure>גרם     </UnitOfMeasure><QtyInPackage>לא ידוע</QtyInPackage><UnitOfMeasurePrice>0.1021</UnitOfMeasurePrice><AllowDiscount>1</AllowDiscount><ItemStatus>1</ItemStatus><ItemPrice>4.90</ItemPrice></item><item><PriceUpdateDate>2016-03-13 06:50:36</PriceUpdateDate><ItemCode>7290000487595</ItemCode><ItemType>1</ItemType><ItemName>מסטיק FIVE  בטעם אבט</ItemName><ManufacturerName>FIVE</ManufacturerName><ManufactureCountry>צרפת</ManufactureCountry><ManufacturerItemDescription>מסטיק פייב אסנשיאל אבטיח</ManufacturerItemDescription><SoldByWeight/><Quantity>19.00</Quantity><UnitOfMeasure>גרם     </UnitOfMeasure><QtyInPackage>לא ידוע</QtyInPackage><UnitOfMeasurePrice>0.2632</UnitOfMeasurePrice><AllowDiscount>1</AllowDiscount><ItemStatus>1</ItemStatus><ItemPrice>5.00</ItemPrice></item><item><PriceUpdateDate>2016-06-21 18:43:42</PriceUpdateDate><ItemCode>7290000487694</ItemCode><ItemType>1</ItemType><ItemName>פריכיות אנרג'י ביס ב</ItemName><ManufacturerName>עלית</ManufacturerName><ManufactureCountry>ישראל</ManufactureCountry><ManufacturerItemDescription>פריכיות ביס בטעם וניל 25</ManufacturerItemDescription><SoldByWeight/><Quantity>45.00</Quantity><UnitOfMeasure>גרם     </UnitOfMeasure><QtyInPackage>לא ידוע</QtyInPackage><UnitOfMeasurePrice>0.1667</UnitOfMeasurePrice><AllowDiscount>1</AllowDiscount><ItemStatus>1</ItemStatus><ItemPrice>7.50</ItemPrice></item><item><PriceUpdateDate>2016-08-02 06:31:17</PriceUpdateDate><ItemCode>7290000497044</ItemCode><ItemType>1</ItemType><ItemName>לחם ברמן אקטיב 750 ג</ItemName><ManufacturerName>מאפיית ברמן</ManufacturerName><ManufactureCountry>ישראל</ManufactureCountry><ManufacturerItemDescription>לחם ברמן אקטיב</ManufacturerItemDescription><SoldByWeight/><Quantity>750.00</Quantity><UnitOfMeasure>גרם     </UnitOfMeasure><QtyInPackage>לא ידוע</QtyInPackage><UnitOfMeasurePrice>0.0225</UnitOfMeasurePrice><AllowDiscount>1</AllowDiscount><ItemStatus>1</ItemStatus><ItemPrice>16.90</ItemPrice></item><item><PriceUpdateDate>2016-05-20 07:08:12</PriceUpdateDate><ItemCode>7290000497112</ItemCode><ItemType>1</ItemType><ItemName>לחם אחיד כהה פרוס 75</ItemName><ManufacturerName>מאפית ברמן</ManufacturerName><ManufactureCountry>ישראל</ManufactureCountry><ManufacturerItemDescription>לחם אחיד כהה פרוס 75</ManufacturerItemDescription><SoldByWeight/><Quantity>750.00</Quantity><UnitOfMeasure>גרם     </UnitOfMeasure><QtyInPackage>לא ידוע</QtyInPackage><UnitOfMeasurePrice>0.0091</UnitOfMeasurePrice><AllowDiscount>1</AllowDiscount><ItemStatus>1</ItemStatus><ItemPrice>6.79</ItemPrice></item><item><PriceUpdateDate>2016-08-02 06:36:15</PriceUpdateDate><ItemCode>7290000497228</ItemCode><ItemType>1</ItemType><ItemName>מב לחמניות רגילות 6</ItemName><ManufacturerName>מאפית ברמן</ManufacturerName><ManufactureCountry>ישראל</ManufactureCountry><ManufacturerItemDescription>מב לחמניות רגילות 6</ManufacturerItemDescription><SoldByWeight/><Quantity>450.00</Quantity><UnitOfMeasure>גרם     </UnitOfMeasure><QtyInPackage>לא ידוע</QtyInPackage><UnitOfMeasurePrice>0.0198</UnitOfMeasurePrice><AllowDiscount>1</AllowDiscount><ItemStatus>1</ItemStatus><ItemPrice>8.90</ItemPrice></item><item><PriceUpdateDate>2016-08-02 06:36:15</PriceUpdateDate><ItemCode>7290000497303</ItemCode><ItemType>1</ItemType><ItemName>מב לחמניות מקמח מלא</ItemName><ManufacturerName>מאפית ברמן</ManufacturerName><ManufactureCountry>ישראל</ManufactureCountry><ManufacturerItemDescription>מב לחמניות מקמח מלא</ManufacturerItemDescription><SoldByWeight/><Quantity>450.00</Quantity><UnitOfMeasure>גרם     </UnitOfMeasure><QtyInPackage>לא ידוע</QtyInPackage><UnitOfMeasurePrice>0.0198</UnitOfMeasurePrice><AllowDiscount>1</AllowDiscount><ItemStatus>1</ItemStatus><ItemPrice>8.90</ItemPrice></item><item><PriceUpdateDate>2016-05-31 09:30:50</PriceUpdateDate><ItemCode>7290000497426</ItemCode><ItemType>1</ItemType><ItemName>לחם ברמן קל לענין פר</ItemName><ManufacturerName>מאפיית ברמן</ManufacturerName><ManufactureCountry>ישראל</ManufactureCountry><ManufacturerItemDescription>לחם ברמן קל לענין פר</ManufacturerItemDescription><SoldByWeight/><Quantity>500.00</Quantity><UnitOfMeasure>גרם     </UnitOfMeasure><QtyInPackage>לא ידוע</QtyInPackage><UnitOfMeasurePrice>0.0278</UnitOfMeasurePrice><AllowDiscount>1</AllowDiscount><ItemStatus>1</ItemStatus><ItemPrice>13.90</ItemPrice></item><item><PriceUpdateDate>2016-08-02 06:31:17</PriceUpdateDate><ItemCode>7290000497457</ItemCode><ItemType>1</ItemType><ItemName>לחם דגנים 750 גרם</ItemName><ManufacturerName>מאפית ברמן</ManufacturerName><ManufactureCountry>ישראל</ManufactureCountry><ManufacturerItemDescription>לחם דגנים 750 גרם</ManufacturerItemDescription><SoldByWeight/><Quantity>750.00</Quantity><UnitOfMeasure>גרם     </UnitOfMeasure><QtyInPackage>לא ידוע</QtyInPackage><UnitOfMeasurePrice>0.0225</UnitOfMeasurePrice><AllowDiscount>1</AllowDiscount><ItemStatus>1</ItemStatus><ItemPrice>16.90</ItemPrice></item><item><PriceUpdateDate>2016-08-02 06:36:15</PriceUpdateDate><ItemCode>7290000497532</ItemCode><ItemType>1</ItemType><ItemName>מב לחם ברמן לענין 75</ItemName><ManufacturerName>מאפיית ברמן</ManufacturerName><ManufactureCountry>ישראל</ManufactureCountry><ManufacturerItemDescription>מב לחם ברמן לענין 75</ManufacturerItemDescription><SoldByWeight/><Quantity>750.00</Quantity><UnitOfMeasure>גרם     </UnitOfMeasure><QtyInPackage>לא ידוע</QtyInPackage><UnitOfMeasurePrice>0.0159</UnitOfMeasurePrice><AllowDiscount>1</AllowDiscount><ItemStatus>1</ItemStatus><ItemPrice>11.90</ItemPrice></item><item><PriceUpdateDate>2016-08-02 06:31:17</PriceUpdateDate><ItemCode>7290000497570</ItemCode><ItemType>1</ItemType><ItemName>לחם דגני קלות 500 גר</ItemName><ManufacturerName>מאפית ברמן</ManufacturerName><ManufactureCountry>ישראל</ManufactureCountry><ManufacturerItemDescription>לחם דגני קלות 500 גר</ManufacturerItemDescription><SoldByWeight/><Quantity>500.00</Quantity><UnitOfMeasure>גרם     </UnitOfMeasure><QtyInPackage>לא ידוע</QtyInPackage><UnitOfMeasurePrice>0.0318</UnitOfMeasurePrice><AllowDiscount>1</AllowDiscount><ItemStatus>1</ItemStatus><ItemPrice>15.90</ItemPrice></item><item><PriceUpdateDate>2016-05-01 07:23:15</PriceUpdateDate><ItemCode>7290000521008</ItemCode><ItemType>1</ItemType><ItemName>יין סגל אדום יבש 750</ItemName><ManufacturerName>סגל</ManufacturerName><ManufactureCountry>ישראל</ManufactureCountry><ManufacturerItemDescription>יין של סגל אדום יבש750 מל</ManufacturerItemDescription><SoldByWeight/><Quantity>750.00</Quantity><UnitOfMeasure>מ"ל</UnitOfMeasure><QtyInPackage>לא ידוע</QtyInPackage><UnitOfMeasurePrice>0.0263</UnitOfMeasurePrice><AllowDiscount>1</AllowDiscount><ItemStatus>1</ItemStatus><ItemPrice>19.70</ItemPrice></item><item><PriceUpdateDate>2016-08-02 06:31:17</PriceUpdateDate><ItemCode>7290000521367</ItemCode><ItemType>1</ItemType><ItemName>יין זני סגל מרלו 750</ItemName><ManufacturerName>סגל</ManufacturerName><ManufactureCountry>ישראל</ManufactureCountry><ManufacturerItemDescription>יין מרלו סגל 750  מל</ManufacturerItemDescription><SoldByWeight/><Quantity>750.00</Quantity><UnitOfMeasure>מ"ל</UnitOfMeasure><QtyInPackage>לא ידוע</QtyInPackage><UnitOfMeasurePrice>0.0376</UnitOfMeasurePrice><AllowDiscount>1</AllowDiscount><ItemStatus>1</ItemStatus><ItemPrice>28.20</ItemPrice></item><item><PriceUpdateDate>2016-08-02 06:31:17</PriceUpdateDate><ItemCode>7290000521398</ItemCode><ItemType>1</ItemType><ItemName>יין זני סגל קברנה שי</ItemName><ManufacturerName>סגל</ManufacturerName><ManufactureCountry>ישראל</ManufactureCountry><ManufacturerItemDescription>יין של סגל מרלו 66% ושירא</ManufacturerItemDescription><SoldByWeight/><Quantity>750.00</Quantity><UnitOfMeasure>מ"ל</UnitOfMeasure><QtyInPackage>לא ידוע</QtyInPackage><UnitOfMeasurePrice>0.0376</UnitOfMeasurePrice><AllowDiscount>1</AllowDiscount><ItemStatus>1</ItemStatus><ItemPrice>28.20</ItemPrice></item><item><PriceUpdateDate>2015-11-12 11:29:32</PriceUpdateDate><ItemCode>7290000522166</ItemCode><ItemType>1</ItemType><ItemName>חלב הרים טהור נטול ל</ItemName><ManufacturerName>מחלבות רמת הגולן</ManufacturerName><ManufactureCountry>ישראל</ManufactureCountry><ManufacturerItemDescription>חלב הרים טהור 3% נטול לקט</ManufacturerItemDescription><SoldByWeight/><Quantity>1.00</Quantity><UnitOfMeasure>ליטר    </UnitOfMeasure><QtyInPackage>לא ידוע</QtyInPackage><UnitOfMeasurePrice>10.9000</UnitOfMeasurePrice><AllowDiscount>1</AllowDiscount><ItemStatus>1</ItemStatus><ItemPrice>10.90</ItemPrice></item><item><PriceUpdateDate>2015-02-02 07:52:24</PriceUpdateDate><ItemCode>7290000522289</ItemCode><ItemType>1</ItemType><ItemName>חלב הרים טהור 250 מ"</ItemName><ManufacturerName>טרה</ManufacturerName><ManufactureCountry>ישראל</ManufactureCountry><ManufacturerItemDescription>חלב הרים טהור 250 מ"</ManufacturerItemDescription><SoldByWeight/><Quantity>250.00</Quantity><UnitOfMeasure>מ"ל</UnitOfMeasure><QtyInPackage>לא ידוע</QtyInPackage><UnitOfMeasurePrice>0.0124</UnitOfMeasurePrice><AllowDiscount>1</AllowDiscount><ItemStatus>1</ItemStatus><ItemPrice>3.10</ItemPrice></item><item><PriceUpdateDate>2016-05-09 07:22:32</PriceUpdateDate><ItemCode>7290000522333</ItemCode><ItemType>1</ItemType><ItemName>שמנת להקצפה 38% שומן</ItemName><ManufacturerName>מחלבות רמת הגולן</ManufacturerName><ManufactureCountry>לא ידוע</ManufactureCountry><ManufacturerItemDescription>שמנת להקצפה 38% שומן</ManufacturerItemDescription><SoldByWeight/><Quantity>250.00</Quantity><UnitOfMeasure>מ"ל</UnitOfMeasure><QtyInPackage>לא ידוע</QtyInPackage><UnitOfMeasurePrice>0.0238</UnitOfMeasurePrice><AllowDiscount>1</AllowDiscount><ItemStatus>1</ItemStatus><ItemPrice>5.95</ItemPrice></item><item><PriceUpdateDate>2016-05-09 07:22:32</PriceUpdateDate><ItemCode>7290000522340</ItemCode><ItemType>1</ItemType><ItemName>שמנת לבישול 15% רמת</ItemName><ManufacturerName>מחלבות רמת הגולן</ManufacturerName><ManufactureCountry>לא ידוע</ManufactureCountry><ManufacturerItemDescription>שמנת לבישול 15% רמת</ManufacturerItemDescription><SoldByWeight/><Quantity>250.00</Quantity><UnitOfMeasure>מ"ל</UnitOfMeasure><QtyInPackage>לא ידוע</QtyInPackage><UnitOfMeasurePrice>0.0336</UnitOfMeasurePrice><AllowDiscount>1</AllowDiscount><ItemStatus>1</ItemStatus><ItemPrice>8.40</ItemPrice></item><item><PriceUpdateDate>2016-05-01 07:23:15</PriceUpdateDate><ItemCode>7290000523224</ItemCode><ItemType>1</ItemType><ItemName>מלח הארץ ים יבש 500</ItemName><ManufacturerName>מלח הארץ</ManufacturerName><ManufactureCountry>ישראל</ManufactureCountry><ManufacturerItemDescription>מלח ים יבש 500 גר</ManufacturerItemDescription><SoldByWeight/><Quantity>500.00</Quantity><UnitOfMeasure>גרם     </UnitOfMeasure><QtyInPackage>לא ידוע</QtyInPackage><UnitOfMeasurePrice>0.0162</UnitOfMeasurePrice><AllowDiscount>1</AllowDiscount><ItemStatus>1</ItemStatus><ItemPrice>8.10</ItemPrice></item><item><PriceUpdateDate>2015-01-27 06:47:40</PriceUpdateDate><ItemCode>7290000523811</ItemCode><ItemType>1</ItemType><ItemName>מלח הארץ גס 1 ק''ג</ItemName><ManufacturerName>מלח הארץ</ManufacturerName><ManufactureCountry>ישראל</ManufactureCountry><ManufacturerItemDescription>מלח גס צנצנת 1 קג</ManufacturerItemDescription><SoldByWeight/><Quantity>1000.00</Quantity><UnitOfMeasure>גרם     </UnitOfMeasure><QtyInPackage>לא ידוע</QtyInPackage><UnitOfMeasurePrice>0.0073</UnitOfMeasurePrice><AllowDiscount>1</AllowDiscount><ItemStatus>1</ItemStatus><ItemPrice>7.30</ItemPrice></item><item><PriceUpdateDate>2016-03-29 06:06:26</PriceUpdateDate><ItemCode>7290000525969</ItemCode><ItemType>1</ItemType><ItemName>מיץ סחוט תפוזים 1 לי</ItemName><ManufacturerName>פרימור</ManufacturerName><ManufactureCountry>ישראל</ManufactureCountry><ManufacturerItemDescription>מיץ סחוט תפוזים 1 ל</ManufacturerItemDescription><SoldByWeight/><Quantity>1000.00</Quantity><UnitOfMeasure>מ"ל</UnitOfMeasure><QtyInPackage>לא ידוע</QtyInPackage><UnitOfMeasurePrice>0.0152</UnitOfMeasurePrice><AllowDiscount>1</AllowDiscount><ItemStatus>1</ItemStatus><ItemPrice>15.20</ItemPrice></item><item><PriceUpdateDate>2016-05-05 12:30:23</PriceUpdateDate><ItemCode>7290000530413</ItemCode><ItemType>1</ItemType><ItemName>המבורגר זהב 400 גרם</ItemName><ManufacturerName>זוגלובק</ManufacturerName><ManufactureCountry>ישראל</ManufactureCountry><ManufacturerItemDescription>המבורגר זהב 400 גר</ManufacturerItemDescription><SoldByWeight/><Quantity>400.00</Quantity><UnitOfMeasure>גרם     </UnitOfMeasure><QtyInPackage>לא ידוע</QtyInPackage><UnitOfMeasurePrice>0.0497</UnitOfMeasurePrice><AllowDiscount>1</AllowDiscount><ItemStatus>1</ItemStatus><ItemPrice>19.90</ItemPrice></item><item><PriceUpdateDate>2016-03-29 06:06:26</PriceUpdateDate><ItemCode>7290000530598</ItemCode><ItemType>1</ItemType><ItemName>נקניקיות וינר 500 גר</ItemName><ManufacturerName>זוגלובק</ManufacturerName><ManufactureCountry>ישראל</ManufactureCountry><ManufacturerItemDescription>נקניקיות וינר</ManufacturerItemDescription><SoldByWeight/><Quantity>500.00</Quantity><UnitOfMeasure>גרם     </UnitOfMeasure><QtyInPackage>לא ידוע</QtyInPackage><UnitOfMeasurePrice>0.0358</UnitOfMeasurePrice><AllowDiscount>1</AllowDiscount><ItemStatus>1</ItemStatus><ItemPrice>17.90</ItemPrice></item><item><PriceUpdateDate>2016-08-02 06:31:18</PriceUpdateDate><ItemCode>7290000533353</ItemCode><ItemType>1</ItemType><ItemName>מב בצק עלים זוגלובק</ItemName><ManufacturerName>זוגלובק</ManufacturerName><ManufactureCountry>ישראל</ManufactureCountry><ManufacturerItemDescription>מב בצק עלים זוגלובק</ManufacturerItemDescription><SoldByWeight/><Quantity>1000.00</Quantity><UnitOfMeasure>גרם     </UnitOfMeasure><QtyInPackage>לא ידוע</QtyInPackage><UnitOfMeasurePrice>0.0169</UnitOfMeasurePrice><AllowDiscount>1</AllowDiscount><ItemStatus>1</ItemStatus><ItemPrice>16.90</ItemPrice></item><item><PriceUpdateDate>2016-05-31 09:30:50</PriceUpdateDate><ItemCode>7290000537566</ItemCode><ItemType>1</ItemType><ItemName>נקניקיות עוף זוגלובק</ItemName><ManufacturerName>זוגלובק</ManufacturerName><ManufactureCountry>ישראל</ManufactureCountry><ManufacturerItemDescription>נקניקיות עוף 400 ג טרי</ManufacturerItemDescription><SoldByWeight/><Quantity>400.00</Quantity><UnitOfMeasure>גרם     </UnitOfMeasure><QtyInPackage>לא ידוע</QtyInPackage><UnitOfMeasurePrice>0.0298</UnitOfMeasurePrice><AllowDiscount>1</AllowDiscount><ItemStatus>1</ItemStatus><ItemPrice>11.90</ItemPrice></item><item><PriceUpdateDate>2016-08-02 06:36:16</PriceUpdateDate><ItemCode>7290000538709</ItemCode><ItemType>1</ItemType><ItemName>מב נקניק 200 גרם תה</ItemName><ManufacturerName>זוגלובק</ManufacturerName><ManufactureCountry>ישראל</ManufactureCountry><ManufacturerItemDescription>מב נקניק 200 גרם תה</ManufacturerItemDescription><SoldByWeight/><Quantity>200.00</Quantity><UnitOfMeasure>גרם     </UnitOfMeasure><QtyInPackage>לא ידוע</QtyInPackage><UnitOfMeasurePrice>0.0595</UnitOfMeasurePrice><AllowDiscount>1</AllowDiscount><ItemStatus>1</ItemStatus><ItemPrice>11.90</ItemPrice></item><item><PriceUpdateDate>2015-11-17 07:38:55</PriceUpdateDate><ItemCode>7290000540290</ItemCode><ItemType>1</ItemType><ItemName>דובשניות 600 גרם</ItemName><ManufacturerName>האחים</ManufacturerName><ManufactureCountry>ישראל</ManufactureCountry><ManufacturerItemDescription>דובשניות 600 גרם בשקית</ManufacturerItemDescription><SoldByWeight/><Quantity>600.00</Quantity><UnitOfMeasure>גרם     </UnitOfMeasure><QtyInPackage>לא ידוע</QtyInPackage><UnitOfMeasurePrice>0.0203</UnitOfMeasurePrice><AllowDiscount>1</AllowDiscount><ItemStatus>1</ItemStatus><ItemPrice>12.20</ItemPrice></item><item><PriceUpdateDate>2015-01-27 06:47:55</PriceUpdateDate><ItemCode>7290000542041</ItemCode><ItemType>1</ItemType><ItemName>לחמניה  כפרית ארוך</ItemName><ManufacturerName>אנג'ל</ManufacturerName><ManufactureCountry>ישראל</ManufactureCountry><ManufacturerItemDescription>לחמניה  כפרית ארוך</ManufacturerItemDescription><SoldByWeight/><Quantity>126.00</Quantity><UnitOfMeasure>גרם     </UnitOfMeasure><QtyInPackage>לא ידוע</QtyInPackage><UnitOfMeasurePrice>0.0349</UnitOfMeasurePrice><AllowDiscount>1</AllowDiscount><ItemStatus>1</ItemStatus><ItemPrice>4.40</ItemPrice></item><item><PriceUpdateDate>2015-10-22 09:58:56</PriceUpdateDate><ItemCode>7290000571386</ItemCode><ItemType>1</ItemType><ItemName>יוגורמה בית יצחק 850</ItemName><ManufacturerName>בית יצחק</ManufacturerName><ManufactureCountry>ישראל</ManufactureCountry><ManufacturerItemDescription>יוגורט יוגורמה מחלב כבשים</ManufacturerItemDescription><SoldByWeight/><Quantity>850.00</Quantity><UnitOfMeasure>מ"ל</UnitOfMeasure><QtyInPackage>לא ידוע</QtyInPackage><UnitOfMeasurePrice>0.0319</UnitOfMeasurePrice><AllowDiscount>1</AllowDiscount><ItemStatus>1</ItemStatus><ItemPrice>27.10</ItemPrice></item><item><PriceUpdateDate>2016-06-27 19:05:43</PriceUpdateDate><ItemCode>7290000571393</ItemCode><ItemType>1</ItemType><ItemName>יוגורמה כבשים 140 גר</ItemName><ManufacturerName>יוגורמה</ManufacturerName><ManufactureCountry>ישראל</ManufactureCountry><ManufacturerItemDescription>יוגורמה יוגורט מחלב כבשים</ManufacturerItemDescription><SoldByWeight/><Quantity>140.00</Quantity><UnitOfMeasure>גרם     </UnitOfMeasure><QtyInPackage>לא ידוע</QtyInPackage><UnitOfMeasurePrice>0.0471</UnitOfMeasurePrice><AllowDiscount>1</AllowDiscount><ItemStatus>1</ItemStatus><ItemPrice>6.60</ItemPrice></item><item><PriceUpdateDate>2016-03-29 07:13:32</PriceUpdateDate><ItemCode>7290000572086</ItemCode><ItemType>1</ItemType><ItemName>טחינה אורגנית 500 אח</ItemName><ManufacturerName>אחוה</ManufacturerName><ManufactureCountry>ישראל</ManufactureCountry><ManufacturerItemDescription>טחינה אורגנית 500 אח</ManufacturerItemDescription><SoldByWeight/><Quantity>500.00</Quantity><UnitOfMeasure>גרם     </UnitOfMeasure><QtyInPackage>לא ידוע</QtyInPackage><UnitOfMeasurePrice>0.0338</UnitOfMeasurePrice><AllowDiscount>1</AllowDiscount><ItemStatus>1</ItemStatus><ItemPrice>16.90</ItemPrice></item><item><PriceUpdateDate>2015-01-27 06:47:31</PriceUpdateDate><ItemCode>7290000572543</ItemCode><ItemType>1</ItemType><ItemName>חלבה שוקו 400 גרם</ItemName><ManufacturerName>אחוה</ManufacturerName><ManufactureCountry>ישראל</ManufactureCountry><ManufacturerItemDescription>חלבה שוקו 400 גרם</ManufacturerItemDescription><SoldByWeight/><Quantity>400.00</Quantity><UnitOfMeasure>גרם     </UnitOfMeasure><QtyInPackage>לא ידוע</QtyInPackage><UnitOfMeasurePrice>0.0422</UnitOfMeasurePrice><AllowDiscount>1</AllowDiscount><ItemStatus>1</ItemStatus><ItemPrice>16.90</ItemPrice></item><item><PriceUpdateDate>2015-11-17 07:38:56</PriceUpdateDate><ItemCode>7290000572673</ItemCode><ItemType>1</ItemType><ItemName>חטיפי חלבה 300 גרם</ItemName><ManufacturerName>אחוה</ManufacturerName><ManufactureCountry>ישראל</ManufactureCountry><ManufacturerItemDescription>חלבה 10 וניל אגוזים12 יח</ManufacturerItemDescription><SoldByWeight/><Quantity>300.00</Quantity><UnitOfMeasure>גרם     </UnitOfMeasure><QtyInPackage>לא ידוע</QtyInPackage><UnitOfMeasurePrice>0.0780</UnitOfMeasurePrice><AllowDiscount>1</AllowDiscount><ItemStatus>1</ItemStatus><ItemPrice>23.40</ItemPrice></item><item><PriceUpdateDate>2016-04-11 07:51:52</PriceUpdateDate><ItemCode>7290000611136</ItemCode><ItemType>3</ItemType><ItemName>כבד עוף קפוא</ItemName><ManufacturerName>עוף טנא</ManufacturerName><ManufactureCountry>ישראל</ManufactureCountry><ManufacturerItemDescription>כבד עוף קפוא</ManufacturerItemDescription><SoldByWeight/><Quantity>1.00</Quantity><UnitOfMeasure>ק"ג</UnitOfMeasure><QtyInPackage>לא ידוע</QtyInPackage><UnitOfMeasurePrice>12.9000</UnitOfMeasurePrice><AllowDiscount>1</AllowDiscount><ItemStatus>1</ItemStatus><ItemPrice>12.90</ItemPrice></item><item><PriceUpdateDate>2016-04-11 07:51:52</PriceUpdateDate><ItemCode>7290000611174</ItemCode><ItemType>3</ItemType><ItemName>כנפיים עוף  קפוא</ItemName><ManufacturerName>לא ידוע</ManufacturerName><ManufactureCountry>ישראל</ManufactureCountry><ManufacturerItemDescription>כנפיים עוף לקג מגש קפוא</ManufacturerItemDescription><SoldByWeight/><Quantity>1.00</Quantity><UnitOfMeasure>ק"ג</UnitOfMeasure><QtyInPackage>לא ידוע</QtyInPackage><UnitOfMeasurePrice>7.9000</UnitOfMeasurePrice><AllowDiscount>1</AllowDiscount><ItemStatus>1</ItemStatus><ItemPrice>7.90</ItemPrice></item><item><PriceUpdateDate>2016-01-20 07:55:57</PriceUpdateDate><ItemCode>7290000611204</ItemCode><ItemType>3</ItemType><ItemName>שניצל  דק דק טרי ארו</ItemName><ManufacturerName>עוף טנא</ManufacturerName><ManufactureCountry>לא ידוע</ManufactureCountry><ManufacturerItemDescription>שניצל  דק דק טרי ארו</ManufacturerItemDescription><SoldByWeight/><Quantity>1.00</Quantity><UnitOfMeasure>ק"ג</UnitOfMeasure><QtyInPackage>לא ידוע</QtyInPackage><UnitOfMeasurePrice>39.9000</UnitOfMeasurePrice><AllowDiscount>1</AllowDiscount><ItemStatus>1</ItemStatus><ItemPrice>39.90</ItemPrice></item><item><PriceUpdateDate>2016-04-24 07:45:01</PriceUpdateDate><ItemCode>7290000611846</ItemCode><ItemType>3</ItemType><ItemName>כרעיים עוף  טרי ארוז</ItemName><ManufacturerName>.N.Y.C</ManufacturerName><ManufactureCountry>ישראל</ManufactureCountry><ManufacturerItemDescription>כרעיים עוף  טרי ארוז</ManufacturerItemDescription><SoldByWeight/><Quantity>1.00</Quantity><UnitOfMeasure>ק"ג</UnitOfMeasure><QtyInPackage>לא ידוע</QtyInPackage><UnitOfMeasurePrice>29.9000</UnitOfMeasurePrice><AllowDiscount>1</AllowDiscount><ItemStatus>1</ItemStatus><ItemPrice>29.90</ItemPrice></item><item><PriceUpdateDate>2016-08-03 19:06:10</PriceUpdateDate><ItemCode>7290000612157</ItemCode><ItemType>3</ItemType><ItemName>סטייק פרגיות ארוז</ItemName><ManufacturerName>עוף טנא</ManufacturerName><ManufactureCountry>לא ידוע</ManufactureCountry><ManufacturerItemDescription>סטייק פרגיות ארוז</ManufacturerItemDescription><SoldByWeight/><Quantity>1.00</Quantity><UnitOfMeasure>ק"ג</UnitOfMeasure><QtyInPackage>לא ידוע</QtyInPackage><UnitOfMeasurePrice>49.9000</UnitOfMeasurePrice><AllowDiscount>1</AllowDiscount><ItemStatus>1</ItemStatus><ItemPrice>49.90</ItemPrice></item><item><PriceUpdateDate>2015-12-27 06:16:58</PriceUpdateDate><ItemCode>7290000644783</ItemCode><ItemType>3</ItemType><ItemName>נתחי פילה סלמון קפוא</ItemName><ManufacturerName>דגי תנובה</ManufacturerName><ManufactureCountry>ישראל</ManufactureCountry><ManufacturerItemDescription>מנות סלמון בואקום לקג</ManufacturerItemDescription><SoldByWeight/><Quantity>1.00</Quantity><UnitOfMeasure>ק"ג</UnitOfMeasure><QtyInPackage>לא ידוע</QtyInPackage><UnitOfMeasurePrice>84.9000</UnitOfMeasurePrice><AllowDiscount>1</AllowDiscount><ItemStatus>1</ItemStatus><ItemPrice>84.90</ItemPrice></item><item><PriceUpdateDate>2016-06-13 06:36:31</PriceUpdateDate><ItemCode>7290000659312</ItemCode><ItemType>3</ItemType><ItemName>פילה סלמון תנובה</ItemName><ManufacturerName>דגי תנובה</ManufacturerName><ManufactureCountry>ישראל</ManufactureCountry><ManufacturerItemDescription>פילה סלמון בואקום</ManufacturerItemDescription><SoldByWeight/><Quantity>1.00</Quantity><UnitOfMeasure>ק"ג</UnitOfMeasure><QtyInPackage>לא ידוע</QtyInPackage><UnitOfMeasurePrice>74.9000</UnitOfMeasurePrice><AllowDiscount>1</AllowDiscount><ItemStatus>1</ItemStatus><ItemPrice>74.90</ItemPrice></item><item><PriceUpdateDate>2015-11-17 07:38:58</PriceUpdateDate><ItemCode>7290000681160</ItemCode><ItemType>1</ItemType><ItemName>מטליות וילדה אנטי בק</ItemName><ManufacturerName>וילדה</ManufacturerName><ManufactureCountry>גרמניה</ManufactureCountry><ManufacturerItemDescription>מי פה קולגייט   ירוק500מ</ManufacturerItemDescription><SoldByWeight/><Quantity>0.00</Quantity><UnitOfMeasure>יח'</UnitOfMeasure><QtyInPackage>לא ידוע</QtyInPackage><UnitOfMeasurePrice>0.0000</UnitOfMeasurePrice><AllowDiscount>1</AllowDiscount><ItemStatus>1</ItemStatus><ItemPrice>15.60</ItemPrice></item><item><PriceUpdateDate>2016-08-10 11:21:41</PriceUpdateDate><ItemCode>7290000688084</ItemCode><ItemType>1</ItemType><ItemName>מי עדן ספורט . 0.5 ל</ItemName><ManufacturerName>מי עדן</ManufacturerName><ManufactureCountry>ישראל</ManufactureCountry><ManufacturerItemDescription>מי עדן 1/2 ליטר ספורט</ManufacturerItemDescription><SoldByWeight/><Quantity>500.00</Quantity><UnitOfMeasure>מ"ל</UnitOfMeasure><QtyInPackage>לא ידוע</QtyInPackage><UnitOfMeasurePrice>0.0104</UnitOfMeasurePrice><AllowDiscount>1</AllowDiscount><ItemStatus>1</ItemStatus><ItemPrice>5.20</ItemPrice></item><item><PriceUpdateDate>2015-10-22 09:58:56</PriceUpdateDate><ItemCode>7290000688114</ItemCode><ItemType>1</ItemType><ItemName>מי עדן 1.5 ליטר</ItemName><ManufacturerName>מי עדן</ManufacturerName><ManufactureCountry>ישראל</ManufactureCountry><ManufacturerItemDescription>מי עדן 1.5 ליטר</ManufacturerItemDescription><SoldByWeight/><Quantity>1500.00</Quantity><UnitOfMeasure>מ"ל</UnitOfMeasure><QtyInPackage>לא ידוע</QtyInPackage><UnitOfMeasurePrice>0.0028</UnitOfMeasurePrice><AllowDiscount>1</AllowDiscount><ItemStatus>1</ItemStatus><ItemPrice>4.20</ItemPrice></item><item><PriceUpdateDate>2015-01-27 06:47:50</PriceUpdateDate><ItemCode>7290000688176</ItemCode><ItemType>1</ItemType><ItemName>מי עדן 250 מ"ל</ItemName><ManufacturerName>מי עדן</ManufacturerName><ManufactureCountry>ישראל</ManufactureCountry><ManufacturerItemDescription>מי עדן 250 מ"ל</ManufacturerItemDescription><SoldByWeight/><Quantity>250.00</Quantity><UnitOfMeasure>מ"ל</UnitOfMeasure><QtyInPackage>לא ידוע</QtyInPackage><UnitOfMeasurePrice>0.0152</UnitOfMeasurePrice><AllowDiscount>1</AllowDiscount><ItemStatus>1</ItemStatus><ItemPrice>3.80</ItemPrice></item><item><PriceUpdateDate>2016-08-02 06:36:16</PriceUpdateDate><ItemCode>7290000688381</ItemCode><ItemType>1</ItemType><ItemName>מב מי עדן ספורט שישי</ItemName><ManufacturerName>מי עדן</ManufacturerName><ManufactureCountry>ישראל</ManufactureCountry><ManufacturerItemDescription>מי עדן 1/2 ליטר 1/6 אישי</ManufacturerItemDescription><SoldByWeight/><Quantity>3000.00</Quantity><UnitOfMeasure>מ"ל</UnitOfMeasure><QtyInPackage>לא ידוע</QtyInPackage><UnitOfMeasurePrice>0.0040</UnitOfMeasurePrice><AllowDiscount>1</AllowDiscount><ItemStatus>1</ItemStatus><ItemPrice>11.90</ItemPrice></item><item><PriceUpdateDate>2016-08-10 11:21:41</PriceUpdateDate><ItemCode>7290000688466</ItemCode><ItemType>1</ItemType><ItemName>מי עדן 750 מל' ספורט</ItemName><ManufacturerName>מי עדן</ManufacturerName><ManufactureCountry>ישראל</ManufactureCountry><ManufacturerItemDescription>מי עדן ספורט 750 GYM מל</ManufacturerItemDescription><SoldByWeight/><Quantity>750.00</Quantity><UnitOfMeasure>מ"ל</UnitOfMeasure><QtyInPackage>לא ידוע</QtyInPackage><UnitOfMeasurePrice>0.0079</UnitOfMeasurePrice><AllowDiscount>1</AllowDiscount><ItemStatus>1</ItemStatus><ItemPrice>5.90</ItemPrice></item><item><PriceUpdateDate>2015-10-22 09:58:56</PriceUpdateDate><ItemCode>7290000688503</ItemCode><ItemType>1</ItemType><ItemName>שישיית מי עדן 750 מ"</ItemName><ManufacturerName>מי עדן</ManufacturerName><ManufactureCountry>ישראל</ManufactureCountry><ManufacturerItemDescription>מי עדן ספורט</ManufacturerItemDescription><SoldByWeight/><Quantity>4500.00</Quantity><UnitOfMeasure>מ"ל</UnitOfMeasure><QtyInPackage>לא ידוע</QtyInPackage><UnitOfMeasurePrice>0.0048</UnitOfMeasurePrice><AllowDiscount>1</AllowDiscount><ItemStatus>1</ItemStatus><ItemPrice>21.70</ItemPrice></item><item><PriceUpdateDate>2016-05-31 09:30:50</PriceUpdateDate><ItemCode>7290000688732</ItemCode><ItemType>1</ItemType><ItemName>מי עדן שישייה 1.5 לי</ItemName><ManufacturerName>מי עדן</ManufacturerName><ManufactureCountry>ישראל</ManufactureCountry><ManufacturerItemDescription>מי עדן 1.5 ל משפחתי שישיי</ManufacturerItemDescription><SoldByWeight/><Quantity>9000.00</Quantity><UnitOfMeasure>מ"ל</UnitOfMeasure><QtyInPackage>לא ידוע</QtyInPackage><UnitOfMeasurePrice>0.0013</UnitOfMeasurePrice><AllowDiscount>1</AllowDiscount><ItemStatus>1</ItemStatus><ItemPrice>11.50</ItemPrice></item><item><PriceUpdateDate>2016-05-01 07:23:16</PriceUpdateDate><ItemCode>7290000692210</ItemCode><ItemType>1</ItemType><ItemName>אג'קס נוזל לניקוי כל</ItemName><ManufacturerName>אג'קס</ManufacturerName><ManufactureCountry>יוון</ManufactureCountry><ManufacturerItemDescription>אג'קס ניקוי כללילבנדר 2ל</ManufacturerItemDescription><SoldByWeight/><Quantity>2000.00</Quantity><UnitOfMeasure>מ"ל</UnitOfMeasure><QtyInPackage>לא ידוע</QtyInPackage><UnitOfMeasurePrice>0.0151</UnitOfMeasurePrice><AllowDiscount>1</AllowDiscount><ItemStatus>1</ItemStatus><ItemPrice>30.20</ItemPrice></item><item><PriceUpdateDate>2016-03-16 13:25:38</PriceUpdateDate><ItemCode>7290000692937</ItemCode><ItemType>1</ItemType><ItemName>משחת שיניים קולגייט</ItemName><ManufacturerName>קולגייט</ManufacturerName><ManufactureCountry>פולין</ManufactureCountry><ManufacturerItemDescription>ואזלין טהור     גרם</ManufacturerItemDescription><SoldByWeight/><Quantity>200.00</Quantity><UnitOfMeasure>מ"ל</UnitOfMeasure><QtyInPackage>לא ידוע</QtyInPackage><UnitOfMeasurePrice>0.0995</UnitOfMeasurePrice><AllowDiscount>1</AllowDiscount><ItemStatus>1</ItemStatus><ItemPrice>19.90</ItemPrice></item><item><PriceUpdateDate>2016-05-31 09:33:35</PriceUpdateDate><ItemCode>7290001012123</ItemCode><ItemType>1</ItemType><ItemName>מגבוני פרש וואנס קיי</ItemName><ManufacturerName>פרש וואנס</ManufacturerName><ManufactureCountry>ישראל</ManufactureCountry><ManufacturerItemDescription>פרש וואנס מגבונים רביעיה</ManufacturerItemDescription><SoldByWeight/><Quantity>1.00</Quantity><UnitOfMeasure>יח'</UnitOfMeasure><QtyInPackage>לא ידוע</QtyInPackage><UnitOfMeasurePrice>18.7000</UnitOfMeasurePrice><AllowDiscount>1</AllowDiscount><ItemStatus>1</ItemStatus><ItemPrice>18.70</ItemPrice></item><item><PriceUpdateDate>2016-06-13 06:36:31</PriceUpdateDate><ItemCode>7290001045220</ItemCode><ItemType>1</ItemType><ItemName>פרימור סחוט תפוזים 2</ItemName><ManufacturerName>פרימור</ManufacturerName><ManufactureCountry>ישראל</ManufactureCountry><ManufacturerItemDescription>מיץ תפוזים סחוט2 ל</ManufacturerItemDescription><SoldByWeight/><Quantity>2000.00</Quantity><UnitOfMeasure>מ"ל</UnitOfMeasure><QtyInPackage>לא ידוע</QtyInPackage><UnitOfMeasurePrice>0.0124</UnitOfMeasurePrice><AllowDiscount>1</AllowDiscount><ItemStatus>1</ItemStatus><ItemPrice>24.90</ItemPrice></item><item><PriceUpdateDate>2016-06-28 06:23:40</PriceUpdateDate><ItemCode>7290001121672</ItemCode><ItemType>1</ItemType><ItemName>מב פסטרמה מעודנת בפפ</ItemName><ManufacturerName>יחיעם</ManufacturerName><ManufactureCountry>ישראל</ManufactureCountry><ManufacturerItemDescription>מב פסטרמה מעודנת בפפ</ManufacturerItemDescription><SoldByWeight/><Quantity>300.00</Quantity><UnitOfMeasure>גרם     </UnitOfMeasure><QtyInPackage>לא ידוע</QtyInPackage><UnitOfMeasurePrice>0.0630</UnitOfMeasurePrice><AllowDiscount>1</AllowDiscount><ItemStatus>1</ItemStatus><ItemPrice>18.90</ItemPrice></item><item><PriceUpdateDate>2016-08-02 06:36:16</PriceUpdateDate><ItemCode>7290001121788</ItemCode><ItemType>1</ItemType><ItemName>מב נקניקיות עוף טבעי</ItemName><ManufacturerName>יחיעם</ManufacturerName><ManufactureCountry>ישראל</ManufactureCountry><ManufacturerItemDescription>מב נקניקיות עוף טבעי</ManufacturerItemDescription><SoldByWeight/><Quantity>400.00</Quantity><UnitOfMeasure>גרם     </UnitOfMeasure><QtyInPackage>לא ידוע</QtyInPackage><UnitOfMeasurePrice>0.0348</UnitOfMeasurePrice><AllowDiscount>1</AllowDiscount><ItemStatus>1</ItemStatus><ItemPrice>13.90</ItemPrice></item><item><PriceUpdateDate>2016-05-31 09:30:51</PriceUpdateDate><ItemCode>7290001121795</ItemCode><ItemType>1</ItemType><ItemName>נקניקיות עוף חריפות</ItemName><ManufacturerName>יחיעם</ManufacturerName><ManufactureCountry>ישראל</ManufactureCountry><ManufacturerItemDescription>נקניקיות עוף חריפות</ManufacturerItemDescription><SoldByWeight/><Quantity>400.00</Quantity><UnitOfMeasure>גרם     </UnitOfMeasure><QtyInPackage>לא ידוע</QtyInPackage><UnitOfMeasurePrice>0.0313</UnitOfMeasurePrice><AllowDiscount>1</AllowDiscount><ItemStatus>1</ItemStatus><ItemPrice>12.50</ItemPrice></item><item><PriceUpdateDate>2016-08-02 06:36:16</PriceUpdateDate><ItemCode>7290001121979</ItemCode><ItemType>1</ItemType><ItemName>מב סלמי הרץ  יחיעם 1</ItemName><ManufacturerName>לא ממותג</ManufacturerName><ManufactureCountry>ישראל</ManufactureCountry><ManufacturerItemDescription>סלמי הרץ 150 גר</ManufacturerItemDescription><SoldByWeight/><Quantity>150.00</Quantity><UnitOfMeasure>גרם     </UnitOfMeasure><QtyInPackage>לא ידוע</QtyInPackage><UnitOfMeasurePrice>0.1460</UnitOfMeasurePrice><AllowDiscount>1</AllowDiscount><ItemStatus>1</ItemStatus><ItemPrice>21.90</ItemPrice></item><item><PriceUpdateDate>2016-05-31 09:30:51</PriceUpdateDate><ItemCode>7290001124536</ItemCode><ItemType>1</ItemType><ItemName>מג'יק ארוחת אטריות ט</ItemName><ManufacturerName>מג'יק</ManufacturerName><ManufactureCountry>ישראל</ManufactureCountry><ManufacturerItemDescription>תבשילמגיק בכוס אטריות+תיר</ManufacturerItemDescription><SoldByWeight/><Quantity>14.00</Quantity><UnitOfMeasure>גרם     </UnitOfMeasure><QtyInPackage>לא ידוע</QtyInPackage><UnitOfMeasurePrice>0.4857</UnitOfMeasurePrice><AllowDiscount>1</AllowDiscount><ItemStatus>1</ItemStatus><ItemPrice>6.80</ItemPrice></item><item><PriceUpdateDate>2016-08-02 06:36:17</PriceUpdateDate><ItemCode>7290001136287</ItemCode><ItemType>1</ItemType><ItemName>מב שמפו נקה-7 רגיל 7</ItemName><ManufacturerName>נקה 7</ManufacturerName><ManufactureCountry>ישראל</ManufactureCountry><ManufacturerItemDescription>מב שמפו נקה-7 רגיל 7</ManufacturerItemDescription><SoldByWeight/><Quantity>750.00</Quantity><UnitOfMeasure>מ"ל</UnitOfMeasure><QtyInPackage>לא ידוע</QtyInPackage><UnitOfMeasurePrice>0.0145</UnitOfMeasurePrice><AllowDiscount>0</AllowDiscount><ItemStatus>1</ItemStatus><ItemPrice>10.90</ItemPrice></item><item><PriceUpdateDate>2015-01-27 06:48:24</PriceUpdateDate><ItemCode>7290001209264</ItemCode><ItemType>1</ItemType><ItemName>בקר טחון 100% עטרה 5</ItemName><ManufacturerName>עטרה</ManufacturerName><ManufactureCountry>ישראל</ManufactureCountry><ManufacturerItemDescription>בקר טחון 100% עטרה 5</ManufacturerItemDescription><SoldByWeight/><Quantity>500.00</Quantity><UnitOfMeasure>גרם     </UnitOfMeasure><QtyInPackage>לא ידוע</QtyInPackage><UnitOfMeasurePrice>0.0660</UnitOfMeasurePrice><AllowDiscount>1</AllowDiscount><ItemStatus>1</ItemStatus><ItemPrice>33.00</ItemPrice></item><item><PriceUpdateDate>2016-08-03 07:24:08</PriceUpdateDate><ItemCode>7290001231932</ItemCode><ItemType>1</ItemType><ItemName>ס.וינסטון לייט בודד</ItemName><ManufacturerName>וינסטון</ManufacturerName><ManufactureCountry>ישראל</ManufactureCountry><ManufacturerItemDescription>ס.וינסטון לייט בודד</ManufacturerItemDescription><SoldByWeight/><Quantity>0.00</Quantity><UnitOfMeasure>יח'</UnitOfMeasure><QtyInPackage>לא ידוע</QtyInPackage><UnitOfMeasurePrice>0.0000</UnitOfMeasurePrice><AllowDiscount>1</AllowDiscount><ItemStatus>1</ItemStatus><ItemPrice>30.50</ItemPrice></item><item><PriceUpdateDate>2016-08-03 07:24:08</PriceUpdateDate><ItemCode>7290001234133</ItemCode><ItemType>1</ItemType><ItemName>ס.כאמל כתום בודד</ItemName><ManufacturerName>לא ממותג</ManufacturerName><ManufactureCountry>ישראל</ManufactureCountry><ManufacturerItemDescription>ס.כאמל כתום בודד</ManufacturerItemDescription><SoldByWeight/><Quantity>0.00</Quantity><UnitOfMeasure>יח'</UnitOfMeasure><QtyInPackage>לא ידוע</QtyInPackage><UnitOfMeasurePrice>0.0000</UnitOfMeasurePrice><AllowDiscount>1</AllowDiscount><ItemStatus>1</ItemStatus><ItemPrice>30.50</ItemPrice></item><item><PriceUpdateDate>2016-05-31 09:33:36</PriceUpdateDate><ItemCode>7290001247051</ItemCode><ItemType>1</ItemType><ItemName>קריסטל למון ליים 2 ל</ItemName><ManufacturerName>קריסטל למון ליים</ManufacturerName><ManufactureCountry>ישראל</ManufactureCountry><ManufacturerItemDescription>קריסטל למון ליים 2 ל</ManufacturerItemDescription><SoldByWeight/><Quantity>2000.00</Quantity><UnitOfMeasure>מ"ל</UnitOfMeasure><QtyInPackage>לא ידוע</QtyInPackage><UnitOfMeasurePrice>0.0019</UnitOfMeasurePrice><AllowDiscount>0</AllowDiscount><ItemStatus>1</ItemStatus><ItemPrice>3.70</ItemPrice></item><item><PriceUpdateDate>2016-05-01 07:23:17</PriceUpdateDate><ItemCode>7290001247068</ItemCode><ItemType>1</ItemType><ItemName>נקטר ספרינג תות בננה</ItemName><ManufacturerName>ספרינג</ManufacturerName><ManufactureCountry>ישראל</ManufactureCountry><ManufacturerItemDescription>ספרינג נקטר תות בננה 1 לק</ManufacturerItemDescription><SoldByWeight/><Quantity>1000.00</Quantity><UnitOfMeasure>מ"ל</UnitOfMeasure><QtyInPackage>לא ידוע</QtyInPackage><UnitOfMeasurePrice>0.0067</UnitOfMeasurePrice><AllowDiscount>1</AllowDiscount><ItemStatus>1</ItemStatus><ItemPrice>6.70</ItemPrice></item><item><PriceUpdateDate>2016-05-01 07:23:17</PriceUpdateDate><ItemCode>7290001247099</ItemCode><ItemType>1</ItemType><ItemName>נקטר ספרינג מנגו קרט</ItemName><ManufacturerName>ספרינג</ManufacturerName><ManufactureCountry>ישראל</ManufactureCountry><ManufacturerItemDescription>ספרינג נקטר מנגו 1 ל -קרט</ManufacturerItemDescription><SoldByWeight/><Quantity>1000.00</Quantity><UnitOfMeasure>מ"ל</UnitOfMeasure><QtyInPackage>לא ידוע</QtyInPackage><UnitOfMeasurePrice>0.0067</UnitOfMeasurePrice><AllowDiscount>1</AllowDiscount><ItemStatus>1</ItemStatus><ItemPrice>6.70</ItemPrice></item><item><PriceUpdateDate>2016-05-01 07:23:17</PriceUpdateDate><ItemCode>7290001247105</ItemCode><ItemType>1</ItemType><ItemName>נקטר ספרינג אפרסק קר</ItemName><ManufacturerName>ספרינג</ManufacturerName><ManufactureCountry>ישראל</ManufactureCountry><ManufacturerItemDescription>ספרינג נקטר אפרסק 1 ל-קרט</ManufacturerItemDescription><SoldByWeight/><Quantity>1000.00</Quantity><UnitOfMeasure>מ"ל</UnitOfMeasure><QtyInPackage>לא ידוע</QtyInPackage><UnitOfMeasurePrice>0.0067</UnitOfMeasurePrice><AllowDiscount>1</AllowDiscount><ItemStatus>1</ItemStatus><ItemPrice>6.70</ItemPrice></item><item><PriceUpdateDate>2016-05-01 07:23:17</PriceUpdateDate><ItemCode>7290001247129</ItemCode><ItemType>1</ItemType><ItemName>נקטר ספרינג תפוזים ק</ItemName><ManufacturerName>ספרינג</ManufacturerName><ManufactureCountry>ישראל</ManufactureCountry><ManufacturerItemDescription>ספרינג נקטר תפוזים 1 ל-קר</ManufacturerItemDescription><SoldByWeight/><Quantity>1000.00</Quantity><UnitOfMeasure>מ"ל</UnitOfMeasure><QtyInPackage>לא ידוע</QtyInPackage><UnitOfMeasurePrice>0.0067</UnitOfMeasurePrice><AllowDiscount>1</AllowDiscount><ItemStatus>1</ItemStatus><ItemPrice>6.70</ItemPrice></item><item><PriceUpdateDate>2016-05-01 07:23:17</PriceUpdateDate><ItemCode>7290001247143</ItemCode><ItemType>1</ItemType><ItemName>נקטר ספרינג תפוחים ק</ItemName><ManufacturerName>ספרינג</ManufacturerName><ManufactureCountry>ישראל</ManufactureCountry><ManufacturerItemDescription>ספרינג נקטר תפוחים 1 ל קר</ManufacturerItemDescription><SoldByWeight/><Quantity>1000.00</Quantity><UnitOfMeasure>מ"ל</UnitOfMeasure><QtyInPackage>לא ידוע</QtyInPackage><UnitOfMeasurePrice>0.0067</UnitOfMeasurePrice><AllowDiscount>1</AllowDiscount><ItemStatus>1</ItemStatus><ItemPrice>6.70</ItemPrice></item><item><PriceUpdateDate>2016-05-31 09:33:36</PriceUpdateDate><ItemCode>7290001247211</ItemCode><ItemType>1</ItemType><ItemName>קריסטל ענבים מוגז 2</ItemName><ManufacturerName>קריסטל ענבים</ManufacturerName><ManufactureCountry>ישראל</ManufactureCountry><ManufacturerItemDescription>קריסטל ענבים מוגז 2</ManufacturerItemDescription><SoldByWeight/><Quantity>2000.00</Quantity><UnitOfMeasure>מ"ל</UnitOfMeasure><QtyInPackage>לא ידוע</QtyInPackage><UnitOfMeasurePrice>0.0019</UnitOfMeasurePrice><AllowDiscount>0</AllowDiscount><ItemStatus>1</ItemStatus><ItemPrice>3.70</ItemPrice></item><item><PriceUpdateDate>2016-05-31 09:33:36</PriceUpdateDate><ItemCode>7290001305188</ItemCode><ItemType>1</ItemType><ItemName>נוזל כלים פלמוליב צה</ItemName><ManufacturerName>פלמוליב</ManufacturerName><ManufactureCountry>יוון</ManufactureCountry><ManufacturerItemDescription>פלמוליב כלים לימון 750 מל</ManufacturerItemDescription><SoldByWeight/><Quantity>750.00</Quantity><UnitOfMeasure>מ"ל</UnitOfMeasure><QtyInPackage>לא ידוע</QtyInPackage><UnitOfMeasurePrice>0.0132</UnitOfMeasurePrice><AllowDiscount>1</AllowDiscount><ItemStatus>1</ItemStatus><ItemPrice>9.90</ItemPrice></item><item><PriceUpdateDate>2016-08-02 06:31:19</PriceUpdateDate><ItemCode>7290001327180</ItemCode><ItemType>1</ItemType><ItemName>גלידות קרמיסימו וניל</ItemName><ManufacturerName>קרמיסימו</ManufacturerName><ManufactureCountry>ישראל</ManufactureCountry><ManufacturerItemDescription>קרמיסימו וניל ציפס 1.33 ל</ManufacturerItemDescription><SoldByWeight/><Quantity>1330.00</Quantity><UnitOfMeasure>מ"ל</UnitOfMeasure><QtyInPackage>לא ידוע</QtyInPackage><UnitOfMeasurePrice>0.0150</UnitOfMeasurePrice><AllowDiscount>1</AllowDiscount><ItemStatus>1</ItemStatus><ItemPrice>19.90</ItemPrice></item><item><PriceUpdateDate>2016-08-02 06:31:19</PriceUpdateDate><ItemCode>7290001327197</ItemCode><ItemType>1</ItemType><ItemName>גלידות קרמיסימו שוקו</ItemName><ManufacturerName>קרמיסימו</ManufacturerName><ManufactureCountry>ישראל</ManufactureCountry><ManufacturerItemDescription>קרמיסימו שוקו וניל</ManufacturerItemDescription><SoldByWeight/><Quantity>1330.00</Quantity><UnitOfMeasure>מ"ל</UnitOfMeasure><QtyInPackage>לא ידוע</QtyInPackage><UnitOfMeasurePrice>0.0150</UnitOfMeasurePrice><AllowDiscount>1</AllowDiscount><ItemStatus>1</ItemStatus><ItemPrice>19.90</ItemPrice></item><item><PriceUpdateDate>2016-08-02 06:31:19</PriceUpdateDate><ItemCode>7290001327227</ItemCode><ItemType>1</ItemType><ItemName>גלידות קרמיסימו ריבת</ItemName><ManufacturerName>קרמיסימו</ManufacturerName><ManufactureCountry>ישראל</ManufactureCountry><ManufacturerItemDescription>קרמיסימו ריבת חלב</ManufacturerItemDescription><SoldByWeight/><Quantity>1330.00</Quantity><UnitOfMeasure>מ"ל</UnitOfMeasure><QtyInPackage>לא ידוע</QtyInPackage><UnitOfMeasurePrice>0.0150</UnitOfMeasurePrice><AllowDiscount>1</AllowDiscount><ItemStatus>1</ItemStatus><ItemPrice>19.90</ItemPrice></item><item><PriceUpdateDate>2016-06-28 06:23:41</PriceUpdateDate><ItemCode>7290001327838</ItemCode><ItemType>1</ItemType><ItemName>מב מאגדת מיני מגנום</ItemName><ManufacturerName>מגנום-גלידה</ManufacturerName><ManufactureCountry>ישראל</ManufactureCountry><ManufacturerItemDescription>מאגדת מיני מגנום וניל</ManufacturerItemDescription><SoldByWeight/><Quantity>270.00</Quantity><UnitOfMeasure>גרם     </UnitOfMeasure><QtyInPackage>לא ידוע</QtyInPackage><UnitOfMeasurePrice>0.0922</UnitOfMeasurePrice><AllowDiscount>1</AllowDiscount><ItemStatus>1</ItemStatus><ItemPrice>24.90</ItemPrice></item><item><PriceUpdateDate>2016-08-02 06:36:17</PriceUpdateDate><ItemCode>7290001407547</ItemCode><ItemType>1</ItemType><ItemName>מב טחינה בארכה משומש</ItemName><ManufacturerName>בארכה</ManufacturerName><ManufactureCountry>ישראל</ManufactureCountry><ManufacturerItemDescription>מב טחינה בארכה משומש</ManufacturerItemDescription><SoldByWeight/><Quantity>500.00</Quantity><UnitOfMeasure>גרם     </UnitOfMeasure><QtyInPackage>לא ידוע</QtyInPackage><UnitOfMeasurePrice>0.0278</UnitOfMeasurePrice><AllowDiscount>1</AllowDiscount><ItemStatus>1</ItemStatus><ItemPrice>13.90</ItemPrice></item><item><PriceUpdateDate>2016-08-02 06:36:17</PriceUpdateDate><ItemCode>7290001407769</ItemCode><ItemType>1</ItemType><ItemName>מב טחינה בארכה משומש</ItemName><ManufacturerName>בארכה</ManufacturerName><ManufactureCountry>ישראל</ManufactureCountry><ManufacturerItemDescription>טחינה משומשום מלא 500 גרם</ManufacturerItemDescription><SoldByWeight/><Quantity>500.00</Quantity><UnitOfMeasure>גרם     </UnitOfMeasure><QtyInPackage>לא ידוע</QtyInPackage><UnitOfMeasurePrice>0.0278</UnitOfMeasurePrice><AllowDiscount>1</AllowDiscount><ItemStatus>1</ItemStatus><ItemPrice>13.90</ItemPrice></item><item><PriceUpdateDate>2016-07-18 06:59:40</PriceUpdateDate><ItemCode>7290001407936</ItemCode><ItemType>1</ItemType><ItemName>בארכה טחינה מעודנת</ItemName><ManufacturerName>בארכה</ManufacturerName><ManufactureCountry>לא ידוע</ManufactureCountry><ManufacturerItemDescription>בארכה טחינה מעודנת</ManufacturerItemDescription><SoldByWeight/><Quantity>310.00</Quantity><UnitOfMeasure>גרם     </UnitOfMeasure><QtyInPackage>לא ידוע</QtyInPackage><UnitOfMeasurePrice>0.0352</UnitOfMeasurePrice><AllowDiscount>1</AllowDiscount><ItemStatus>1</ItemStatus><ItemPrice>10.90</ItemPrice></item><item><PriceUpdateDate>2016-08-10 11:21:59</PriceUpdateDate><ItemCode>7290001419762</ItemCode><ItemType>1</ItemType><ItemName>גביעי גלידה מתוקים 3</ItemName><ManufacturerName>"המותג"</ManufacturerName><ManufactureCountry>לא ידוע</ManufactureCountry><ManufacturerItemDescription>גביעי גלידה מתוקים 3</ManufacturerItemDescription><SoldByWeight/><Quantity>30.00</Quantity><UnitOfMeasure>יח'</UnitOfMeasure><QtyInPackage>לא ידוע</QtyInPackage><UnitOfMeasurePrice>0.2833</UnitOfMeasurePrice><AllowDiscount>1</AllowDiscount><ItemStatus>1</ItemStatus><ItemPrice>8.50</ItemPrice></item><item><PriceUpdateDate>2015-06-16 09:57:32</PriceUpdateDate><ItemCode>7290001419816</ItemCode><ItemType>1</ItemType><ItemName>גביעי גלידה מגולגלים</ItemName><ManufacturerName>"המותג"</ManufacturerName><ManufactureCountry>לא ידוע</ManufactureCountry><ManufacturerItemDescription>גביעי גלידה מגולגלים</ManufacturerItemDescription><SoldByWeight/><Quantity>12.00</Quantity><UnitOfMeasure>יח'</UnitOfMeasure><QtyInPackage>לא ידוע</QtyInPackage><UnitOfMeasurePrice>1.0750</UnitOfMeasurePrice><AllowDiscount>1</AllowDiscount><ItemStatus>1</ItemStatus><ItemPrice>12.90</ItemPrice></item><item><PriceUpdateDate>2015-10-13 09:48:12</PriceUpdateDate><ItemCode>7290001594155</ItemCode><ItemType>1</ItemType><ItemName>קוקה קולה 0.5 ליטר.</ItemName><ManufacturerName>קוקה קולה</ManufacturerName><ManufactureCountry>ישראל</ManufactureCountry><ManufacturerItemDescription>קוקה קולה500 מל</ManufacturerItemDescription><SoldByWeight/><Quantity>500.00</Quantity><UnitOfMeasure>מ"ל</UnitOfMeasure><QtyInPackage>לא ידוע</QtyInPackage><UnitOfMeasurePrice>0.0146</UnitOfMeasurePrice><AllowDiscount>1</AllowDiscount><ItemStatus>1</ItemStatus><ItemPrice>7.30</ItemPrice></item><item><PriceUpdateDate>2015-11-17 07:39:02</PriceUpdateDate><ItemCode>7290001648995</ItemCode><ItemType>1</ItemType><ItemName>מארז קפה רג'ואן  3*1</ItemName><ManufacturerName>לא ממותג</ManufacturerName><ManufactureCountry>ישראל</ManufactureCountry><ManufacturerItemDescription>מארז קפה רג'ואן  3*1</ManufacturerItemDescription><SoldByWeight/><Quantity>300.00</Quantity><UnitOfMeasure>גרם     </UnitOfMeasure><QtyInPackage>לא ידוע</QtyInPackage><UnitOfMeasurePrice>0.0677</UnitOfMeasurePrice><AllowDiscount>1</AllowDiscount><ItemStatus>1</ItemStatus><ItemPrice>20.30</ItemPrice></item><item><PriceUpdateDate>2016-06-27 19:05:44</PriceUpdateDate><ItemCode>7290001670071</ItemCode><ItemType>1</ItemType><ItemName>כף חד פעמי לבן 100 י</ItemName><ManufacturerName>הנמל</ManufacturerName><ManufactureCountry>ישראל</ManufactureCountry><ManufacturerItemDescription>כף חד פעמי לבן 100 י</ManufacturerItemDescription><SoldByWeight/><Quantity>100.00</Quantity><UnitOfMeasure>בודד</UnitOfMeasure><QtyInPackage>לא ידוע</QtyInPackage><UnitOfMeasurePrice>0.0990</UnitOfMeasurePrice><AllowDiscount>1</AllowDiscount><ItemStatus>1</ItemStatus><ItemPrice>9.90</ItemPrice></item><item><PriceUpdateDate>2015-11-17 07:39:02</PriceUpdateDate><ItemCode>7290001670736</ItemCode><ItemType>1</ItemType><ItemName>כפפות ניילון שקוף 10</ItemName><ManufacturerName>הנמל</ManufacturerName><ManufactureCountry>ישראל</ManufactureCountry><ManufacturerItemDescription>כפפות ניילון שקוף 10</ManufacturerItemDescription><SoldByWeight/><Quantity>0.00</Quantity><UnitOfMeasure>יח'</UnitOfMeasure><QtyInPackage>לא ידוע</QtyInPackage><UnitOfMeasurePrice>0.0000</UnitOfMeasurePrice><AllowDiscount>1</AllowDiscount><ItemStatus>1</ItemStatus><ItemPrice>6.40</ItemPrice></item><item><PriceUpdateDate>2016-05-31 09:33:37</PriceUpdateDate><ItemCode>7290001670873</ItemCode><ItemType>1</ItemType><ItemName>צלחות חד פעמיותבמשקל</ItemName><ManufacturerName>הנמל</ManufacturerName><ManufactureCountry>ישראל</ManufactureCountry><ManufacturerItemDescription>צלחות ח.פ .קשיח 1 קג</ManufacturerItemDescription><SoldByWeight/><Quantity>66.00</Quantity><UnitOfMeasure>בודד</UnitOfMeasure><QtyInPackage>לא ידוע</QtyInPackage><UnitOfMeasurePrice>0.3470</UnitOfMeasurePrice><AllowDiscount>1</AllowDiscount><ItemStatus>1</ItemStatus><ItemPrice>22.90</ItemPrice></item><item><PriceUpdateDate>2015-07-19 06:50:49</PriceUpdateDate><ItemCode>7290001779057</ItemCode><ItemType>1</ItemType><ItemName>טילון אקסטרים ענק רי</ItemName><ManufacturerName>אקסטרים</ManufacturerName><ManufactureCountry>ישראל</ManufactureCountry><ManufacturerItemDescription>אקסטרים ענק ריבת חלב</ManufacturerItemDescription><SoldByWeight/><Quantity>1.00</Quantity><UnitOfMeasure>יח'</UnitOfMeasure><QtyInPackage>לא ידוע</QtyInPackage><UnitOfMeasurePrice>9.9000</UnitOfMeasurePrice><AllowDiscount>1</AllowDiscount><ItemStatus>1</ItemStatus><ItemPrice>9.90</ItemPrice></item><item><PriceUpdateDate>2015-11-17 07:39:03</PriceUpdateDate><ItemCode>7290001780138</ItemCode><ItemType>1</ItemType><ItemName>קראנץ' בציפוי שוקולד</ItemName><ManufacturerName>קראנץ-גלידה</ManufacturerName><ManufactureCountry>ישראל</ManufactureCountry><ManufacturerItemDescription>קראנץ</ManufacturerItemDescription><SoldByWeight/><Quantity>1.00</Quantity><UnitOfMeasure>יח'</UnitOfMeasure><QtyInPackage>לא ידוע</QtyInPackage><UnitOfMeasurePrice>8.9000</UnitOfMeasurePrice><AllowDiscount>1</AllowDiscount><ItemStatus>1</ItemStatus><ItemPrice>8.90</ItemPrice></item><item><PriceUpdateDate>2016-06-27 19:05:45</PriceUpdateDate><ItemCode>7290001791349</ItemCode><ItemType>1</ItemType><ItemName>סנו אקונומיקה פיסגה</ItemName><ManufacturerName>פיסגה סנו</ManufacturerName><ManufactureCountry>ישראל</ManufactureCountry><ManufacturerItemDescription>סנו אקונומיקה פיסגה</ManufacturerItemDescription><SoldByWeight/><Quantity>4000.00</Quantity><UnitOfMeasure>מ"ל</UnitOfMeasure><QtyInPackage>לא ידוע</QtyInPackage><UnitOfMeasurePrice>0.0030</UnitOfMeasurePrice><AllowDiscount>1</AllowDiscount><ItemStatus>1</ItemStatus><ItemPrice>11.90</ItemPrice></item><item><PriceUpdateDate>2016-02-16 10:18:31</PriceUpdateDate><ItemCode>7290001814222</ItemCode><ItemType>1</ItemType><ItemName>שוקולד פרה עדשים 100</ItemName><ManufacturerName>פרה</ManufacturerName><ManufactureCountry>ישראל</ManufactureCountry><ManufacturerItemDescription>שוקולד פרה עדשים 100 גר</ManufacturerItemDescription><SoldByWeight/><Quantity>100.00</Quantity><UnitOfMeasure>גרם     </UnitOfMeasure><QtyInPackage>לא ידוע</QtyInPackage><UnitOfMeasurePrice>0.0690</UnitOfMeasurePrice><AllowDiscount>0</AllowDiscount><ItemStatus>1</ItemStatus><ItemPrice>6.90</ItemPrice></item><item><PriceUpdateDate>2015-10-13 09:48:12</PriceUpdateDate><ItemCode>7290001817377</ItemCode><ItemType>1</ItemType><ItemName>צ'יטוס פיצה 60 גרם</ItemName><ManufacturerName>צ'יטוס</ManufacturerName><ManufactureCountry>ישראל</ManufactureCountry><ManufacturerItemDescription>צ'יטוס פיצה 60 גרם</ManufacturerItemDescription><SoldByWeight/><Quantity>14.00</Quantity><UnitOfMeasure>גרם     </UnitOfMeasure><QtyInPackage>לא ידוע</QtyInPackage><UnitOfMeasurePrice>0.3071</UnitOfMeasurePrice><AllowDiscount>1</AllowDiscount><ItemStatus>1</ItemStatus><ItemPrice>4.30</ItemPrice></item><item><PriceUpdateDate>2015-10-13 09:48:13</PriceUpdateDate><ItemCode>7290001817728</ItemCode><ItemType>1</ItemType><ItemName>צ'יטוס כאפה קטשופ 55</ItemName><ManufacturerName>צ'יטוס</ManufacturerName><ManufactureCountry>ישראל</ManufactureCountry><ManufacturerItemDescription>צ'יטוס כאפה קטשופ 55</ManufacturerItemDescription><SoldByWeight/><Quantity>14.00</Quantity><UnitOfMeasure>גרם     </UnitOfMeasure><QtyInPackage>לא ידוע</QtyInPackage><UnitOfMeasurePrice>0.3071</UnitOfMeasurePrice><AllowDiscount>1</AllowDiscount><ItemStatus>1</ItemStatus><ItemPrice>4.30</ItemPrice></item><item><PriceUpdateDate>2016-08-02 06:31:20</PriceUpdateDate><ItemCode>7290001865439</ItemCode><ItemType>1</ItemType><ItemName>מב אל סבון נוזלי פמל</ItemName><ManufacturerName>פמילי</ManufacturerName><ManufactureCountry>ישראל</ManufactureCountry><ManufacturerItemDescription>פמילי אלסבון נוזלי וניל+מ</ManufacturerItemDescription><SoldByWeight/><Quantity>1000.00</Quantity><UnitOfMeasure>מ"ל</UnitOfMeasure><QtyInPackage>לא ידוע</QtyInPackage><UnitOfMeasurePrice>0.0129</UnitOfMeasurePrice><AllowDiscount>1</AllowDiscount><ItemStatus>1</ItemStatus><ItemPrice>12.90</ItemPrice></item><item><PriceUpdateDate>2016-08-02 06:31:20</PriceUpdateDate><ItemCode>7290001865460</ItemCode><ItemType>1</ItemType><ItemName>מב אל סבון נוזלי פמל</ItemName><ManufacturerName>פמילי</ManufacturerName><ManufactureCountry>ישראל</ManufactureCountry><ManufacturerItemDescription>מב אל סבון נוזלי פמל</ManufacturerItemDescription><SoldByWeight/><Quantity>1000.00</Quantity><UnitOfMeasure>מ"ל</UnitOfMeasure><QtyInPackage>לא ידוע</QtyInPackage><UnitOfMeasurePrice>0.0129</UnitOfMeasurePrice><AllowDiscount>1</AllowDiscount><ItemStatus>1</ItemStatus><ItemPrice>12.90</ItemPrice></item><item><PriceUpdateDate>2016-02-10 10:14:55</PriceUpdateDate><ItemCode>7290001901670</ItemCode><ItemType>1</ItemType><ItemName>גפילטע פיש לייט ללא</ItemName><ManufacturerName>הדג המיוחד</ManufacturerName><ManufactureCountry>לא ידוע</ManufactureCountry><ManufacturerItemDescription>גפילטע פיש לייט ללא</ManufacturerItemDescription><SoldByWeight/><Quantity>575.00</Quantity><UnitOfMeasure>גרם     </UnitOfMeasure><QtyInPackage>לא ידוע</QtyInPackage><UnitOfMeasurePrice>0.0381</UnitOfMeasurePrice><AllowDiscount>1</AllowDiscount><ItemStatus>1</ItemStatus><ItemPrice>21.90</ItemPrice></item><item><PriceUpdateDate>2016-06-28 06:23:41</PriceUpdateDate><ItemCode>7290001985311</ItemCode><ItemType>1</ItemType><ItemName>מב מאגדת מיני מגנום</ItemName><ManufacturerName>מגנום-גלידה</ManufacturerName><ManufactureCountry>ישראל</ManufactureCountry><ManufacturerItemDescription>מאגדת מיני מאגנום שקדים</ManufacturerItemDescription><SoldByWeight/><Quantity>270.00</Quantity><UnitOfMeasure>גרם     </UnitOfMeasure><QtyInPackage>לא ידוע</QtyInPackage><UnitOfMeasurePrice>0.0922</UnitOfMeasurePrice><AllowDiscount>1</AllowDiscount><ItemStatus>1</ItemStatus><ItemPrice>24.90</ItemPrice></item><item><PriceUpdateDate>2016-01-05 06:03:53</PriceUpdateDate><ItemCode>7290001990094</ItemCode><ItemType>1</ItemType><ItemName>סוכר חום סוגת 1 ק"ג</ItemName><ManufacturerName>סוגת</ManufacturerName><ManufactureCountry>ישראל</ManufactureCountry><ManufacturerItemDescription>סוכר חום צנצנת 1 קג</ManufacturerItemDescription><SoldByWeight/><Quantity>1000.00</Quantity><UnitOfMeasure>גרם     </UnitOfMeasure><QtyInPackage>לא ידוע</QtyInPackage><UnitOfMeasurePrice>0.0150</UnitOfMeasurePrice><AllowDiscount>1</AllowDiscount><ItemStatus>1</ItemStatus><ItemPrice>15.00</ItemPrice></item><item><PriceUpdateDate>2016-08-10 11:21:41</PriceUpdateDate><ItemCode>7290001990117</ItemCode><ItemType>1</ItemType><ItemName>שומשום סוגת 100 גרם</ItemName><ManufacturerName>סוגת</ManufacturerName><ManufactureCountry>ישראל</ManufactureCountry><ManufacturerItemDescription>שומשום 100 גרם</ManufacturerItemDescription><SoldByWeight/><Quantity>100.00</Quantity><UnitOfMeasure>גרם     </UnitOfMeasure><QtyInPackage>לא ידוע</QtyInPackage><UnitOfMeasurePrice>0.0490</UnitOfMeasurePrice><AllowDiscount>1</AllowDiscount><ItemStatus>1</ItemStatus><ItemPrice>4.90</ItemPrice></item><item><PriceUpdateDate>2015-11-17 07:39:03</PriceUpdateDate><ItemCode>7290001990148</ItemCode><ItemType>1</ItemType><ItemName>סוכר גולדן קלאסי 1ק"</ItemName><ManufacturerName>סוגת</ManufacturerName><ManufactureCountry>ישראל</ManufactureCountry><ManufacturerItemDescription>סוכר גולדן קלאסי 1 קג</ManufacturerItemDescription><SoldByWeight/><Quantity>1000.00</Quantity><UnitOfMeasure>גרם     </UnitOfMeasure><QtyInPackage>לא ידוע</QtyInPackage><UnitOfMeasurePrice>0.0141</UnitOfMeasurePrice><AllowDiscount>1</AllowDiscount><ItemStatus>1</ItemStatus><ItemPrice>14.10</ItemPrice></item><item><PriceUpdateDate>2015-01-27 06:47:37</PriceUpdateDate><ItemCode>7290002007005</ItemCode><ItemType>1</ItemType><ItemName>פרג טחון הנמל 100 גר</ItemName><ManufacturerName>הנמל</ManufacturerName><ManufactureCountry>ישראל</ManufactureCountry><ManufacturerItemDescription>פרג טחון100 גר</ManufacturerItemDescription><SoldByWeight/><Quantity>100.00</Quantity><UnitOfMeasure>גרם     </UnitOfMeasure><QtyInPackage>לא ידוע</QtyInPackage><UnitOfMeasurePrice>0.0750</UnitOfMeasurePrice><AllowDiscount>1</AllowDiscount><ItemStatus>1</ItemStatus><ItemPrice>7.50</ItemPrice></item><item><PriceUpdateDate>2016-08-10 11:21:41</PriceUpdateDate><ItemCode>7290002007029</ItemCode><ItemType>1</ItemType><ItemName>קוקוס 100 גרם</ItemName><ManufacturerName>הנמל</ManufacturerName><ManufactureCountry>ישראל</ManufactureCountry><ManufacturerItemDescription>קוקוס 100 גרם</ManufacturerItemDescription><SoldByWeight/><Quantity>100.00</Quantity><UnitOfMeasure>גרם     </UnitOfMeasure><QtyInPackage>לא ידוע</QtyInPackage><UnitOfMeasurePrice>0.0440</UnitOfMeasurePrice><AllowDiscount>1</AllowDiscount><ItemStatus>1</ItemStatus><ItemPrice>4.40</ItemPrice></item><item><PriceUpdateDate>2015-10-22 09:58:57</PriceUpdateDate><ItemCode>7290002007234</ItemCode><ItemType>1</ItemType><ItemName>אבקת סוכר הנמל 100 ג</ItemName><ManufacturerName>הנמל</ManufacturerName><ManufactureCountry>ישראל</ManufactureCountry><ManufacturerItemDescription>אבקת סוכר100 גר</ManufacturerItemDescription><SoldByWeight/><Quantity>100.00</Quantity><UnitOfMeasure>גרם     </UnitOfMeasure><QtyInPackage>לא ידוע</QtyInPackage><UnitOfMeasurePrice>0.0250</UnitOfMeasurePrice><AllowDiscount>1</AllowDiscount><ItemStatus>1</ItemStatus><ItemPrice>2.50</ItemPrice></item><item><PriceUpdateDate>2015-11-17 07:39:04</PriceUpdateDate><ItemCode>7290002007241</ItemCode><ItemType>1</ItemType><ItemName>סודה לשתיה הנמל 50 ג</ItemName><ManufacturerName>הנמל</ManufacturerName><ManufactureCountry>ישראל</ManufactureCountry><ManufacturerItemDescription>אבקת סודה לשתיה50 גר</ManufacturerItemDescription><SoldByWeight/><Quantity>14.00</Quantity><UnitOfMeasure>גרם     </UnitOfMeasure><QtyInPackage>לא ידוע</QtyInPackage><UnitOfMeasurePrice>0.1357</UnitOfMeasurePrice><AllowDiscount>1</AllowDiscount><ItemStatus>1</ItemStatus><ItemPrice>1.90</ItemPrice></item><item><PriceUpdateDate>2016-08-10 11:21:42</PriceUpdateDate><ItemCode>7290002007487</ItemCode><ItemType>1</ItemType><ItemName>צמר פלדה 100 גרם</ItemName><ManufacturerName>הנמל</ManufacturerName><ManufactureCountry>ישראל</ManufactureCountry><ManufacturerItemDescription>צמר פלדה 100 גרם</ManufacturerItemDescription><SoldByWeight/><Quantity>100.00</Quantity><UnitOfMeasure>גרם     </UnitOfMeasure><QtyInPackage>לא ידוע</QtyInPackage><UnitOfMeasurePrice>0.0490</UnitOfMeasurePrice><AllowDiscount>1</AllowDiscount><ItemStatus>1</ItemStatus><ItemPrice>4.90</ItemPrice></item><item><PriceUpdateDate>2016-08-10 11:21:42</PriceUpdateDate><ItemCode>7290002007500</ItemCode><ItemType>1</ItemType><ItemName>קסמי שיניים במבוק 50</ItemName><ManufacturerName>הנמל</ManufacturerName><ManufactureCountry>ישראל</ManufactureCountry><ManufacturerItemDescription>קסמי שינים במבוק500 יח .ח</ManufacturerItemDescription><SoldByWeight/><Quantity>0.00</Quantity><UnitOfMeasure>יח'</UnitOfMeasure><QtyInPackage>לא ידוע</QtyInPackage><UnitOfMeasurePrice>0.0000</UnitOfMeasurePrice><AllowDiscount>1</AllowDiscount><ItemStatus>1</ItemStatus><ItemPrice>3.90</ItemPrice></item><item><PriceUpdateDate>2015-11-17 07:39:05</PriceUpdateDate><ItemCode>7290002007852</ItemCode><ItemType>1</ItemType><ItemName>תמציות אפיה וניל 55</ItemName><ManufacturerName>הנמל</ManufacturerName><ManufactureCountry>ישראל</ManufactureCountry><ManufacturerItemDescription>תמצית אפיה וניל55 מל</ManufacturerItemDescription><SoldByWeight/><Quantity>55.00</Quantity><UnitOfMeasure>מ"ל</UnitOfMeasure><QtyInPackage>לא ידוע</QtyInPackage><UnitOfMeasurePrice>0.0709</UnitOfMeasurePrice><AllowDiscount>1</AllowDiscount><ItemStatus>1</ItemStatus><ItemPrice>3.90</ItemPrice></item><item><PriceUpdateDate>2016-02-01 20:38:20</PriceUpdateDate><ItemCode>7290002007890</ItemCode><ItemType>1</ItemType><ItemName>כוסות חד פעמיות שקוף</ItemName><ManufacturerName>הנמל</ManufacturerName><ManufactureCountry>ישראל</ManufactureCountry><ManufacturerItemDescription>כוסות חד פעמיות שקוף</ManufacturerItemDescription><SoldByWeight/><Quantity>100.00</Quantity><UnitOfMeasure>בודד</UnitOfMeasure><QtyInPackage>לא ידוע</QtyInPackage><UnitOfMeasurePrice>0.0640</UnitOfMeasurePrice><AllowDiscount>0</AllowDiscount><ItemStatus>1</ItemStatus><ItemPrice>6.40</ItemPrice></item><item><PriceUpdateDate>2016-08-10 11:21:42</PriceUpdateDate><ItemCode>7290002007999</ItemCode><ItemType>1</ItemType><ItemName>צלחות חד פעמיות גדול</ItemName><ManufacturerName>הנמל</ManufacturerName><ManufactureCountry>ישראל</ManufactureCountry><ManufacturerItemDescription>צלחות חד פעמיות גדול</ManufacturerItemDescription><SoldByWeight/><Quantity>50.00</Quantity><UnitOfMeasure>בודד</UnitOfMeasure><QtyInPackage>לא ידוע</QtyInPackage><UnitOfMeasurePrice>0.1980</UnitOfMeasurePrice><AllowDiscount>1</AllowDiscount><ItemStatus>1</ItemStatus><ItemPrice>9.90</ItemPrice></item><item><PriceUpdateDate>2015-11-17 07:39:05</PriceUpdateDate><ItemCode>7290002008057</ItemCode><ItemType>1</ItemType><ItemName>תמציות אפיהרום 55 מ"</ItemName><ManufacturerName>הנמל</ManufacturerName><ManufactureCountry>ישראל</ManufactureCountry><ManufacturerItemDescription>תמצית אפיה רום55 מל</ManufacturerItemDescription><SoldByWeight/><Quantity>55.00</Quantity><UnitOfMeasure>מ"ל</UnitOfMeasure><QtyInPackage>לא ידוע</QtyInPackage><UnitOfMeasurePrice>0.0709</UnitOfMeasurePrice><AllowDiscount>1</AllowDiscount><ItemStatus>1</ItemStatus><ItemPrice>3.90</ItemPrice></item><item><PriceUpdateDate>2015-11-17 07:39:05</PriceUpdateDate><ItemCode>7290002008118</ItemCode><ItemType>1</ItemType><ItemName>צמרוני עץ ארוז 100 י</ItemName><ManufacturerName>הנמל</ManufacturerName><ManufactureCountry>ישראל</ManufactureCountry><ManufacturerItemDescription>צמרוני עץ ארוז 100 י</ManufacturerItemDescription><SoldByWeight/><Quantity>100.00</Quantity><UnitOfMeasure>יח'</UnitOfMeasure><QtyInPackage>לא ידוע</QtyInPackage><UnitOfMeasurePrice>0.0190</UnitOfMeasurePrice><AllowDiscount>1</AllowDiscount><ItemStatus>1</ItemStatus><ItemPrice>1.90</ItemPrice></item><item><PriceUpdateDate>2016-05-31 09:30:52</PriceUpdateDate><ItemCode>7290002008149</ItemCode><ItemType>1</ItemType><ItemName>מדליק פחם מוצק</ItemName><ManufacturerName>הנמל</ManufacturerName><ManufactureCountry>גרמניה</ManufactureCountry><ManufacturerItemDescription>מים מינרלים 6 יחז 1.5*6ל</ManufacturerItemDescription><SoldByWeight/><Quantity>0.00</Quantity><UnitOfMeasure>יח'</UnitOfMeasure><QtyInPackage>לא ידוע</QtyInPackage><UnitOfMeasurePrice>0.0000</UnitOfMeasurePrice><AllowDiscount>1</AllowDiscount><ItemStatus>1</ItemStatus><ItemPrice>7.20</ItemPrice></item><item><PriceUpdateDate>2016-02-04 15:03:39</PriceUpdateDate><ItemCode>7290002008170</ItemCode><ItemType>1</ItemType><ItemName>נייר עטרות מ''ס 3 10</ItemName><ManufacturerName>הנמל</ManufacturerName><ManufactureCountry>ישראל</ManufactureCountry><ManufacturerItemDescription>נייר עטרות מ''ס 3 10</ManufacturerItemDescription><SoldByWeight/><Quantity>0.00</Quantity><UnitOfMeasure>יח'</UnitOfMeasure><QtyInPackage>לא ידוע</QtyInPackage><UnitOfMeasurePrice>0.0000</UnitOfMeasurePrice><AllowDiscount>1</AllowDiscount><ItemStatus>1</ItemStatus><ItemPrice>5.90</ItemPrice></item><item><PriceUpdateDate>2015-11-17 07:39:05</PriceUpdateDate><ItemCode>7290002008224</ItemCode><ItemType>1</ItemType><ItemName>מזרה סוכריות צבעוני</ItemName><ManufacturerName>הנמל</ManufacturerName><ManufactureCountry>ישראל</ManufactureCountry><ManufacturerItemDescription>סוכריות מזרה לעוגהעגולצבע</ManufacturerItemDescription><SoldByWeight/><Quantity>100.00</Quantity><UnitOfMeasure>גרם     </UnitOfMeasure><QtyInPackage>לא ידוע</QtyInPackage><UnitOfMeasurePrice>0.0540</UnitOfMeasurePrice><AllowDiscount>1</AllowDiscount><ItemStatus>1</ItemStatus><ItemPrice>5.40</ItemPrice></item><item><PriceUpdateDate>2015-01-27 06:47:37</PriceUpdateDate><ItemCode>7290002008309</ItemCode><ItemType>1</ItemType><ItemName>נייר עטרות מ''ס 4 10</ItemName><ManufacturerName>הנמל</ManufacturerName><ManufactureCountry>ישראל</ManufactureCountry><ManufacturerItemDescription>נייר עטרות מ''ס 4 10</ManufacturerItemDescription><SoldByWeight/><Quantity>0.00</Quantity><UnitOfMeasure>יח'</UnitOfMeasure><QtyInPackage>לא ידוע</QtyInPackage><UnitOfMeasurePrice>0.0000</UnitOfMeasurePrice><AllowDiscount>1</AllowDiscount><ItemStatus>1</ItemStatus><ItemPrice>5.70</ItemPrice></item><item><PriceUpdateDate>2016-03-16 13:25:39</PriceUpdateDate><ItemCode>7290002008507</ItemCode><ItemType>1</ItemType><ItemName>נייר אפיה 50יח</ItemName><ManufacturerName>הנמל</ManufacturerName><ManufactureCountry>ישראל</ManufactureCountry><ManufacturerItemDescription>נייר אפיה</ManufacturerItemDescription><SoldByWeight/><Quantity>0.00</Quantity><UnitOfMeasure>יח'</UnitOfMeasure><QtyInPackage>לא ידוע</QtyInPackage><UnitOfMeasurePrice>0.0000</UnitOfMeasurePrice><AllowDiscount>0</AllowDiscount><ItemStatus>1</ItemStatus><ItemPrice>9.90</ItemPrice></item><item><PriceUpdateDate>2015-10-22 09:58:57</PriceUpdateDate><ItemCode>7290002008743</ItemCode><ItemType>1</ItemType><ItemName>סוכר וניל 100 גרם</ItemName><ManufacturerName>הנמל</ManufacturerName><ManufactureCountry>ישראל</ManufactureCountry><ManufacturerItemDescription>סוכר וניל</ManufacturerItemDescription><SoldByWeight/><Quantity>100.00</Quantity><UnitOfMeasure>גרם     </UnitOfMeasure><QtyInPackage>לא ידוע</QtyInPackage><UnitOfMeasurePrice>0.0350</UnitOfMeasurePrice><AllowDiscount>1</AllowDiscount><ItemStatus>1</ItemStatus><ItemPrice>3.50</ItemPrice></item><item><PriceUpdateDate>2015-10-22 09:58:57</PriceUpdateDate><ItemCode>7290002008750</ItemCode><ItemType>1</ItemType><ItemName>אבקת אפיה 100 גרם</ItemName><ManufacturerName>מיה</ManufacturerName><ManufactureCountry>ישראל</ManufactureCountry><ManufacturerItemDescription>אבקת אפיה</ManufacturerItemDescription><SoldByWeight/><Quantity>100.00</Quantity><UnitOfMeasure>גרם     </UnitOfMeasure><QtyInPackage>לא ידוע</QtyInPackage><UnitOfMeasurePrice>0.0330</UnitOfMeasurePrice><AllowDiscount>1</AllowDiscount><ItemStatus>1</ItemStatus><ItemPrice>3.30</ItemPrice></item><item><PriceUpdateDate>2015-11-17 07:39:05</PriceUpdateDate><ItemCode>7290002008774</ItemCode><ItemType>1</ItemType><ItemName>שומשום 200 גרם</ItemName><ManufacturerName>הנמל</ManufacturerName><ManufactureCountry>ישראל</ManufactureCountry><ManufacturerItemDescription>שומשום 200 גרם</ManufacturerItemDescription><SoldByWeight/><Quantity>200.00</Quantity><UnitOfMeasure>גרם     </UnitOfMeasure><QtyInPackage>לא ידוע</QtyInPackage><UnitOfMeasurePrice>0.0355</UnitOfMeasurePrice><AllowDiscount>1</AllowDiscount><ItemStatus>1</ItemStatus><ItemPrice>7.10</ItemPrice></item><item><PriceUpdateDate>2016-02-08 07:25:31</PriceUpdateDate><ItemCode>7290002019114</ItemCode><ItemType>1</ItemType><ItemName>רסק עגבניות 28% A2 6</ItemName><ManufacturerName>פרי ניר</ManufacturerName><ManufactureCountry>ישראל</ManufactureCountry><ManufacturerItemDescription>רסק עגבניות 28% A2 6</ManufacturerItemDescription><SoldByWeight/><Quantity>600.00</Quantity><UnitOfMeasure>גרם     </UnitOfMeasure><QtyInPackage>לא ידוע</QtyInPackage><UnitOfMeasurePrice>0.0123</UnitOfMeasurePrice><AllowDiscount>1</AllowDiscount><ItemStatus>1</ItemStatus><ItemPrice>7.40</ItemPrice></item><item><PriceUpdateDate>2015-06-16 09:57:32</PriceUpdateDate><ItemCode>7290002027775</ItemCode><ItemType>1</ItemType><ItemName>מרשמלו 180 גרם המותג</ItemName><ManufacturerName>"המותג"</ManufacturerName><ManufactureCountry>לא ידוע</ManufactureCountry><ManufacturerItemDescription>מרשמלו 180 גרם המותג</ManufacturerItemDescription><SoldByWeight/><Quantity>180.00</Quantity><UnitOfMeasure>גרם     </UnitOfMeasure><QtyInPackage>לא ידוע</QtyInPackage><UnitOfMeasurePrice>0.0383</UnitOfMeasurePrice><AllowDiscount>1</AllowDiscount><ItemStatus>1</ItemStatus><ItemPrice>6.90</ItemPrice></item><item><PriceUpdateDate>2016-08-02 06:36:18</PriceUpdateDate><ItemCode>7290002037637</ItemCode><ItemType>1</ItemType><ItemName>מב חליות מתוקות 4יח</ItemName><ManufacturerName>וודש</ManufacturerName><ManufactureCountry>ישראל</ManufactureCountry><ManufacturerItemDescription>מב חליות מתוקות 4יח</ManufacturerItemDescription><SoldByWeight/><Quantity>360.00</Quantity><UnitOfMeasure>גרם     </UnitOfMeasure><QtyInPackage>לא ידוע</QtyInPackage><UnitOfMeasurePrice>0.0331</UnitOfMeasurePrice><AllowDiscount>1</AllowDiscount><ItemStatus>1</ItemStatus><ItemPrice>11.90</ItemPrice></item><item><PriceUpdateDate>2016-05-31 09:33:37</PriceUpdateDate><ItemCode>7290002040019</ItemCode><ItemType>1</ItemType><ItemName>קוסקוס 350 גרם</ItemName><ManufacturerName>קוסקוס מזון</ManufacturerName><ManufactureCountry>ישראל</ManufactureCountry><ManufacturerItemDescription>קוסקוס 350 גרם</ManufacturerItemDescription><SoldByWeight/><Quantity>350.00</Quantity><UnitOfMeasure>גרם     </UnitOfMeasure><QtyInPackage>לא ידוע</QtyInPackage><UnitOfMeasurePrice>0.0140</UnitOfMeasurePrice><AllowDiscount>1</AllowDiscount><ItemStatus>1</ItemStatus><ItemPrice>4.90</ItemPrice></item><item><PriceUpdateDate>2016-05-31 09:33:37</PriceUpdateDate><ItemCode>7290002040064</ItemCode><ItemType>1</ItemType><ItemName>קוסקוס שקית דק 350 ג</ItemName><ManufacturerName>קוסקוס מזון</ManufacturerName><ManufactureCountry>ישראל</ManufactureCountry><ManufacturerItemDescription>קוסקוס שקית דק 350 ג</ManufacturerItemDescription><SoldByWeight/><Quantity>350.00</Quantity><UnitOfMeasure>גרם     </UnitOfMeasure><QtyInPackage>לא ידוע</QtyInPackage><UnitOfMeasurePrice>0.0140</UnitOfMeasurePrice><AllowDiscount>1</AllowDiscount><ItemStatus>1</ItemStatus><ItemPrice>4.90</ItemPrice></item><item><PriceUpdateDate>2016-05-31 09:33:37</PriceUpdateDate><ItemCode>7290002040071</ItemCode><ItemType>1</ItemType><ItemName>קוסקוס שקית עבה 350</ItemName><ManufacturerName>קוסקוס מזון</ManufacturerName><ManufactureCountry>ישראל</ManufactureCountry><ManufacturerItemDescription>קוסקוס שקית עבה 350</ManufacturerItemDescription><SoldByWeight/><Quantity>350.00</Quantity><UnitOfMeasure>גרם     </UnitOfMeasure><QtyInPackage>לא ידוע</QtyInPackage><UnitOfMeasurePrice>0.0140</UnitOfMeasurePrice><AllowDiscount>1</AllowDiscount><ItemStatus>1</ItemStatus><ItemPrice>4.90</ItemPrice></item><item><PriceUpdateDate>2015-11-17 07:39:06</PriceUpdateDate><ItemCode>7290002050087</ItemCode><ItemType>1</ItemType><ItemName>שקד טבעי 170 גרם</ItemName><ManufacturerName>זארובי</ManufacturerName><ManufactureCountry>לא ידוע</ManufactureCountry><ManufacturerItemDescription>שקד טבעי 170 גרם</ManufacturerItemDescription><SoldByWeight/><Quantity>170.00</Quantity><UnitOfMeasure>גרם     </UnitOfMeasure><QtyInPackage>לא ידוע</QtyInPackage><UnitOfMeasurePrice>0.1253</UnitOfMeasurePrice><AllowDiscount>1</AllowDiscount><ItemStatus>1</ItemStatus><ItemPrice>21.30</ItemPrice></item><item><PriceUpdateDate>2016-08-02 06:36:18</PriceUpdateDate><ItemCode>7290002065555</ItemCode><ItemType>1</ItemType><ItemName>מב 6 לחמניות בשקית</ItemName><ManufacturerName>אנג'ל</ManufacturerName><ManufactureCountry>ישראל</ManufactureCountry><ManufacturerItemDescription>לחמניות ארוכות 450 1/6 גר</ManufacturerItemDescription><SoldByWeight/><Quantity>450.00</Quantity><UnitOfMeasure>גרם     </UnitOfMeasure><QtyInPackage>לא ידוע</QtyInPackage><UnitOfMeasurePrice>0.0242</UnitOfMeasurePrice><AllowDiscount>1</AllowDiscount><ItemStatus>1</ItemStatus><ItemPrice>10.90</ItemPrice></item><item><PriceUpdateDate>2016-08-02 06:36:18</PriceUpdateDate><ItemCode>7290002109372</ItemCode><ItemType>1</ItemType><ItemName>מב בורקס פילו אצבעות</ItemName><ManufacturerName>שלושת האופים</ManufacturerName><ManufactureCountry>ישראל</ManufactureCountry><ManufacturerItemDescription>מב בורקס פילו אצבעות</ManufacturerItemDescription><SoldByWeight/><Quantity>700.00</Quantity><UnitOfMeasure>גרם     </UnitOfMeasure><QtyInPackage>לא ידוע</QtyInPackage><UnitOfMeasurePrice>0.0227</UnitOfMeasurePrice><AllowDiscount>1</AllowDiscount><ItemStatus>1</ItemStatus><ItemPrice>15.90</ItemPrice></item><item><PriceUpdateDate>2016-05-31 09:33:38</PriceUpdateDate><ItemCode>7290002130567</ItemCode><ItemType>1</ItemType><ItemName>דבש 350 גרם</ItemName><ManufacturerName>יד מרדכי</ManufacturerName><ManufactureCountry>ישראל</ManufactureCountry><ManufacturerItemDescription>דבש דבורים טהור350 גר</ManufacturerItemDescription><SoldByWeight/><Quantity>350.00</Quantity><UnitOfMeasure>גרם     </UnitOfMeasure><QtyInPackage>לא ידוע</QtyInPackage><UnitOfMeasurePrice>0.0540</UnitOfMeasurePrice><AllowDiscount>1</AllowDiscount><ItemStatus>1</ItemStatus><ItemPrice>18.90</ItemPrice></item><item><PriceUpdateDate>2016-02-16 10:18:31</PriceUpdateDate><ItemCode>7290002130574</ItemCode><ItemType>1</ItemType><ItemName>דבש 500 גרם</ItemName><ManufacturerName>יד מרדכי</ManufacturerName><ManufactureCountry>ישראל</ManufactureCountry><ManufacturerItemDescription>דבש דבורים טהור500 גר</ManufacturerItemDescription><SoldByWeight/><Quantity>500.00</Quantity><UnitOfMeasure>גרם     </UnitOfMeasure><QtyInPackage>לא ידוע</QtyInPackage><UnitOfMeasurePrice>0.0598</UnitOfMeasurePrice><AllowDiscount>1</AllowDiscount><ItemStatus>1</ItemStatus><ItemPrice>29.90</ItemPrice></item><item><PriceUpdateDate>2016-05-05 12:30:24</PriceUpdateDate><ItemCode>7290002132011</ItemCode><ItemType>1</ItemType><ItemName>עוגיות מזרחיות עבאדי</ItemName><ManufacturerName>עבדי</ManufacturerName><ManufactureCountry>ישראל</ManufactureCountry><ManufacturerItemDescription>עוגיות מזרחיות עבאדי500 ג</ManufacturerItemDescription><SoldByWeight/><Quantity>500.00</Quantity><UnitOfMeasure>גרם     </UnitOfMeasure><QtyInPackage>לא ידוע</QtyInPackage><UnitOfMeasurePrice>0.0358</UnitOfMeasurePrice><AllowDiscount>1</AllowDiscount><ItemStatus>1</ItemStatus><ItemPrice>17.90</ItemPrice></item><item><PriceUpdateDate>2015-08-04 08:22:04</PriceUpdateDate><ItemCode>7290002133986</ItemCode><ItemType>3</ItemType><ItemName>חמאת עיזים במשקל</ItemName><ManufacturerName>מחלבת השומרון</ManufacturerName><ManufactureCountry>לא ידוע</ManufactureCountry><ManufacturerItemDescription>חמאת עיזים במשקל</ManufacturerItemDescription><SoldByWeight/><Quantity>1.00</Quantity><UnitOfMeasure>ק"ג</UnitOfMeasure><QtyInPackage>לא ידוע</QtyInPackage><UnitOfMeasurePrice>69.0000</UnitOfMeasurePrice><AllowDiscount>1</AllowDiscount><ItemStatus>1</ItemStatus><ItemPrice>69.00</ItemPrice></item><item><PriceUpdateDate>2016-01-05 06:03:53</PriceUpdateDate><ItemCode>7290002190141</ItemCode><ItemType>1</ItemType><ItemName>ריבת חלב בצנצנת 450</ItemName><ManufacturerName>קומידה</ManufacturerName><ManufactureCountry>ישראל</ManufactureCountry><ManufacturerItemDescription>ריבת חלב 450  גרם</ManufacturerItemDescription><SoldByWeight/><Quantity>450.00</Quantity><UnitOfMeasure>גרם     </UnitOfMeasure><QtyInPackage>לא ידוע</QtyInPackage><UnitOfMeasurePrice>0.0382</UnitOfMeasurePrice><AllowDiscount>1</AllowDiscount><ItemStatus>1</ItemStatus><ItemPrice>17.20</ItemPrice></item><item><PriceUpdateDate>2016-08-02 06:36:19</PriceUpdateDate><ItemCode>7290002239215</ItemCode><ItemType>1</ItemType><ItemName>מב אפונה וגזר 800 גר</ItemName><ManufacturerName>פרי הגליל</ManufacturerName><ManufactureCountry>ישראל</ManufactureCountry><ManufacturerItemDescription>מב אפונה וגזר 800 גר</ManufacturerItemDescription><SoldByWeight/><Quantity>800.00</Quantity><UnitOfMeasure>גרם     </UnitOfMeasure><QtyInPackage>לא ידוע</QtyInPackage><UnitOfMeasurePrice>0.0136</UnitOfMeasurePrice><AllowDiscount>1</AllowDiscount><ItemStatus>1</ItemStatus><ItemPrice>10.90</ItemPrice></item><item><PriceUpdateDate>2016-05-31 09:30:52</PriceUpdateDate><ItemCode>7290002239277</ItemCode><ItemType>1</ItemType><ItemName>גזר גמדי 800 גרם</ItemName><ManufacturerName>פרי הגליל</ManufacturerName><ManufactureCountry>ישראל</ManufactureCountry><ManufacturerItemDescription>גזר גמדי 800 גרם</ManufacturerItemDescription><SoldByWeight/><Quantity>800.00</Quantity><UnitOfMeasure>גרם     </UnitOfMeasure><QtyInPackage>לא ידוע</QtyInPackage><UnitOfMeasurePrice>0.0126</UnitOfMeasurePrice><AllowDiscount>1</AllowDiscount><ItemStatus>1</ItemStatus><ItemPrice>10.10</ItemPrice></item><item><PriceUpdateDate>2016-08-02 06:36:19</PriceUpdateDate><ItemCode>7290002239338</ItemCode><ItemType>1</ItemType><ItemName>מב שעועית ירוקה חתוכ</ItemName><ManufacturerName>פרי הגליל</ManufacturerName><ManufactureCountry>ישראל</ManufactureCountry><ManufacturerItemDescription>מב שעועית ירוקה חתוכ</ManufacturerItemDescription><SoldByWeight/><Quantity>800.00</Quantity><UnitOfMeasure>גרם     </UnitOfMeasure><QtyInPackage>לא ידוע</QtyInPackage><UnitOfMeasurePrice>0.0136</UnitOfMeasurePrice><AllowDiscount>1</AllowDiscount><ItemStatus>1</ItemStatus><ItemPrice>10.90</ItemPrice></item><item><PriceUpdateDate>2016-08-02 06:36:19</PriceUpdateDate><ItemCode>7290002239420</ItemCode><ItemType>1</ItemType><ItemName>מב גרעיני תירס קפוא</ItemName><ManufacturerName>פרי הגליל</ManufacturerName><ManufactureCountry>ישראל</ManufactureCountry><ManufacturerItemDescription>מב גרעיני תירס קפוא</ManufacturerItemDescription><SoldByWeight/><Quantity>800.00</Quantity><UnitOfMeasure>גרם     </UnitOfMeasure><QtyInPackage>לא ידוע</QtyInPackage><UnitOfMeasurePrice>0.0136</UnitOfMeasurePrice><AllowDiscount>1</AllowDiscount><ItemStatus>1</ItemStatus><ItemPrice>10.90</ItemPrice></item><item><PriceUpdateDate>2015-01-27 06:47:55</PriceUpdateDate><ItemCode>7290002243601</ItemCode><ItemType>1</ItemType><ItemName>פיתה אסליתבשקית 5 יח</ItemName><ManufacturerName>אנג'ל</ManufacturerName><ManufactureCountry>ישראל</ManufactureCountry><ManufacturerItemDescription>פיתה אסלית 1/5 בשקית 500</ManufacturerItemDescription><SoldByWeight/><Quantity>500.00</Quantity><UnitOfMeasure>גרם     </UnitOfMeasure><QtyInPackage>לא ידוע</QtyInPackage><UnitOfMeasurePrice>0.0194</UnitOfMeasurePrice><AllowDiscount>1</AllowDiscount><ItemStatus>1</ItemStatus><ItemPrice>9.70</ItemPrice></item><item><PriceUpdateDate>2016-05-01 07:23:19</PriceUpdateDate><ItemCode>7290002253105</ItemCode><ItemType>1</ItemType><ItemName>קוביות שום טרי במגשי</ItemName><ManufacturerName>דורות</ManufacturerName><ManufactureCountry>ישראל</ManufactureCountry><ManufacturerItemDescription>שום כתוש מגשית 80 גר</ManufacturerItemDescription><SoldByWeight/><Quantity>80.00</Quantity><UnitOfMeasure>גרם     </UnitOfMeasure><QtyInPackage>לא ידוע</QtyInPackage><UnitOfMeasurePrice>0.1613</UnitOfMeasurePrice><AllowDiscount>1</AllowDiscount><ItemStatus>1</ItemStatus><ItemPrice>12.90</ItemPrice></item><item><PriceUpdateDate>2016-05-01 07:23:19</PriceUpdateDate><ItemCode>7290002253167</ItemCode><ItemType>1</ItemType><ItemName>פטרוזיליה טרייה קצוצ</ItemName><ManufacturerName>דורות</ManufacturerName><ManufactureCountry>ישראל</ManufactureCountry><ManufacturerItemDescription>פטרוזיליה טרייה קצוצה 70</ManufacturerItemDescription><SoldByWeight/><Quantity>14.00</Quantity><UnitOfMeasure>גרם     </UnitOfMeasure><QtyInPackage>לא ידוע</QtyInPackage><UnitOfMeasurePrice>0.8214</UnitOfMeasurePrice><AllowDiscount>1</AllowDiscount><ItemStatus>1</ItemStatus><ItemPrice>11.50</ItemPrice></item><item><PriceUpdateDate>2015-06-01 13:44:36</PriceUpdateDate><ItemCode>7290002319023</ItemCode><ItemType>1</ItemType><ItemName>סוכר וניל עשריות מיה</ItemName><ManufacturerName>מיה</ManufacturerName><ManufactureCountry>ישראל</ManufactureCountry><ManufacturerItemDescription>סוכר וניל עשריות מיה</ManufacturerItemDescription><SoldByWeight/><Quantity>100.00</Quantity><UnitOfMeasure>גרם     </UnitOfMeasure><QtyInPackage>לא ידוע</QtyInPackage><UnitOfMeasurePrice>0.0330</UnitOfMeasurePrice><AllowDiscount>1</AllowDiscount><ItemStatus>1</ItemStatus><ItemPrice>3.30</ItemPrice></item><item><PriceUpdateDate>2016-05-31 09:30:53</PriceUpdateDate><ItemCode>7290002319207</ItemCode><ItemType>1</ItemType><ItemName>כוסמת 500 גרם</ItemName><ManufacturerName>מיה</ManufacturerName><ManufactureCountry>ישראל</ManufactureCountry><ManufacturerItemDescription>כוסמת 500 גרם</ManufacturerItemDescription><SoldByWeight/><Quantity>500.00</Quantity><UnitOfMeasure>גרם     </UnitOfMeasure><QtyInPackage>לא ידוע</QtyInPackage><UnitOfMeasurePrice>0.0180</UnitOfMeasurePrice><AllowDiscount>1</AllowDiscount><ItemStatus>1</ItemStatus><ItemPrice>9.00</ItemPrice></item><item><PriceUpdateDate>2016-08-02 06:36:19</PriceUpdateDate><ItemCode>7290002319740</ItemCode><ItemType>1</ItemType><ItemName>מב אגוזים טחונים מיה</ItemName><ManufacturerName>מיה</ManufacturerName><ManufactureCountry>ישראל</ManufactureCountry><ManufacturerItemDescription>מב אגוזים טחונים מיה</ManufacturerItemDescription><SoldByWeight/><Quantity>100.00</Quantity><UnitOfMeasure>גרם     </UnitOfMeasure><QtyInPackage>לא ידוע</QtyInPackage><UnitOfMeasurePrice>0.1190</UnitOfMeasurePrice><AllowDiscount>1</AllowDiscount><ItemStatus>1</ItemStatus><ItemPrice>11.90</ItemPrice></item><item><PriceUpdateDate>2016-05-31 09:33:38</PriceUpdateDate><ItemCode>7290002323198</ItemCode><ItemType>1</ItemType><ItemName>ספרינג 1.5 ליטר טעם</ItemName><ManufacturerName>ספרינג</ManufacturerName><ManufactureCountry>ישראל</ManufactureCountry><ManufacturerItemDescription>ספרינג מיץ תפוחים1.5 ל</ManufacturerItemDescription><SoldByWeight/><Quantity>1500.00</Quantity><UnitOfMeasure>מ"ל</UnitOfMeasure><QtyInPackage>לא ידוע</QtyInPackage><UnitOfMeasurePrice>0.0039</UnitOfMeasurePrice><AllowDiscount>1</AllowDiscount><ItemStatus>1</ItemStatus><ItemPrice>5.90</ItemPrice></item><item><PriceUpdateDate>2016-05-31 09:33:38</PriceUpdateDate><ItemCode>7290002323822</ItemCode><ItemType>1</ItemType><ItemName>קריסטל אשכוליות 2 לי</ItemName><ManufacturerName>קריסטל משק"ל</ManufacturerName><ManufactureCountry>ישראל</ManufactureCountry><ManufacturerItemDescription>קריסטל אשכוליות 2 לי</ManufacturerItemDescription><SoldByWeight/><Quantity>2000.00</Quantity><UnitOfMeasure>מ"ל</UnitOfMeasure><QtyInPackage>לא ידוע</QtyInPackage><UnitOfMeasurePrice>0.0019</UnitOfMeasurePrice><AllowDiscount>0</AllowDiscount><ItemStatus>1</ItemStatus><ItemPrice>3.70</ItemPrice></item><item><PriceUpdateDate>2016-05-31 09:33:38</PriceUpdateDate><ItemCode>7290002323839</ItemCode><ItemType>1</ItemType><ItemName>קריסטל ענבים 2 ליטר</ItemName><ManufacturerName>קריסטל משק"ל</ManufacturerName><ManufactureCountry>ישראל</ManufactureCountry><ManufacturerItemDescription>קריסטל ענבים 2 ליטר</ManufacturerItemDescription><SoldByWeight/><Quantity>2000.00</Quantity><UnitOfMeasure>מ"ל</UnitOfMeasure><QtyInPackage>לא ידוע</QtyInPackage><UnitOfMeasurePrice>0.0019</UnitOfMeasurePrice><AllowDiscount>0</AllowDiscount><ItemStatus>1</ItemStatus><ItemPrice>3.70</ItemPrice></item><item><PriceUpdateDate>2016-06-28 06:23:42</PriceUpdateDate><ItemCode>7290002327042</ItemCode><ItemType>1</ItemType><ItemName>מב בורקס תפו"א 800 ג</ItemName><ManufacturerName>שלושת האופים</ManufacturerName><ManufactureCountry>ישראל</ManufactureCountry><ManufacturerItemDescription>מב בורקס תפו"א 800 ג</ManufacturerItemDescription><SoldByWeight/><Quantity>800.00</Quantity><UnitOfMeasure>גרם     </UnitOfMeasure><QtyInPackage>לא ידוע</QtyInPackage><UnitOfMeasurePrice>0.0200</UnitOfMeasurePrice><AllowDiscount>1</AllowDiscount><ItemStatus>1</ItemStatus><ItemPrice>16.00</ItemPrice></item><item><PriceUpdateDate>2015-11-17 07:39:09</PriceUpdateDate><ItemCode>7290002327103</ItemCode><ItemType>1</ItemType><ItemName>ג'חנון 900 גרם</ItemName><ManufacturerName>שלושת האופים</ManufacturerName><ManufactureCountry>ישראל</ManufactureCountry><ManufacturerItemDescription>ג'חנון 900 גרם</ManufacturerItemDescription><SoldByWeight/><Quantity>900.00</Quantity><UnitOfMeasure>גרם     </UnitOfMeasure><QtyInPackage>לא ידוע</QtyInPackage><UnitOfMeasurePrice>0.0253</UnitOfMeasurePrice><AllowDiscount>1</AllowDiscount><ItemStatus>1</ItemStatus><ItemPrice>22.80</ItemPrice></item><item><PriceUpdateDate>2016-06-28 06:23:42</PriceUpdateDate><ItemCode>7290002327912</ItemCode><ItemType>1</ItemType><ItemName>מב מיני בורקס גבינה</ItemName><ManufacturerName>שלושת האופים</ManufacturerName><ManufactureCountry>ישראל</ManufactureCountry><ManufacturerItemDescription>מיני בורקס קוקטייל גבינה</ManufacturerItemDescription><SoldByWeight/><Quantity>700.00</Quantity><UnitOfMeasure>גרם     </UnitOfMeasure><QtyInPackage>לא ידוע</QtyInPackage><UnitOfMeasurePrice>0.0229</UnitOfMeasurePrice><AllowDiscount>1</AllowDiscount><ItemStatus>1</ItemStatus><ItemPrice>16.00</ItemPrice></item><item><PriceUpdateDate>2016-02-26 06:48:15</PriceUpdateDate><ItemCode>7290002331117</ItemCode><ItemType>1</ItemType><ItemName>מים נביעות ענבים עדי</ItemName><ManufacturerName>נביעות</ManufacturerName><ManufactureCountry>ישראל</ManufactureCountry><ManufacturerItemDescription>נביעות +ענבים 1.5 ליטר</ManufacturerItemDescription><SoldByWeight/><Quantity>1500.00</Quantity><UnitOfMeasure>מ"ל</UnitOfMeasure><QtyInPackage>לא ידוע</QtyInPackage><UnitOfMeasurePrice>0.0058</UnitOfMeasurePrice><AllowDiscount>1</AllowDiscount><ItemStatus>1</ItemStatus><ItemPrice>8.70</ItemPrice></item><item><PriceUpdateDate>2016-02-26 06:48:15</PriceUpdateDate><ItemCode>7290002331148</ItemCode><ItemType>1</ItemType><ItemName>מים נביעות תפוח עדין</ItemName><ManufacturerName>נביעות</ManufacturerName><ManufactureCountry>ישראל</ManufactureCountry><ManufacturerItemDescription>נביעות +תפוח 1.5 ליטר</ManufacturerItemDescription><SoldByWeight/><Quantity>1500.00</Quantity><UnitOfMeasure>מ"ל</UnitOfMeasure><QtyInPackage>לא ידוע</QtyInPackage><UnitOfMeasurePrice>0.0058</UnitOfMeasurePrice><AllowDiscount>1</AllowDiscount><ItemStatus>1</ItemStatus><ItemPrice>8.70</ItemPrice></item><item><PriceUpdateDate>2016-02-26 06:48:15</PriceUpdateDate><ItemCode>7290002331179</ItemCode><ItemType>1</ItemType><ItemName>מיים נביעות אפרסק עד</ItemName><ManufacturerName>נביעות</ManufacturerName><ManufactureCountry>ישראל</ManufactureCountry><ManufacturerItemDescription>נביעות +אפרסק 1.5 ליטר</ManufacturerItemDescription><SoldByWeight/><Quantity>1500.00</Quantity><UnitOfMeasure>מ"ל</UnitOfMeasure><QtyInPackage>לא ידוע</QtyInPackage><UnitOfMeasurePrice>0.0058</UnitOfMeasurePrice><AllowDiscount>1</AllowDiscount><ItemStatus>1</ItemStatus><ItemPrice>8.70</ItemPrice></item><item><PriceUpdateDate>2016-08-02 06:31:22</PriceUpdateDate><ItemCode>7290002331322</ItemCode><ItemType>1</ItemType><ItemName>מב מים נביעות שישייה</ItemName><ManufacturerName>נביעות</ManufacturerName><ManufactureCountry>ישראל</ManufactureCountry><ManufacturerItemDescription>נביעות 1.5 1/6 מים מינרלי</ManufacturerItemDescription><SoldByWeight/><Quantity>9000.00</Quantity><UnitOfMeasure>מ"ל</UnitOfMeasure><QtyInPackage>לא ידוע</QtyInPackage><UnitOfMeasurePrice>0.0013</UnitOfMeasurePrice><AllowDiscount>1</AllowDiscount><ItemStatus>1</ItemStatus><ItemPrice>11.60</ItemPrice></item><item><PriceUpdateDate>2015-10-13 09:48:13</PriceUpdateDate><ItemCode>7290002331490</ItemCode><ItemType>1</ItemType><ItemName>נביעות 1 ליטר</ItemName><ManufacturerName>נביעות</ManufacturerName><ManufactureCountry>ישראל</ManufactureCountry><ManufacturerItemDescription>נביעות 1 ליטר</ManufacturerItemDescription><SoldByWeight/><Quantity>1000.00</Quantity><UnitOfMeasure>מ"ל</UnitOfMeasure><QtyInPackage>לא ידוע</QtyInPackage><UnitOfMeasurePrice>0.0036</UnitOfMeasurePrice><AllowDiscount>1</AllowDiscount><ItemStatus>1</ItemStatus><ItemPrice>3.60</ItemPrice></item><item><PriceUpdateDate>2016-08-02 06:36:19</PriceUpdateDate><ItemCode>7290002331643</ItemCode><ItemType>1</ItemType><ItemName>מב נביעות מוגז 1.5 ל</ItemName><ManufacturerName>נביעות</ManufacturerName><ManufactureCountry>ישראל</ManufactureCountry><ManufacturerItemDescription>שישיית נביעות מוגז 1.5 לי</ManufacturerItemDescription><SoldByWeight/><Quantity>9000.00</Quantity><UnitOfMeasure>מ"ל</UnitOfMeasure><QtyInPackage>לא ידוע</QtyInPackage><UnitOfMeasurePrice>0.0016</UnitOfMeasurePrice><AllowDiscount>1</AllowDiscount><ItemStatus>1</ItemStatus><ItemPrice>14.60</ItemPrice></item><item><PriceUpdateDate>2015-11-17 07:39:10</PriceUpdateDate><ItemCode>7290002348573</ItemCode><ItemType>1</ItemType><ItemName>מקלוני אורז ויליגר 3</ItemName><ManufacturerName>ויליגר</ManufacturerName><ManufactureCountry>ישראל</ManufactureCountry><ManufacturerItemDescription>מקלוני אורז ויליגר 3</ManufacturerItemDescription><SoldByWeight/><Quantity>300.00</Quantity><UnitOfMeasure>גרם     </UnitOfMeasure><QtyInPackage>לא ידוע</QtyInPackage><UnitOfMeasurePrice>0.0193</UnitOfMeasurePrice><AllowDiscount>1</AllowDiscount><ItemStatus>1</ItemStatus><ItemPrice>5.80</ItemPrice></item><item><PriceUpdateDate>2016-05-05 12:30:24</PriceUpdateDate><ItemCode>7290002353324</ItemCode><ItemType>1</ItemType><ItemName>עוגיות אוראו קרם וני</ItemName><ManufacturerName>אוראו</ManufacturerName><ManufactureCountry>ספרד</ManufactureCountry><ManufacturerItemDescription>דפי לזניה       ם</ManufacturerItemDescription><SoldByWeight/><Quantity>176.00</Quantity><UnitOfMeasure>גרם     </UnitOfMeasure><QtyInPackage>לא ידוע</QtyInPackage><UnitOfMeasurePrice>0.0506</UnitOfMeasurePrice><AllowDiscount>1</AllowDiscount><ItemStatus>1</ItemStatus><ItemPrice>8.90</ItemPrice></item><item><PriceUpdateDate>2016-05-01 07:23:19</PriceUpdateDate><ItemCode>7290002360216</ItemCode><ItemType>1</ItemType><ItemName>חרדל דיג'ון בורניה 3</ItemName><ManufacturerName>ברוניר</ManufacturerName><ManufactureCountry>צרפת</ManufactureCountry><ManufacturerItemDescription>חרדל דיזון בורנייר 370 גר</ManufacturerItemDescription><SoldByWeight/><Quantity>370.00</Quantity><UnitOfMeasure>גרם     </UnitOfMeasure><QtyInPackage>לא ידוע</QtyInPackage><UnitOfMeasurePrice>0.0357</UnitOfMeasurePrice><AllowDiscount>1</AllowDiscount><ItemStatus>1</ItemStatus><ItemPrice>13.20</ItemPrice></item><item><PriceUpdateDate>2015-12-29 08:41:40</PriceUpdateDate><ItemCode>7290002374312</ItemCode><ItemType>1</ItemType><ItemName>שמן קנולה מילומור 1</ItemName><ManufacturerName>מילומור</ManufacturerName><ManufactureCountry>ישראל</ManufactureCountry><ManufacturerItemDescription>שמן קנולה 6% מילומור1 ל</ManufacturerItemDescription><SoldByWeight/><Quantity>1000.00</Quantity><UnitOfMeasure>מ"ל</UnitOfMeasure><QtyInPackage>לא ידוע</QtyInPackage><UnitOfMeasurePrice>0.0099</UnitOfMeasurePrice><AllowDiscount>0</AllowDiscount><ItemStatus>1</ItemStatus><ItemPrice>9.90</ItemPrice></item><item><PriceUpdateDate>2016-08-02 06:36:19</PriceUpdateDate><ItemCode>7290002374640</ItemCode><ItemType>1</ItemType><ItemName>מב שמן קנולה פלוס או</ItemName><ManufacturerName>עץ הזית</ManufacturerName><ManufactureCountry>ישראל</ManufactureCountry><ManufacturerItemDescription>מב שמן קנולה פלוס או</ManufacturerItemDescription><SoldByWeight/><Quantity>1000.00</Quantity><UnitOfMeasure>מ"ל</UnitOfMeasure><QtyInPackage>לא ידוע</QtyInPackage><UnitOfMeasurePrice>0.0149</UnitOfMeasurePrice><AllowDiscount>1</AllowDiscount><ItemStatus>1</ItemStatus><ItemPrice>14.90</ItemPrice></item><item><PriceUpdateDate>2015-10-18 07:50:45</PriceUpdateDate><ItemCode>7290002439189</ItemCode><ItemType>1</ItemType><ItemName>צהובה מגורדת "עלמה"</ItemName><ManufacturerName>"עלמה"</ManufacturerName><ManufactureCountry>ישראל</ManufactureCountry><ManufacturerItemDescription>צהובה מגורדת "עלמה"</ManufacturerItemDescription><SoldByWeight/><Quantity>500.00</Quantity><UnitOfMeasure>גרם     </UnitOfMeasure><QtyInPackage>לא ידוע</QtyInPackage><UnitOfMeasurePrice>0.0390</UnitOfMeasurePrice><AllowDiscount>1</AllowDiscount><ItemStatus>1</ItemStatus><ItemPrice>19.50</ItemPrice></item><item><PriceUpdateDate>2016-05-31 09:30:54</PriceUpdateDate><ItemCode>7290002485049</ItemCode><ItemType>1</ItemType><ItemName>חומוס מסבחה 500 גרם</ItemName><ManufacturerName>סלטי שמיר</ManufacturerName><ManufactureCountry>ישראל</ManufactureCountry><ManufacturerItemDescription>חומוס מסבחה 500 גר</ManufacturerItemDescription><SoldByWeight/><Quantity>500.00</Quantity><UnitOfMeasure>גרם     </UnitOfMeasure><QtyInPackage>לא ידוע</QtyInPackage><UnitOfMeasurePrice>0.0324</UnitOfMeasurePrice><AllowDiscount>1</AllowDiscount><ItemStatus>1</ItemStatus><ItemPrice>16.20</ItemPrice></item><item><PriceUpdateDate>2016-05-31 09:30:54</PriceUpdateDate><ItemCode>7290002485063</ItemCode><ItemType>1</ItemType><ItemName>חומוס אבו גוש 500 גר</ItemName><ManufacturerName>סלטי שמיר</ManufacturerName><ManufactureCountry>ישראל</ManufactureCountry><ManufacturerItemDescription>חומוס אבו גוש 500 גר</ManufacturerItemDescription><SoldByWeight/><Quantity>500.00</Quantity><UnitOfMeasure>גרם     </UnitOfMeasure><QtyInPackage>לא ידוע</QtyInPackage><UnitOfMeasurePrice>0.0324</UnitOfMeasurePrice><AllowDiscount>1</AllowDiscount><ItemStatus>1</ItemStatus><ItemPrice>16.20</ItemPrice></item><item><PriceUpdateDate>2016-08-10 11:21:42</PriceUpdateDate><ItemCode>7290002514053</ItemCode><ItemType>1</ItemType><ItemName>ביסקויט סנדביץ' שוקו</ItemName><ManufacturerName>דאנש</ManufacturerName><ManufactureCountry>ישראל</ManufactureCountry><ManufacturerItemDescription>ביסקויט סנדביץ' שוקו</ManufacturerItemDescription><SoldByWeight/><Quantity>300.00</Quantity><UnitOfMeasure>גרם     </UnitOfMeasure><QtyInPackage>לא ידוע</QtyInPackage><UnitOfMeasurePrice>0.0297</UnitOfMeasurePrice><AllowDiscount>1</AllowDiscount><ItemStatus>1</ItemStatus><ItemPrice>8.90</ItemPrice></item><item><PriceUpdateDate>2015-10-13 09:48:14</PriceUpdateDate><ItemCode>7290002517665</ItemCode><ItemType>1</ItemType><ItemName>קימל טחון 40 גרם</ItemName><ManufacturerName>טעם וריח</ManufacturerName><ManufactureCountry>ישראל</ManufactureCountry><ManufacturerItemDescription>קימל טחון 40 גרם</ManufacturerItemDescription><SoldByWeight/><Quantity>14.00</Quantity><UnitOfMeasure>גרם     </UnitOfMeasure><QtyInPackage>לא ידוע</QtyInPackage><UnitOfMeasurePrice>0.5286</UnitOfMeasurePrice><AllowDiscount>1</AllowDiscount><ItemStatus>1</ItemStatus><ItemPrice>7.40</ItemPrice></item><item><PriceUpdateDate>2015-10-13 09:48:14</PriceUpdateDate><ItemCode>7290002517764</ItemCode><ItemType>1</ItemType><ItemName>פטרוזיליה 10 גרם</ItemName><ManufacturerName>לא ידוע</ManufacturerName><ManufactureCountry>ישראל</ManufactureCountry><ManufacturerItemDescription>פטרוזיליה 10 גרם</ManufacturerItemDescription><SoldByWeight/><Quantity>14.00</Quantity><UnitOfMeasure>גרם     </UnitOfMeasure><QtyInPackage>לא ידוע</QtyInPackage><UnitOfMeasurePrice>0.5286</UnitOfMeasurePrice><AllowDiscount>1</AllowDiscount><ItemStatus>1</ItemStatus><ItemPrice>7.40</ItemPrice></item><item><PriceUpdateDate>2015-10-13 09:48:14</PriceUpdateDate><ItemCode>7290002517788</ItemCode><ItemType>1</ItemType><ItemName>פפריקה חריפה 40 גרם</ItemName><ManufacturerName>לא ידוע</ManufacturerName><ManufactureCountry>ישראל</ManufactureCountry><ManufacturerItemDescription>פפריקה חריפה 40 גר</ManufacturerItemDescription><SoldByWeight/><Quantity>14.00</Quantity><UnitOfMeasure>גרם     </UnitOfMeasure><QtyInPackage>לא ידוע</QtyInPackage><UnitOfMeasurePrice>0.5286</UnitOfMeasurePrice><AllowDiscount>1</AllowDiscount><ItemStatus>1</ItemStatus><ItemPrice>7.40</ItemPrice></item><item><PriceUpdateDate>2015-10-13 09:48:14</PriceUpdateDate><ItemCode>7290002517795</ItemCode><ItemType>1</ItemType><ItemName>פלפל אנגלי (ריחוני)</ItemName><ManufacturerName>לא ידוע</ManufacturerName><ManufactureCountry>ישראל</ManufactureCountry><ManufacturerItemDescription>פלפל אנגלי (ריחוני)</ManufacturerItemDescription><SoldByWeight/><Quantity>14.00</Quantity><UnitOfMeasure>גרם     </UnitOfMeasure><QtyInPackage>לא ידוע</QtyInPackage><UnitOfMeasurePrice>0.5286</UnitOfMeasurePrice><AllowDiscount>1</AllowDiscount><ItemStatus>1</ItemStatus><ItemPrice>7.40</ItemPrice></item><item><PriceUpdateDate>2015-01-27 06:47:46</PriceUpdateDate><ItemCode>7290002517856</ItemCode><ItemType>1</ItemType><ItemName>ציפורן שלם 25 גרם</ItemName><ManufacturerName>לא ממותג</ManufacturerName><ManufactureCountry>ישראל</ManufactureCountry><ManufacturerItemDescription>ציפורן שלם 25 גרם</ManufacturerItemDescription><SoldByWeight/><Quantity>14.00</Quantity><UnitOfMeasure>גרם     </UnitOfMeasure><QtyInPackage>לא ידוע</QtyInPackage><UnitOfMeasurePrice>0.7286</UnitOfMeasurePrice><AllowDiscount>1</AllowDiscount><ItemStatus>1</ItemStatus><ItemPrice>10.20</ItemPrice></item><item><PriceUpdateDate>2016-05-31 09:30:54</PriceUpdateDate><ItemCode>7290002541370</ItemCode><ItemType>1</ItemType><ItemName>חלב סויה אלפרו סידן</ItemName><ManufacturerName>אלפרו</ManufacturerName><ManufactureCountry>בלגיה</ManufactureCountry><ManufacturerItemDescription>משקה סויה טבעי  1 ליטר</ManufacturerItemDescription><SoldByWeight/><Quantity>1000.00</Quantity><UnitOfMeasure>מ"ל</UnitOfMeasure><QtyInPackage>לא ידוע</QtyInPackage><UnitOfMeasurePrice>0.0139</UnitOfMeasurePrice><AllowDiscount>1</AllowDiscount><ItemStatus>1</ItemStatus><ItemPrice>13.90</ItemPrice></item><item><PriceUpdateDate>2016-05-31 09:30:54</PriceUpdateDate><ItemCode>7290002541981</ItemCode><ItemType>1</ItemType><ItemName>חלב סויה אלפרו ללא ס</ItemName><ManufacturerName>אלפרו</ManufacturerName><ManufactureCountry>בלגיה</ManufactureCountry><ManufacturerItemDescription>משקה סויה       ספת סוכר</ManufacturerItemDescription><SoldByWeight/><Quantity>1000.00</Quantity><UnitOfMeasure>מ"ל</UnitOfMeasure><QtyInPackage>לא ידוע</QtyInPackage><UnitOfMeasurePrice>0.0139</UnitOfMeasurePrice><AllowDiscount>1</AllowDiscount><ItemStatus>1</ItemStatus><ItemPrice>13.90</ItemPrice></item><item><PriceUpdateDate>2016-08-10 11:21:59</PriceUpdateDate><ItemCode>7290002543046</ItemCode><ItemType>1</ItemType><ItemName>קלוגס פרוסטיס 750 גר</ItemName><ManufacturerName>קלוגס  פרוסטיס</ManufacturerName><ManufactureCountry>גרמניה</ManufactureCountry><ManufacturerItemDescription>קלוגס פרוסטיס 750 גר</ManufacturerItemDescription><SoldByWeight/><Quantity>750.00</Quantity><UnitOfMeasure>גרם     </UnitOfMeasure><QtyInPackage>לא ידוע</QtyInPackage><UnitOfMeasurePrice>0.0319</UnitOfMeasurePrice><AllowDiscount>1</AllowDiscount><ItemStatus>1</ItemStatus><ItemPrice>23.90</ItemPrice></item><item><PriceUpdateDate>2016-08-10 11:21:59</PriceUpdateDate><ItemCode>7290002543237</ItemCode><ItemType>1</ItemType><ItemName>קלוגס קורנפלקס 750 ג</ItemName><ManufacturerName>קלוגס קורנפלקס</ManufacturerName><ManufactureCountry>גרמניה</ManufactureCountry><ManufacturerItemDescription>קורנפלקס קלוגס 750 גר</ManufacturerItemDescription><SoldByWeight/><Quantity>750.00</Quantity><UnitOfMeasure>גרם     </UnitOfMeasure><QtyInPackage>לא ידוע</QtyInPackage><UnitOfMeasurePrice>0.0252</UnitOfMeasurePrice><AllowDiscount>1</AllowDiscount><ItemStatus>1</ItemStatus><ItemPrice>18.90</ItemPrice></item><item><PriceUpdateDate>2016-05-31 09:33:40</PriceUpdateDate><ItemCode>7290002551003</ItemCode><ItemType>1</ItemType><ItemName>טונה סטארקיסט בשמן 1</ItemName><ManufacturerName>סטארקיסט</ManufacturerName><ManufactureCountry>ישראל</ManufactureCountry><ManufacturerItemDescription>טונה סטארקיסט בשמן160 גר</ManufacturerItemDescription><SoldByWeight/><Quantity>112.00</Quantity><UnitOfMeasure>גרם     </UnitOfMeasure><QtyInPackage>לא ידוע</QtyInPackage><UnitOfMeasurePrice>0.0607</UnitOfMeasurePrice><AllowDiscount>1</AllowDiscount><ItemStatus>1</ItemStatus><ItemPrice>6.80</ItemPrice></item><item><PriceUpdateDate>2016-05-31 09:33:40</PriceUpdateDate><ItemCode>7290002551010</ItemCode><ItemType>1</ItemType><ItemName>טונה סטארקיסט במים 1</ItemName><ManufacturerName>סטארקיסט</ManufacturerName><ManufactureCountry>ישראל</ManufactureCountry><ManufacturerItemDescription>טונה סטארקיסט במים160 גר</ManufacturerItemDescription><SoldByWeight/><Quantity>112.00</Quantity><UnitOfMeasure>גרם     </UnitOfMeasure><QtyInPackage>לא ידוע</QtyInPackage><UnitOfMeasurePrice>0.0607</UnitOfMeasurePrice><AllowDiscount>1</AllowDiscount><ItemStatus>1</ItemStatus><ItemPrice>6.80</ItemPrice></item><item><PriceUpdateDate>2016-06-13 06:36:31</PriceUpdateDate><ItemCode>7290002657866</ItemCode><ItemType>3</ItemType><ItemName>פילה אמנון מאיר עזרא</ItemName><ManufacturerName>דלידג</ManufacturerName><ManufactureCountry>ישראל</ManufactureCountry><ManufacturerItemDescription>פילה אמנון מאיר עזרא</ManufacturerItemDescription><SoldByWeight/><Quantity>1.00</Quantity><UnitOfMeasure>ק"ג</UnitOfMeasure><QtyInPackage>לא ידוע</QtyInPackage><UnitOfMeasurePrice>43.9000</UnitOfMeasurePrice><AllowDiscount>1</AllowDiscount><ItemStatus>1</ItemStatus><ItemPrice>43.90</ItemPrice></item><item><PriceUpdateDate>2015-10-22 09:59:44</PriceUpdateDate><ItemCode>7290002661115</ItemCode><ItemType>1</ItemType><ItemName>לחם הולנדי 1.2 ק''ג</ItemName><ManufacturerName>מאפיית ברמן</ManufacturerName><ManufactureCountry>ישראל</ManufactureCountry><ManufacturerItemDescription>לחם הולנדי 1.2 ק''ג</ManufacturerItemDescription><SoldByWeight/><Quantity>1200.00</Quantity><UnitOfMeasure>גרם     </UnitOfMeasure><QtyInPackage>לא ידוע</QtyInPackage><UnitOfMeasurePrice>0.0149</UnitOfMeasurePrice><AllowDiscount>1</AllowDiscount><ItemStatus>1</ItemStatus><ItemPrice>17.90</ItemPrice></item><item><PriceUpdateDate>2015-10-22 09:58:58</PriceUpdateDate><ItemCode>7290002661153</ItemCode><ItemType>1</ItemType><ItemName>לחם  דני קל 1 ק"ג</ItemName><ManufacturerName>מאפית לחם חן</ManufacturerName><ManufactureCountry>ישראל</ManufactureCountry><ManufacturerItemDescription>לחם  דני קל 1 ק"ג</ManufacturerItemDescription><SoldByWeight/><Quantity>1000.00</Quantity><UnitOfMeasure>גרם     </UnitOfMeasure><QtyInPackage>לא ידוע</QtyInPackage><UnitOfMeasurePrice>0.0193</UnitOfMeasurePrice><AllowDiscount>1</AllowDiscount><ItemStatus>1</ItemStatus><ItemPrice>19.30</ItemPrice></item><item><PriceUpdateDate>2016-03-29 06:06:28</PriceUpdateDate><ItemCode>7290002661177</ItemCode><ItemType>1</ItemType><ItemName>לחם כנעני 750 גרם</ItemName><ManufacturerName>לא ממותג</ManufacturerName><ManufactureCountry>ישראל</ManufactureCountry><ManufacturerItemDescription>לחם כנעני 750 גרם</ManufacturerItemDescription><SoldByWeight/><Quantity>750.00</Quantity><UnitOfMeasure>גרם     </UnitOfMeasure><QtyInPackage>לא ידוע</QtyInPackage><UnitOfMeasurePrice>0.0231</UnitOfMeasurePrice><AllowDiscount>1</AllowDiscount><ItemStatus>1</ItemStatus><ItemPrice>17.30</ItemPrice></item><item><PriceUpdateDate>2016-02-26 06:48:16</PriceUpdateDate><ItemCode>7290002663522</ItemCode><ItemType>1</ItemType><ItemName>תפוזינה 1.5 ליטר</ItemName><ManufacturerName>תפוזינה</ManufacturerName><ManufactureCountry>ישראל</ManufactureCountry><ManufacturerItemDescription>תפוזינה תפוזים1.5 ל</ManufacturerItemDescription><SoldByWeight/><Quantity>1500.00</Quantity><UnitOfMeasure>מ"ל</UnitOfMeasure><QtyInPackage>לא ידוע</QtyInPackage><UnitOfMeasurePrice>0.0050</UnitOfMeasurePrice><AllowDiscount>1</AllowDiscount><ItemStatus>1</ItemStatus><ItemPrice>7.50</ItemPrice></item><item><PriceUpdateDate>2016-06-01 10:34:09</PriceUpdateDate><ItemCode>7290002663805</ItemCode><ItemType>1</ItemType><ItemName>שוופס טוניק 1.5 ליטר</ItemName><ManufacturerName>שוופס</ManufacturerName><ManufactureCountry>ישראל</ManufactureCountry><ManufacturerItemDescription>שוופס טוניק 1.5 ל</ManufacturerItemDescription><SoldByWeight/><Quantity>1500.00</Quantity><UnitOfMeasure>מ"ל</UnitOfMeasure><QtyInPackage>לא ידוע</QtyInPackage><UnitOfMeasurePrice>0.0073</UnitOfMeasurePrice><AllowDiscount>1</AllowDiscount><ItemStatus>1</ItemStatus><ItemPrice>10.90</ItemPrice></item><item><PriceUpdateDate>2016-06-07 14:08:22</PriceUpdateDate><ItemCode>7290002692478</ItemCode><ItemType>1</ItemType><ItemName>שמן זית כתית מעולה מ</ItemName><ManufacturerName>עץ הזית</ManufacturerName><ManufactureCountry>ישראל</ManufactureCountry><ManufacturerItemDescription>שמן זית כתית מעולה מ</ManufacturerItemDescription><SoldByWeight/><Quantity>750.00</Quantity><UnitOfMeasure>מ"ל</UnitOfMeasure><QtyInPackage>לא ידוע</QtyInPackage><UnitOfMeasurePrice>0.0532</UnitOfMeasurePrice><AllowDiscount>1</AllowDiscount><ItemStatus>1</ItemStatus><ItemPrice>39.90</ItemPrice></item><item><PriceUpdateDate>2016-02-17 08:48:41</PriceUpdateDate><ItemCode>7290002692553</ItemCode><ItemType>1</ItemType><ItemName>שמן זיתולה עץ הזית 7</ItemName><ManufacturerName>עץ הזית</ManufacturerName><ManufactureCountry>ישראל</ManufactureCountry><ManufacturerItemDescription>שמן זיתולה עץ הזית 750 מל</ManufacturerItemDescription><SoldByWeight/><Quantity>750.00</Quantity><UnitOfMeasure>מ"ל</UnitOfMeasure><QtyInPackage>לא ידוע</QtyInPackage><UnitOfMeasurePrice>0.0332</UnitOfMeasurePrice><AllowDiscount>1</AllowDiscount><ItemStatus>1</ItemStatus><ItemPrice>24.90</ItemPrice></item><item><PriceUpdateDate>2016-08-02 06:36:20</PriceUpdateDate><ItemCode>7290002692768</ItemCode><ItemType>1</ItemType><ItemName>מב תרסיס שמן קנולה ע</ItemName><ManufacturerName>עץ הזית</ManufacturerName><ManufactureCountry>ישראל</ManufactureCountry><ManufacturerItemDescription>מב תרסיס שמן קנולה ע</ManufacturerItemDescription><SoldByWeight/><Quantity>200.00</Quantity><UnitOfMeasure>מ"ל</UnitOfMeasure><QtyInPackage>לא ידוע</QtyInPackage><UnitOfMeasurePrice>0.0695</UnitOfMeasurePrice><AllowDiscount>1</AllowDiscount><ItemStatus>1</ItemStatus><ItemPrice>13.90</ItemPrice></item><item><PriceUpdateDate>2016-08-02 06:36:20</PriceUpdateDate><ItemCode>7290002692782</ItemCode><ItemType>1</ItemType><ItemName>מב תרסיס שמן זית עץ</ItemName><ManufacturerName>עץ הזית</ManufacturerName><ManufactureCountry>ישראל</ManufactureCountry><ManufacturerItemDescription>מב תרסיס שמן זית עץ</ManufacturerItemDescription><SoldByWeight/><Quantity>150.00</Quantity><UnitOfMeasure>מ"ל</UnitOfMeasure><QtyInPackage>לא ידוע</QtyInPackage><UnitOfMeasurePrice>0.0927</UnitOfMeasurePrice><AllowDiscount>1</AllowDiscount><ItemStatus>1</ItemStatus><ItemPrice>13.90</ItemPrice></item><item><PriceUpdateDate>2016-08-02 06:36:20</PriceUpdateDate><ItemCode>7290002706168</ItemCode><ItemType>1</ItemType><ItemName>מב פיצה מישפחתית מרג</ItemName><ManufacturerName>פילסברי</ManufacturerName><ManufactureCountry>אירלנד</ManufactureCountry><ManufacturerItemDescription>ג'לטין טהור     ם</ManufacturerItemDescription><SoldByWeight/><Quantity>505.00</Quantity><UnitOfMeasure>גרם     </UnitOfMeasure><QtyInPackage>לא ידוע</QtyInPackage><UnitOfMeasurePrice>0.0295</UnitOfMeasurePrice><AllowDiscount>1</AllowDiscount><ItemStatus>1</ItemStatus><ItemPrice>14.90</ItemPrice></item><item><PriceUpdateDate>2016-05-31 09:30:54</PriceUpdateDate><ItemCode>7290002715504</ItemCode><ItemType>1</ItemType><ItemName>מג'יק ארוחת אטריות ט</ItemName><ManufacturerName>מגיק</ManufacturerName><ManufactureCountry>ישראל</ManufactureCountry><ManufacturerItemDescription>תבשיל מגיק בכוס עוף 70 ג</ManufacturerItemDescription><SoldByWeight/><Quantity>14.00</Quantity><UnitOfMeasure>גרם     </UnitOfMeasure><QtyInPackage>לא ידוע</QtyInPackage><UnitOfMeasurePrice>0.4857</UnitOfMeasurePrice><AllowDiscount>1</AllowDiscount><ItemStatus>1</ItemStatus><ItemPrice>6.80</ItemPrice></item><item><PriceUpdateDate>2016-05-31 09:30:54</PriceUpdateDate><ItemCode>7290002715511</ItemCode><ItemType>1</ItemType><ItemName>מג'יק ארוחת אטריות ט</ItemName><ManufacturerName>מג'יק</ManufacturerName><ManufactureCountry>ישראל</ManufactureCountry><ManufacturerItemDescription>תבשיל מגיק בכוס בקר 70 גר</ManufacturerItemDescription><SoldByWeight/><Quantity>14.00</Quantity><UnitOfMeasure>גרם     </UnitOfMeasure><QtyInPackage>לא ידוע</QtyInPackage><UnitOfMeasurePrice>0.4857</UnitOfMeasurePrice><AllowDiscount>1</AllowDiscount><ItemStatus>1</ItemStatus><ItemPrice>6.80</ItemPrice></item><item><PriceUpdateDate>2016-05-31 09:30:54</PriceUpdateDate><ItemCode>7290002715580</ItemCode><ItemType>1</ItemType><ItemName>מג'יק ארוחת אטריות ט</ItemName><ManufacturerName>מגיק</ManufacturerName><ManufactureCountry>ישראל</ManufactureCountry><ManufacturerItemDescription>תבשיל מגיק בכוס ירקות סינ</ManufacturerItemDescription><SoldByWeight/><Quantity>14.00</Quantity><UnitOfMeasure>גרם     </UnitOfMeasure><QtyInPackage>לא ידוע</QtyInPackage><UnitOfMeasurePrice>0.4857</UnitOfMeasurePrice><AllowDiscount>1</AllowDiscount><ItemStatus>1</ItemStatus><ItemPrice>6.80</ItemPrice></item><item><PriceUpdateDate>2016-05-31 09:33:40</PriceUpdateDate><ItemCode>7290002730262</ItemCode><ItemType>1</ItemType><ItemName>נוזל כלים פלמוליב אק</ItemName><ManufacturerName>פלמוליב</ManufacturerName><ManufactureCountry>יוון</ManufactureCountry><ManufacturerItemDescription>פלמוליב כלים קלאסי 750 מל</ManufacturerItemDescription><SoldByWeight/><Quantity>750.00</Quantity><UnitOfMeasure>מ"ל</UnitOfMeasure><QtyInPackage>לא ידוע</QtyInPackage><UnitOfMeasurePrice>0.0132</UnitOfMeasurePrice><AllowDiscount>1</AllowDiscount><ItemStatus>1</ItemStatus><ItemPrice>9.90</ItemPrice></item><item><PriceUpdateDate>2016-08-02 06:31:24</PriceUpdateDate><ItemCode>7290002730668</ItemCode><ItemType>1</ItemType><ItemName>מב משחת שיניים קולגי</ItemName><ManufacturerName>קולגייט</ManufacturerName><ManufactureCountry>פולין</ManufactureCountry><ManufacturerItemDescription>בקבוקי תינוקות  יה</ManufacturerItemDescription><SoldByWeight/><Quantity>100.00</Quantity><UnitOfMeasure>מ"ל</UnitOfMeasure><QtyInPackage>לא ידוע</QtyInPackage><UnitOfMeasurePrice>0.1590</UnitOfMeasurePrice><AllowDiscount>1</AllowDiscount><ItemStatus>1</ItemStatus><ItemPrice>15.90</ItemPrice></item><item><PriceUpdateDate>2016-05-31 09:33:40</PriceUpdateDate><ItemCode>7290002730675</ItemCode><ItemType>1</ItemType><ItemName>משחת שינים קולגייט א</ItemName><ManufacturerName>קולגייט</ManufacturerName><ManufactureCountry>פולין</ManufactureCountry><ManufacturerItemDescription>רולדת שוקולד    פה 350גר</ManufacturerItemDescription><SoldByWeight/><Quantity>100.00</Quantity><UnitOfMeasure>גרם     </UnitOfMeasure><QtyInPackage>לא ידוע</QtyInPackage><UnitOfMeasurePrice>0.0990</UnitOfMeasurePrice><AllowDiscount>0</AllowDiscount><ItemStatus>1</ItemStatus><ItemPrice>9.90</ItemPrice></item><item><PriceUpdateDate>2016-06-20 17:05:15</PriceUpdateDate><ItemCode>7290002730811</ItemCode><ItemType>1</ItemType><ItemName>קולגייט משפחתי ג'ל 1</ItemName><ManufacturerName>קולגייט</ManufacturerName><ManufactureCountry>פולין</ManufactureCountry><ManufacturerItemDescription>פרינוק מחית     פו"ע190ג</ManufacturerItemDescription><SoldByWeight/><Quantity>130.00</Quantity><UnitOfMeasure>גרם     </UnitOfMeasure><QtyInPackage>לא ידוע</QtyInPackage><UnitOfMeasurePrice>0.1223</UnitOfMeasurePrice><AllowDiscount>1</AllowDiscount><ItemStatus>1</ItemStatus><ItemPrice>15.90</ItemPrice></item><item><PriceUpdateDate>2015-07-28 08:48:40</PriceUpdateDate><ItemCode>7290002735731</ItemCode><ItemType>1</ItemType><ItemName>מלוואח 700 גרם המותג</ItemName><ManufacturerName>"המותג"</ManufacturerName><ManufactureCountry>ישראל</ManufactureCountry><ManufacturerItemDescription>מלוואח 700 גרם המותג</ManufacturerItemDescription><SoldByWeight/><Quantity>700.00</Quantity><UnitOfMeasure>גרם     </UnitOfMeasure><QtyInPackage>לא ידוע</QtyInPackage><UnitOfMeasurePrice>0.0170</UnitOfMeasurePrice><AllowDiscount>1</AllowDiscount><ItemStatus>1</ItemStatus><ItemPrice>11.90</ItemPrice></item><item><PriceUpdateDate>2015-07-28 08:48:40</PriceUpdateDate><ItemCode>7290002735762</ItemCode><ItemType>1</ItemType><ItemName>בורקס במילוי תפוח אד</ItemName><ManufacturerName>"המותג"</ManufacturerName><ManufactureCountry>ישראל</ManufactureCountry><ManufacturerItemDescription>בורקס במילוי תפוח אד</ManufacturerItemDescription><SoldByWeight/><Quantity>800.00</Quantity><UnitOfMeasure>גרם     </UnitOfMeasure><QtyInPackage>לא ידוע</QtyInPackage><UnitOfMeasurePrice>0.0174</UnitOfMeasurePrice><AllowDiscount>1</AllowDiscount><ItemStatus>1</ItemStatus><ItemPrice>13.90</ItemPrice></item><item><PriceUpdateDate>2016-06-27 19:05:48</PriceUpdateDate><ItemCode>7290002741077</ItemCode><ItemType>1</ItemType><ItemName>כריות צוקולדה 750 גר</ItemName><ManufacturerName>כריות</ManufacturerName><ManufactureCountry>ישראל</ManufactureCountry><ManufacturerItemDescription>כריות צוקולדה 750 גר</ManufacturerItemDescription><SoldByWeight/><Quantity>750.00</Quantity><UnitOfMeasure>גרם     </UnitOfMeasure><QtyInPackage>לא ידוע</QtyInPackage><UnitOfMeasurePrice>0.0380</UnitOfMeasurePrice><AllowDiscount>1</AllowDiscount><ItemStatus>1</ItemStatus><ItemPrice>28.50</ItemPrice></item><item><PriceUpdateDate>2016-03-24 07:00:51</PriceUpdateDate><ItemCode>7290002752332</ItemCode><ItemType>1</ItemType><ItemName>סוכריות מנטוס פירות</ItemName><ManufacturerName>מנטוס</ManufacturerName><ManufactureCountry>הולנד</ManufactureCountry><ManufacturerItemDescription>סוכריות מנטוס   רות37.5ג</ManufacturerItemDescription><SoldByWeight/><Quantity>0.00</Quantity><UnitOfMeasure>יח'</UnitOfMeasure><QtyInPackage>לא ידוע</QtyInPackage><UnitOfMeasurePrice>0.0000</UnitOfMeasurePrice><AllowDiscount>1</AllowDiscount><ItemStatus>1</ItemStatus><ItemPrice>3.90</ItemPrice></item><item><PriceUpdateDate>2016-03-24 07:00:51</PriceUpdateDate><ItemCode>7290002752349</ItemCode><ItemType>1</ItemType><ItemName>סוכריות מנטוס מנטה ב</ItemName><ManufacturerName>מנטוס</ManufacturerName><ManufactureCountry>הולנד</ManufactureCountry><ManufacturerItemDescription>סוכריות מנטוס   37.5 גרם</ManufacturerItemDescription><SoldByWeight/><Quantity>0.00</Quantity><UnitOfMeasure>יח'</UnitOfMeasure><QtyInPackage>לא ידוע</QtyInPackage><UnitOfMeasurePrice>0.0000</UnitOfMeasurePrice><AllowDiscount>1</AllowDiscount><ItemStatus>1</ItemStatus><ItemPrice>3.90</ItemPrice></item><item><PriceUpdateDate>2016-06-27 19:15:25</PriceUpdateDate><ItemCode>7290002752493</ItemCode><ItemType>1</ItemType><ItemName>סוכריות טיק טק תפוז</ItemName><ManufacturerName>טיק טק</ManufacturerName><ManufactureCountry>ישראל</ManufactureCountry><ManufacturerItemDescription>סוכריות טיק טק  16X4גר</ManufacturerItemDescription><SoldByWeight/><Quantity>64.00</Quantity><UnitOfMeasure>גרם     </UnitOfMeasure><QtyInPackage>לא ידוע</QtyInPackage><UnitOfMeasurePrice>0.1703</UnitOfMeasurePrice><AllowDiscount>1</AllowDiscount><ItemStatus>1</ItemStatus><ItemPrice>10.90</ItemPrice></item><item><PriceUpdateDate>2015-12-22 09:47:16</PriceUpdateDate><ItemCode>7290002757122</ItemCode><ItemType>1</ItemType><ItemName>נודלס אטריות ביצים מ</ItemName><ManufacturerName>ויליגר</ManufacturerName><ManufactureCountry>לא ידוע</ManufactureCountry><ManufacturerItemDescription>נודלס אטריות ביצים מ</ManufacturerItemDescription><SoldByWeight/><Quantity>250.00</Quantity><UnitOfMeasure>גרם     </UnitOfMeasure><QtyInPackage>לא ידוע</QtyInPackage><UnitOfMeasurePrice>0.0236</UnitOfMeasurePrice><AllowDiscount>1</AllowDiscount><ItemStatus>1</ItemStatus><ItemPrice>5.90</ItemPrice></item><item><PriceUpdateDate>2016-08-02 06:36:20</PriceUpdateDate><ItemCode>7290002757139</ItemCode><ItemType>1</ItemType><ItemName>מב מלוואח שלושת האופ</ItemName><ManufacturerName>שלושת האופים</ManufacturerName><ManufactureCountry>ישראל</ManufactureCountry><ManufacturerItemDescription>מלאווח 700 גרם שלושת האופ</ManufacturerItemDescription><SoldByWeight/><Quantity>700.00</Quantity><UnitOfMeasure>גרם     </UnitOfMeasure><QtyInPackage>לא ידוע</QtyInPackage><UnitOfMeasurePrice>0.0184</UnitOfMeasurePrice><AllowDiscount>1</AllowDiscount><ItemStatus>1</ItemStatus><ItemPrice>12.90</ItemPrice></item><item><PriceUpdateDate>2015-05-03 15:39:03</PriceUpdateDate><ItemCode>7290002768036</ItemCode><ItemType>1</ItemType><ItemName>תיאדנט מי פהענק 150</ItemName><ManufacturerName>תיאדנט</ManufacturerName><ManufactureCountry>ישראל</ManufactureCountry><ManufacturerItemDescription>תיאדנט מי פהענק 150</ManufacturerItemDescription><SoldByWeight/><Quantity>150.00</Quantity><UnitOfMeasure>מ"ל</UnitOfMeasure><QtyInPackage>לא ידוע</QtyInPackage><UnitOfMeasurePrice>0.1420</UnitOfMeasurePrice><AllowDiscount>1</AllowDiscount><ItemStatus>1</ItemStatus><ItemPrice>21.30</ItemPrice></item><item><PriceUpdateDate>2016-03-01 07:04:43</PriceUpdateDate><ItemCode>7290002787709</ItemCode><ItemType>1</ItemType><ItemName>גבינת אדם עלמה 150 ג</ItemName><ManufacturerName>נטו סחר</ManufacturerName><ManufactureCountry>פולין</ManufactureCountry><ManufacturerItemDescription>כוס ומכסה        יחידות</ManufacturerItemDescription><SoldByWeight/><Quantity>150.00</Quantity><UnitOfMeasure>גרם     </UnitOfMeasure><QtyInPackage>לא ידוע</QtyInPackage><UnitOfMeasurePrice>0.0400</UnitOfMeasurePrice><AllowDiscount>1</AllowDiscount><ItemStatus>1</ItemStatus><ItemPrice>6.00</ItemPrice></item><item><PriceUpdateDate>2016-03-01 07:04:43</PriceUpdateDate><ItemCode>7290002787822</ItemCode><ItemType>1</ItemType><ItemName>גבינת גאודה עלמה 400</ItemName><ManufacturerName>"עלמה"</ManufacturerName><ManufactureCountry>לא ידוע</ManufactureCountry><ManufacturerItemDescription>גבינת גאודה עלמה 400</ManufacturerItemDescription><SoldByWeight/><Quantity>400.00</Quantity><UnitOfMeasure>גרם     </UnitOfMeasure><QtyInPackage>לא ידוע</QtyInPackage><UnitOfMeasurePrice>0.0400</UnitOfMeasurePrice><AllowDiscount>1</AllowDiscount><ItemStatus>1</ItemStatus><ItemPrice>16.00</ItemPrice></item><item><PriceUpdateDate>2015-12-02 12:48:16</PriceUpdateDate><ItemCode>7290002793311</ItemCode><ItemType>1</ItemType><ItemName>מילוי גז 60</ItemName><ManufacturerName>סודה סטרים</ManufacturerName><ManufactureCountry>ישראל</ManufactureCountry><ManufacturerItemDescription>מילוי גז 60</ManufacturerItemDescription><SoldByWeight/><Quantity>1.00</Quantity><UnitOfMeasure>יח'</UnitOfMeasure><QtyInPackage>לא ידוע</QtyInPackage><UnitOfMeasurePrice>49.9000</UnitOfMeasurePrice><AllowDiscount>1</AllowDiscount><ItemStatus>1</ItemStatus><ItemPrice>49.90</ItemPrice></item><item><PriceUpdateDate>2016-05-01 07:23:21</PriceUpdateDate><ItemCode>7290002814016</ItemCode><ItemType>1</ItemType><ItemName>סנט מוריץ מסיר שומני</ItemName><ManufacturerName>סנט מוריץ</ManufacturerName><ManufactureCountry>ישראל</ManufactureCountry><ManufacturerItemDescription>סנט מוריץ מסיר שומני</ManufacturerItemDescription><SoldByWeight/><Quantity>750.00</Quantity><UnitOfMeasure>מ"ל</UnitOfMeasure><QtyInPackage>לא ידוע</QtyInPackage><UnitOfMeasurePrice>0.0225</UnitOfMeasurePrice><AllowDiscount>1</AllowDiscount><ItemStatus>1</ItemStatus><ItemPrice>16.90</ItemPrice></item><item><PriceUpdateDate>2016-08-03 07:24:08</PriceUpdateDate><ItemCode>7290002814928</ItemCode><ItemType>1</ItemType><ItemName>ס.פרלמנט קצר בודד</ItemName><ManufacturerName>פארלמנט</ManufacturerName><ManufactureCountry>ישראל</ManufactureCountry><ManufacturerItemDescription>ס.פרלמנט קצר בודד</ManufacturerItemDescription><SoldByWeight/><Quantity>0.00</Quantity><UnitOfMeasure>יח'</UnitOfMeasure><QtyInPackage>לא ידוע</QtyInPackage><UnitOfMeasurePrice>0.0000</UnitOfMeasurePrice><AllowDiscount>1</AllowDiscount><ItemStatus>1</ItemStatus><ItemPrice>36.90</ItemPrice></item><item><PriceUpdateDate>2016-02-11 07:49:24</PriceUpdateDate><ItemCode>7290002824183</ItemCode><ItemType>1</ItemType><ItemName>גבינת סקי 5% 500 גרם</ItemName><ManufacturerName>שטראוס</ManufacturerName><ManufactureCountry>ישראל</ManufactureCountry><ManufacturerItemDescription>גבינה סקי 500 5% גרם</ManufacturerItemDescription><SoldByWeight/><Quantity>500.00</Quantity><UnitOfMeasure>גרם     </UnitOfMeasure><QtyInPackage>לא ידוע</QtyInPackage><UnitOfMeasurePrice>0.0184</UnitOfMeasurePrice><AllowDiscount>0</AllowDiscount><ItemStatus>1</ItemStatus><ItemPrice>9.20</ItemPrice></item><item><PriceUpdateDate>2015-10-13 09:48:15</PriceUpdateDate><ItemCode>7290002824466</ItemCode><ItemType>1</ItemType><ItemName>דנונה טבעי 0% 200 גר</ItemName><ManufacturerName>דנונה</ManufacturerName><ManufactureCountry>ישראל</ManufactureCountry><ManufacturerItemDescription>דנונה 200 -0% גרם</ManufacturerItemDescription><SoldByWeight/><Quantity>200.00</Quantity><UnitOfMeasure>גרם     </UnitOfMeasure><QtyInPackage>לא ידוע</QtyInPackage><UnitOfMeasurePrice>0.0200</UnitOfMeasurePrice><AllowDiscount>1</AllowDiscount><ItemStatus>1</ItemStatus><ItemPrice>4.00</ItemPrice></item><item><PriceUpdateDate>2016-02-11 07:49:24</PriceUpdateDate><ItemCode>7290002824640</ItemCode><ItemType>1</ItemType><ItemName>גבינת סקי 5% 250 גרם</ItemName><ManufacturerName>שטראוס</ManufacturerName><ManufactureCountry>ישראל</ManufactureCountry><ManufacturerItemDescription>גבינה סקי 250 5% גר   .פי</ManufacturerItemDescription><SoldByWeight/><Quantity>250.00</Quantity><UnitOfMeasure>גרם     </UnitOfMeasure><QtyInPackage>לא ידוע</QtyInPackage><UnitOfMeasurePrice>0.0184</UnitOfMeasurePrice><AllowDiscount>1</AllowDiscount><ItemStatus>1</ItemStatus><ItemPrice>4.60</ItemPrice></item><item><PriceUpdateDate>2016-06-27 19:05:49</PriceUpdateDate><ItemCode>7290002830948</ItemCode><ItemType>1</ItemType><ItemName>מון בלאן עיזים 120 ג</ItemName><ManufacturerName>מון בלאן</ManufacturerName><ManufactureCountry>ישראל</ManufactureCountry><ManufacturerItemDescription>גבינה מון בלאן עיזים 120</ManufacturerItemDescription><SoldByWeight/><Quantity>120.00</Quantity><UnitOfMeasure>גרם     </UnitOfMeasure><QtyInPackage>לא ידוע</QtyInPackage><UnitOfMeasurePrice>0.1208</UnitOfMeasurePrice><AllowDiscount>1</AllowDiscount><ItemStatus>1</ItemStatus><ItemPrice>14.50</ItemPrice></item><item><PriceUpdateDate>2016-08-03 07:24:08</PriceUpdateDate><ItemCode>7290002833525</ItemCode><ItemType>1</ItemType><ItemName>ס.מרלבורו רד קצר בוק</ItemName><ManufacturerName>מרלבורו</ManufacturerName><ManufactureCountry>ישראל</ManufactureCountry><ManufacturerItemDescription>ס.מרלבורו רד קצר בוק</ManufacturerItemDescription><SoldByWeight/><Quantity>0.00</Quantity><UnitOfMeasure>יח'</UnitOfMeasure><QtyInPackage>לא ידוע</QtyInPackage><UnitOfMeasurePrice>0.0000</UnitOfMeasurePrice><AllowDiscount>1</AllowDiscount><ItemStatus>1</ItemStatus><ItemPrice>33.90</ItemPrice></item><item><PriceUpdateDate>2016-08-03 07:24:08</PriceUpdateDate><ItemCode>7290002852724</ItemCode><ItemType>1</ItemType><ItemName>ס.אל אם בלו קצר בודד</ItemName><ManufacturerName>אל אם</ManufacturerName><ManufactureCountry>ישראל</ManufactureCountry><ManufacturerItemDescription>ס.אל אם בלו קצר בודד</ManufacturerItemDescription><SoldByWeight/><Quantity>0.00</Quantity><UnitOfMeasure>יח'</UnitOfMeasure><QtyInPackage>לא ידוע</QtyInPackage><UnitOfMeasurePrice>0.0000</UnitOfMeasurePrice><AllowDiscount>1</AllowDiscount><ItemStatus>1</ItemStatus><ItemPrice>30.50</ItemPrice></item><item><PriceUpdateDate>2015-10-22 09:58:59</PriceUpdateDate><ItemCode>7290002868446</ItemCode><ItemType>1</ItemType><ItemName>גבינה מותכת למריחה 1</ItemName><ManufacturerName>טרה</ManufacturerName><ManufactureCountry>ישראל</ManufactureCountry><ManufacturerItemDescription>גבינה מותכת למריחה 1</ManufacturerItemDescription><SoldByWeight/><Quantity>100.00</Quantity><UnitOfMeasure>גרם     </UnitOfMeasure><QtyInPackage>לא ידוע</QtyInPackage><UnitOfMeasurePrice>0.0710</UnitOfMeasurePrice><AllowDiscount>1</AllowDiscount><ItemStatus>1</ItemStatus><ItemPrice>7.10</ItemPrice></item><item><PriceUpdateDate>2015-11-11 11:53:05</PriceUpdateDate><ItemCode>7290002868996</ItemCode><ItemType>1</ItemType><ItemName>קוטג' 5% טרה 250 גרם</ItemName><ManufacturerName>טרה</ManufacturerName><ManufactureCountry>ישראל</ManufactureCountry><ManufacturerItemDescription>קוטג מועשר 250 5% גרם</ManufacturerItemDescription><SoldByWeight/><Quantity>250.00</Quantity><UnitOfMeasure>גרם     </UnitOfMeasure><QtyInPackage>לא ידוע</QtyInPackage><UnitOfMeasurePrice>0.0228</UnitOfMeasurePrice><AllowDiscount>1</AllowDiscount><ItemStatus>1</ItemStatus><ItemPrice>5.70</ItemPrice></item><item><PriceUpdateDate>2015-11-24 11:03:14</PriceUpdateDate><ItemCode>7290002871248</ItemCode><ItemType>1</ItemType><ItemName>בירה טובורג בקבוק חו</ItemName><ManufacturerName>טובורג רד</ManufacturerName><ManufactureCountry>ישראל</ManufactureCountry><ManufacturerItemDescription>בירה טובורג0.5 ל.בקבוק חו</ManufacturerItemDescription><SoldByWeight/><Quantity>500.00</Quantity><UnitOfMeasure>מ"ל</UnitOfMeasure><QtyInPackage>לא ידוע</QtyInPackage><UnitOfMeasurePrice>0.0170</UnitOfMeasurePrice><AllowDiscount>1</AllowDiscount><ItemStatus>1</ItemStatus><ItemPrice>8.50</ItemPrice></item><item><PriceUpdateDate>2015-11-24 11:03:14</PriceUpdateDate><ItemCode>7290002871361</ItemCode><ItemType>1</ItemType><ItemName>בירה קרלסברג בקבוק ח</ItemName><ManufacturerName>קרלסברג</ManufacturerName><ManufactureCountry>ישראל</ManufactureCountry><ManufacturerItemDescription>בירה קרלסברג 0.5 ל.בקבוק</ManufacturerItemDescription><SoldByWeight/><Quantity>500.00</Quantity><UnitOfMeasure>מ"ל</UnitOfMeasure><QtyInPackage>לא ידוע</QtyInPackage><UnitOfMeasurePrice>0.0178</UnitOfMeasurePrice><AllowDiscount>1</AllowDiscount><ItemStatus>1</ItemStatus><ItemPrice>8.90</ItemPrice></item><item><PriceUpdateDate>2016-05-31 09:33:41</PriceUpdateDate><ItemCode>7290002871446</ItemCode><ItemType>1</ItemType><ItemName>מיץ פריגת ענבים 1.5</ItemName><ManufacturerName>פריגת</ManufacturerName><ManufactureCountry>ישראל</ManufactureCountry><ManufacturerItemDescription>משקל פריגת ענבים</ManufacturerItemDescription><SoldByWeight/><Quantity>1500.00</Quantity><UnitOfMeasure>מ"ל</UnitOfMeasure><QtyInPackage>לא ידוע</QtyInPackage><UnitOfMeasurePrice>0.0045</UnitOfMeasurePrice><AllowDiscount>0</AllowDiscount><ItemStatus>1</ItemStatus><ItemPrice>6.80</ItemPrice></item><item><PriceUpdateDate>2016-05-31 09:33:41</PriceUpdateDate><ItemCode>7290002871460</ItemCode><ItemType>1</ItemType><ItemName>מיץ פריגת תפוזים 1.5</ItemName><ManufacturerName>פריגת</ManufacturerName><ManufactureCountry>ישראל</ManufactureCountry><ManufacturerItemDescription>משקל פריגת תפוזים</ManufacturerItemDescription><SoldByWeight/><Quantity>1500.00</Quantity><UnitOfMeasure>מ"ל</UnitOfMeasure><QtyInPackage>לא ידוע</QtyInPackage><UnitOfMeasurePrice>0.0045</UnitOfMeasurePrice><AllowDiscount>0</AllowDiscount><ItemStatus>1</ItemStatus><ItemPrice>6.80</ItemPrice></item><item><PriceUpdateDate>2016-05-31 09:33:41</PriceUpdateDate><ItemCode>7290002871477</ItemCode><ItemType>1</ItemType><ItemName>מיץ פריגת אשכוליות 1</ItemName><ManufacturerName>פריגת</ManufacturerName><ManufactureCountry>ישראל</ManufactureCountry><ManufacturerItemDescription>משקל פריגת אשכוליות</ManufacturerItemDescription><SoldByWeight/><Quantity>1500.00</Quantity><UnitOfMeasure>מ"ל</UnitOfMeasure><QtyInPackage>לא ידוע</QtyInPackage><UnitOfMeasurePrice>0.0045</UnitOfMeasurePrice><AllowDiscount>0</AllowDiscount><ItemStatus>1</ItemStatus><ItemPrice>6.80</ItemPrice></item><item><PriceUpdateDate>2016-08-03 07:24:08</PriceUpdateDate><ItemCode>7290002874629</ItemCode><ItemType>1</ItemType><ItemName>ס.פרלמנט ארוך בלו בו</ItemName><ManufacturerName>פארלמנט</ManufacturerName><ManufactureCountry>ישראל</ManufactureCountry><ManufacturerItemDescription>ס.פרלמנט ארוך בלו בו</ManufacturerItemDescription><SoldByWeight/><Quantity>0.00</Quantity><UnitOfMeasure>יח'</UnitOfMeasure><QtyInPackage>לא ידוע</QtyInPackage><UnitOfMeasurePrice>0.0000</UnitOfMeasurePrice><AllowDiscount>1</AllowDiscount><ItemStatus>1</ItemStatus><ItemPrice>36.90</ItemPrice></item><item><PriceUpdateDate>2016-08-03 07:24:08</PriceUpdateDate><ItemCode>7290002876326</ItemCode><ItemType>1</ItemType><ItemName>ס.פרלמנט קצר בלו בוד</ItemName><ManufacturerName>פארלמנט</ManufacturerName><ManufactureCountry>ישראל</ManufactureCountry><ManufacturerItemDescription>ס.פרלמנט קצר בלו בוד</ManufacturerItemDescription><SoldByWeight/><Quantity>0.00</Quantity><UnitOfMeasure>יח'</UnitOfMeasure><QtyInPackage>לא ידוע</QtyInPackage><UnitOfMeasurePrice>0.0000</UnitOfMeasurePrice><AllowDiscount>1</AllowDiscount><ItemStatus>1</ItemStatus><ItemPrice>36.90</ItemPrice></item><item><PriceUpdateDate>2016-06-27 19:05:49</PriceUpdateDate><ItemCode>7290002881018</ItemCode><ItemType>1</ItemType><ItemName>מעדן תות שדה 100% פר</ItemName><ManufacturerName>תומר</ManufacturerName><ManufactureCountry>ישראל</ManufactureCountry><ManufacturerItemDescription>מעדן תות שדה 100% פר</ManufacturerItemDescription><SoldByWeight/><Quantity>282.00</Quantity><UnitOfMeasure>גרם     </UnitOfMeasure><QtyInPackage>לא ידוע</QtyInPackage><UnitOfMeasurePrice>0.0539</UnitOfMeasurePrice><AllowDiscount>1</AllowDiscount><ItemStatus>1</ItemStatus><ItemPrice>15.20</ItemPrice></item><item><PriceUpdateDate>2016-06-27 19:05:49</PriceUpdateDate><ItemCode>7290002881094</ItemCode><ItemType>1</ItemType><ItemName>מעדן פרי מיקס  100%</ItemName><ManufacturerName>תומר</ManufacturerName><ManufactureCountry>ישראל</ManufactureCountry><ManufacturerItemDescription>מעדן פרי מיקס  100%</ManufacturerItemDescription><SoldByWeight/><Quantity>282.00</Quantity><UnitOfMeasure>גרם     </UnitOfMeasure><QtyInPackage>לא ידוע</QtyInPackage><UnitOfMeasurePrice>0.0539</UnitOfMeasurePrice><AllowDiscount>1</AllowDiscount><ItemStatus>1</ItemStatus><ItemPrice>15.20</ItemPrice></item><item><PriceUpdateDate>2016-01-05 06:03:57</PriceUpdateDate><ItemCode>7290002881230</ItemCode><ItemType>1</ItemType><ItemName>לפתן אננס חתוך 825 ג</ItemName><ManufacturerName>לא ידוע</ManufacturerName><ManufactureCountry>ישראל</ManufactureCountry><ManufacturerItemDescription>לפתן אננס חתוך 825 ג</ManufacturerItemDescription><SoldByWeight/><Quantity>490.00</Quantity><UnitOfMeasure>גרם     </UnitOfMeasure><QtyInPackage>לא ידוע</QtyInPackage><UnitOfMeasurePrice>0.0167</UnitOfMeasurePrice><AllowDiscount>1</AllowDiscount><ItemStatus>1</ItemStatus><ItemPrice>8.20</ItemPrice></item><item><PriceUpdateDate>2015-11-17 07:39:16</PriceUpdateDate><ItemCode>7290002881414</ItemCode><ItemType>1</ItemType><ItemName>איטריות נודלס עבה  4</ItemName><ManufacturerName>לא ממותג</ManufacturerName><ManufactureCountry>ישראל</ManufactureCountry><ManufacturerItemDescription>איטריות נודלס עבה  4</ManufacturerItemDescription><SoldByWeight/><Quantity>400.00</Quantity><UnitOfMeasure>גרם     </UnitOfMeasure><QtyInPackage>לא ידוע</QtyInPackage><UnitOfMeasurePrice>0.0163</UnitOfMeasurePrice><AllowDiscount>1</AllowDiscount><ItemStatus>1</ItemStatus><ItemPrice>6.50</ItemPrice></item><item><PriceUpdateDate>2016-06-27 19:05:50</PriceUpdateDate><ItemCode>7290002881551</ItemCode><ItemType>1</ItemType><ItemName>עלי גפן ממולאים 400</ItemName><ManufacturerName>תומר</ManufacturerName><ManufactureCountry>ישראל</ManufactureCountry><ManufacturerItemDescription>עלי גפן ממולאים 400</ManufacturerItemDescription><SoldByWeight/><Quantity>360.00</Quantity><UnitOfMeasure>גרם     </UnitOfMeasure><QtyInPackage>לא ידוע</QtyInPackage><UnitOfMeasurePrice>0.0294</UnitOfMeasurePrice><AllowDiscount>1</AllowDiscount><ItemStatus>1</ItemStatus><ItemPrice>10.60</ItemPrice></item><item><PriceUpdateDate>2015-11-17 07:39:16</PriceUpdateDate><ItemCode>7290002881742</ItemCode><ItemType>1</ItemType><ItemName>לבבות דקל פרוסות 400</ItemName><ManufacturerName>תומר</ManufacturerName><ManufactureCountry>ישראל</ManufactureCountry><ManufacturerItemDescription>לבבות דקל פרוסות 400</ManufacturerItemDescription><SoldByWeight/><Quantity>220.00</Quantity><UnitOfMeasure>גרם     </UnitOfMeasure><QtyInPackage>לא ידוע</QtyInPackage><UnitOfMeasurePrice>0.0486</UnitOfMeasurePrice><AllowDiscount>1</AllowDiscount><ItemStatus>1</ItemStatus><ItemPrice>10.70</ItemPrice></item><item><PriceUpdateDate>2016-03-16 13:25:40</PriceUpdateDate><ItemCode>7290002881766</ItemCode><ItemType>1</ItemType><ItemName>פטריות חתוכות שלישיי</ItemName><ManufacturerName>תומר</ManufacturerName><ManufactureCountry>ישראל</ManufactureCountry><ManufacturerItemDescription>פטריות חתוכות שלישיי</ManufacturerItemDescription><SoldByWeight/><Quantity>870.00</Quantity><UnitOfMeasure>גרם     </UnitOfMeasure><QtyInPackage>לא ידוע</QtyInPackage><UnitOfMeasurePrice>0.0125</UnitOfMeasurePrice><AllowDiscount>1</AllowDiscount><ItemStatus>1</ItemStatus><ItemPrice>10.90</ItemPrice></item><item><PriceUpdateDate>2016-08-10 11:22:00</PriceUpdateDate><ItemCode>7290002881865</ItemCode><ItemType>1</ItemType><ItemName>פטריות חתוך 8 אונס 4</ItemName><ManufacturerName>תומר</ManufacturerName><ManufactureCountry>ישראל</ManufactureCountry><ManufacturerItemDescription>פטריות חתוך 8 אונס 4</ManufacturerItemDescription><SoldByWeight/><Quantity>230.00</Quantity><UnitOfMeasure>גרם     </UnitOfMeasure><QtyInPackage>לא ידוע</QtyInPackage><UnitOfMeasurePrice>0.0257</UnitOfMeasurePrice><AllowDiscount>1</AllowDiscount><ItemStatus>1</ItemStatus><ItemPrice>5.90</ItemPrice></item><item><PriceUpdateDate>2015-12-22 07:15:44</PriceUpdateDate><ItemCode>7290002881919</ItemCode><ItemType>1</ItemType><ItemName>פטריות 8 אונס שלם 40</ItemName><ManufacturerName>תומר</ManufacturerName><ManufactureCountry>ישראל</ManufactureCountry><ManufacturerItemDescription>פטריות 8 אונס שלם 40</ManufacturerItemDescription><SoldByWeight/><Quantity>230.00</Quantity><UnitOfMeasure>גרם     </UnitOfMeasure><QtyInPackage>לא ידוע</QtyInPackage><UnitOfMeasurePrice>0.0387</UnitOfMeasurePrice><AllowDiscount>1</AllowDiscount><ItemStatus>1</ItemStatus><ItemPrice>8.90</ItemPrice></item><item><PriceUpdateDate>2016-08-03 07:24:08</PriceUpdateDate><ItemCode>7290002881920</ItemCode><ItemType>1</ItemType><ItemName>ס.מרלבורו גולד ארוך</ItemName><ManufacturerName>מרלבורו</ManufacturerName><ManufactureCountry>ישראל</ManufactureCountry><ManufacturerItemDescription>ס.מרלבורו גולד ארוך</ManufacturerItemDescription><SoldByWeight/><Quantity>0.00</Quantity><UnitOfMeasure>יח'</UnitOfMeasure><QtyInPackage>לא ידוע</QtyInPackage><UnitOfMeasurePrice>0.0000</UnitOfMeasurePrice><AllowDiscount>1</AllowDiscount><ItemStatus>1</ItemStatus><ItemPrice>33.90</ItemPrice></item><item><PriceUpdateDate>2016-08-03 07:24:08</PriceUpdateDate><ItemCode>7290002886925</ItemCode><ItemType>1</ItemType><ItemName>ס.מרלבורו גולד קצר ב</ItemName><ManufacturerName>מרלבורו</ManufacturerName><ManufactureCountry>ישראל</ManufactureCountry><ManufacturerItemDescription>ס.מרלבורו גולד קצר ב</ManufacturerItemDescription><SoldByWeight/><Quantity>0.00</Quantity><UnitOfMeasure>יח'</UnitOfMeasure><QtyInPackage>לא ידוע</QtyInPackage><UnitOfMeasurePrice>0.0000</UnitOfMeasurePrice><AllowDiscount>1</AllowDiscount><ItemStatus>1</ItemStatus><ItemPrice>33.90</ItemPrice></item><item><PriceUpdateDate>2015-11-03 10:07:12</PriceUpdateDate><ItemCode>7290002929529</ItemCode><ItemType>1</ItemType><ItemName>קובה חמוסטה 600 גרם</ItemName><ManufacturerName>שלושת האופים</ManufacturerName><ManufactureCountry>ישראל</ManufactureCountry><ManufacturerItemDescription>קובה חמוסטה 600 גרם</ManufacturerItemDescription><SoldByWeight/><Quantity>600.00</Quantity><UnitOfMeasure>גרם     </UnitOfMeasure><QtyInPackage>לא ידוע</QtyInPackage><UnitOfMeasurePrice>0.0182</UnitOfMeasurePrice><AllowDiscount>1</AllowDiscount><ItemStatus>1</ItemStatus><ItemPrice>10.90</ItemPrice></item><item><PriceUpdateDate>2015-11-03 10:07:12</PriceUpdateDate><ItemCode>7290002929536</ItemCode><ItemType>1</ItemType><ItemName>קובה למרק 600 גרם</ItemName><ManufacturerName>שלושת האופים</ManufacturerName><ManufactureCountry>ישראל</ManufactureCountry><ManufacturerItemDescription>קובה למרק 600 גרם</ManufacturerItemDescription><SoldByWeight/><Quantity>600.00</Quantity><UnitOfMeasure>גרם     </UnitOfMeasure><QtyInPackage>לא ידוע</QtyInPackage><UnitOfMeasurePrice>0.0182</UnitOfMeasurePrice><AllowDiscount>1</AllowDiscount><ItemStatus>1</ItemStatus><ItemPrice>10.90</ItemPrice></item><item><PriceUpdateDate>2016-05-01 07:23:21</PriceUpdateDate><ItemCode>7290002929734</ItemCode><ItemType>1</ItemType><ItemName>גפילטע פיש דלידג 570</ItemName><ManufacturerName>דלידג</ManufacturerName><ManufactureCountry>ישראל</ManufactureCountry><ManufacturerItemDescription>גפילטע פיש דלידג 570</ManufacturerItemDescription><SoldByWeight/><Quantity>570.00</Quantity><UnitOfMeasure>גרם     </UnitOfMeasure><QtyInPackage>לא ידוע</QtyInPackage><UnitOfMeasurePrice>0.0279</UnitOfMeasurePrice><AllowDiscount>0</AllowDiscount><ItemStatus>1</ItemStatus><ItemPrice>15.90</ItemPrice></item><item><PriceUpdateDate>2015-11-17 07:39:16</PriceUpdateDate><ItemCode>7290002971092</ItemCode><ItemType>1</ItemType><ItemName>קמח מלא 1 ק''ג  1 שט</ItemName><ManufacturerName>תומר</ManufacturerName><ManufactureCountry>צרפת</ManufactureCountry><ManufacturerItemDescription>שטיבל 6 קמח מלא שטיבל 1 ק</ManufacturerItemDescription><SoldByWeight/><Quantity>1000.00</Quantity><UnitOfMeasure>גרם     </UnitOfMeasure><QtyInPackage>לא ידוע</QtyInPackage><UnitOfMeasurePrice>0.0120</UnitOfMeasurePrice><AllowDiscount>1</AllowDiscount><ItemStatus>1</ItemStatus><ItemPrice>12.00</ItemPrice></item><item><PriceUpdateDate>2016-05-31 09:33:42</PriceUpdateDate><ItemCode>7290003023165</ItemCode><ItemType>1</ItemType><ItemName>שוקו כד 1.5% יטבתה 2</ItemName><ManufacturerName>יטבתה</ManufacturerName><ManufactureCountry>ישראל</ManufactureCountry><ManufacturerItemDescription>שוקו2 ל.בכד פלסטיק</ManufacturerItemDescription><SoldByWeight/><Quantity>2000.00</Quantity><UnitOfMeasure>מ"ל</UnitOfMeasure><QtyInPackage>לא ידוע</QtyInPackage><UnitOfMeasurePrice>0.0099</UnitOfMeasurePrice><AllowDiscount>1</AllowDiscount><ItemStatus>1</ItemStatus><ItemPrice>19.90</ItemPrice></item><item><PriceUpdateDate>2016-08-02 06:31:25</PriceUpdateDate><ItemCode>7290003029181</ItemCode><ItemType>1</ItemType><ItemName>שוקו יטבתה בקבוק 1 ל</ItemName><ManufacturerName>יטבתה</ManufacturerName><ManufactureCountry>ישראל</ManufactureCountry><ManufacturerItemDescription>שוקו יוטבתה1 ל.בקבוק</ManufacturerItemDescription><SoldByWeight/><Quantity>1000.00</Quantity><UnitOfMeasure>מ"ל</UnitOfMeasure><QtyInPackage>לא ידוע</QtyInPackage><UnitOfMeasurePrice>0.0119</UnitOfMeasurePrice><AllowDiscount>1</AllowDiscount><ItemStatus>1</ItemStatus><ItemPrice>11.90</ItemPrice></item><item><PriceUpdateDate>2016-03-16 13:25:40</PriceUpdateDate><ItemCode>7290003029433</ItemCode><ItemType>1</ItemType><ItemName>שוקו יטבתה עם פקק 25</ItemName><ManufacturerName>יטבתה</ManufacturerName><ManufactureCountry>ישראל</ManufactureCountry><ManufacturerItemDescription>שוקו יטבתה ספורטאים 250 מ</ManufacturerItemDescription><SoldByWeight/><Quantity>250.00</Quantity><UnitOfMeasure>מ"ל</UnitOfMeasure><QtyInPackage>לא ידוע</QtyInPackage><UnitOfMeasurePrice>0.0212</UnitOfMeasurePrice><AllowDiscount>1</AllowDiscount><ItemStatus>1</ItemStatus><ItemPrice>5.30</ItemPrice></item><item><PriceUpdateDate>2016-08-02 06:31:26</PriceUpdateDate><ItemCode>7290003029532</ItemCode><ItemType>1</ItemType><ItemName>מוקה יטבתה 1 ליטר</ItemName><ManufacturerName>יטבתה</ManufacturerName><ManufactureCountry>ישראל</ManufactureCountry><ManufacturerItemDescription>מוקה יוטבתה 1 ליטר</ManufacturerItemDescription><SoldByWeight/><Quantity>1000.00</Quantity><UnitOfMeasure>מ"ל</UnitOfMeasure><QtyInPackage>לא ידוע</QtyInPackage><UnitOfMeasurePrice>0.0119</UnitOfMeasurePrice><AllowDiscount>1</AllowDiscount><ItemStatus>1</ItemStatus><ItemPrice>11.90</ItemPrice></item><item><PriceUpdateDate>2016-08-02 06:31:26</PriceUpdateDate><ItemCode>7290003029907</ItemCode><ItemType>1</ItemType><ItemName>אייס קפה יטבתה 1 ליט</ItemName><ManufacturerName>יטבתה</ManufacturerName><ManufactureCountry>ישראל</ManufactureCountry><ManufacturerItemDescription>קפה יטבתה 1 ליטר</ManufacturerItemDescription><SoldByWeight/><Quantity>1000.00</Quantity><UnitOfMeasure>מ"ל</UnitOfMeasure><QtyInPackage>לא ידוע</QtyInPackage><UnitOfMeasurePrice>0.0119</UnitOfMeasurePrice><AllowDiscount>1</AllowDiscount><ItemStatus>1</ItemStatus><ItemPrice>11.90</ItemPrice></item><item><PriceUpdateDate>2015-11-17 07:39:18</PriceUpdateDate><ItemCode>7290003047635</ItemCode><ItemType>1</ItemType><ItemName>תה ליפטון 25 שקיקים</ItemName><ManufacturerName>ליפטון</ManufacturerName><ManufactureCountry>הודו</ManufactureCountry><ManufacturerItemDescription>נשכן            ת נובי</ManufacturerItemDescription><SoldByWeight/><Quantity>50.00</Quantity><UnitOfMeasure>גרם     </UnitOfMeasure><QtyInPackage>לא ידוע</QtyInPackage><UnitOfMeasurePrice>0.1560</UnitOfMeasurePrice><AllowDiscount>1</AllowDiscount><ItemStatus>1</ItemStatus><ItemPrice>7.80</ItemPrice></item><item><PriceUpdateDate>2016-06-01 10:34:09</PriceUpdateDate><ItemCode>7290003047642</ItemCode><ItemType>1</ItemType><ItemName>מב תה ליפטון 1.5 גרם</ItemName><ManufacturerName>ליפטון</ManufacturerName><ManufactureCountry>הודו</ManufactureCountry><ManufacturerItemDescription>מוצץ בבליסטר     3 יח'</ManufacturerItemDescription><SoldByWeight/><Quantity>200.00</Quantity><UnitOfMeasure>גרם     </UnitOfMeasure><QtyInPackage>לא ידוע</QtyInPackage><UnitOfMeasurePrice>0.0845</UnitOfMeasurePrice><AllowDiscount>1</AllowDiscount><ItemStatus>1</ItemStatus><ItemPrice>16.90</ItemPrice></item><item><PriceUpdateDate>2016-05-29 06:25:03</PriceUpdateDate><ItemCode>7290003069583</ItemCode><ItemType>3</ItemType><ItemName>סטייק סלמון נורווגי</ItemName><ManufacturerName>דלידג</ManufacturerName><ManufactureCountry>ישראל</ManufactureCountry><ManufacturerItemDescription>סטייק סלמון נורווגי</ManufacturerItemDescription><SoldByWeight/><Quantity>1.00</Quantity><UnitOfMeasure>ק"ג</UnitOfMeasure><QtyInPackage>לא ידוע</QtyInPackage><UnitOfMeasurePrice>64.9000</UnitOfMeasurePrice><AllowDiscount>1</AllowDiscount><ItemStatus>1</ItemStatus><ItemPrice>64.90</ItemPrice></item><item><PriceUpdateDate>2016-05-10 16:56:11</PriceUpdateDate><ItemCode>7290003069590</ItemCode><ItemType>1</ItemType><ItemName>דג סול יח'</ItemName><ManufacturerName>דלידג</ManufacturerName><ManufactureCountry>ישראל</ManufactureCountry><ManufacturerItemDescription>דג סול יח'</ManufacturerItemDescription><SoldByWeight/><Quantity>1000.00</Quantity><UnitOfMeasure>גרם     </UnitOfMeasure><QtyInPackage>לא ידוע</QtyInPackage><UnitOfMeasurePrice>0.0229</UnitOfMeasurePrice><AllowDiscount>1</AllowDiscount><ItemStatus>1</ItemStatus><ItemPrice>22.90</ItemPrice></item><item><PriceUpdateDate>2015-01-27 06:48:11</PriceUpdateDate><ItemCode>7290003102976</ItemCode><ItemType>1</ItemType><ItemName>קסמי אוזניים קופסה פ</ItemName><ManufacturerName>לא ידוע</ManufacturerName><ManufactureCountry>ישראל</ManufactureCountry><ManufacturerItemDescription>קסמי אוזניים קופסה פ</ManufacturerItemDescription><SoldByWeight/><Quantity>200.00</Quantity><UnitOfMeasure>יח'</UnitOfMeasure><QtyInPackage>לא ידוע</QtyInPackage><UnitOfMeasurePrice>0.0235</UnitOfMeasurePrice><AllowDiscount>1</AllowDiscount><ItemStatus>1</ItemStatus><ItemPrice>4.70</ItemPrice></item><item><PriceUpdateDate>2016-03-16 13:26:06</PriceUpdateDate><ItemCode>7290003119110</ItemCode><ItemType>1</ItemType><ItemName>קוקה קולה שישייה. 1.</ItemName><ManufacturerName>קוקה קולה</ManufacturerName><ManufactureCountry>ישראל</ManufactureCountry><ManufacturerItemDescription>קוקה קולה 1.5 ל</ManufacturerItemDescription><SoldByWeight/><Quantity>9000.00</Quantity><UnitOfMeasure>מ"ל</UnitOfMeasure><QtyInPackage>לא ידוע</QtyInPackage><UnitOfMeasurePrice>0.0040</UnitOfMeasurePrice><AllowDiscount>1</AllowDiscount><ItemStatus>1</ItemStatus><ItemPrice>35.90</ItemPrice></item><item><PriceUpdateDate>2015-10-22 09:59:00</PriceUpdateDate><ItemCode>7290003121106</ItemCode><ItemType>1</ItemType><ItemName>מג'יק אטריות בטעם מר</ItemName><ManufacturerName>מג'יק</ManufacturerName><ManufactureCountry>ישראל</ManufactureCountry><ManufacturerItemDescription>מג'יק אטריות בטעם מר</ManufacturerItemDescription><SoldByWeight/><Quantity>14.00</Quantity><UnitOfMeasure>גרם     </UnitOfMeasure><QtyInPackage>לא ידוע</QtyInPackage><UnitOfMeasurePrice>0.3000</UnitOfMeasurePrice><AllowDiscount>1</AllowDiscount><ItemStatus>1</ItemStatus><ItemPrice>4.20</ItemPrice></item><item><PriceUpdateDate>2016-05-01 07:23:22</PriceUpdateDate><ItemCode>7290003126019</ItemCode><ItemType>1</ItemType><ItemName>גבינת קרם עיזים5% 25</ItemName><ManufacturerName>משק צוריאל</ManufacturerName><ManufactureCountry>ישראל</ManufactureCountry><ManufacturerItemDescription>גבינת קרם עיזים5% 25</ManufacturerItemDescription><SoldByWeight/><Quantity>250.00</Quantity><UnitOfMeasure>מ"ל</UnitOfMeasure><QtyInPackage>לא ידוע</QtyInPackage><UnitOfMeasurePrice>0.0708</UnitOfMeasurePrice><AllowDiscount>1</AllowDiscount><ItemStatus>1</ItemStatus><ItemPrice>17.70</ItemPrice></item><item><PriceUpdateDate>2015-10-22 09:59:00</PriceUpdateDate><ItemCode>7290003126712</ItemCode><ItemType>1</ItemType><ItemName>יוגורט עיזים טבעי 15</ItemName><ManufacturerName>משק צוריאל</ManufacturerName><ManufactureCountry>ישראל</ManufactureCountry><ManufacturerItemDescription>יוגורט עיזים 150 3.9% גר</ManufacturerItemDescription><SoldByWeight/><Quantity>140.00</Quantity><UnitOfMeasure>מ"ל</UnitOfMeasure><QtyInPackage>לא ידוע</QtyInPackage><UnitOfMeasurePrice>0.0493</UnitOfMeasurePrice><AllowDiscount>0</AllowDiscount><ItemStatus>1</ItemStatus><ItemPrice>6.90</ItemPrice></item><item><PriceUpdateDate>2015-10-22 09:59:00</PriceUpdateDate><ItemCode>7290003126958</ItemCode><ItemType>1</ItemType><ItemName>טופו טבעי 300 גרם</ItemName><ManufacturerName>משק צוריאל</ManufacturerName><ManufactureCountry>ארצות הברית</ManufactureCountry><ManufacturerItemDescription>טופו גולמי ואקום 300 גר</ManufacturerItemDescription><SoldByWeight/><Quantity>300.00</Quantity><UnitOfMeasure>גרם     </UnitOfMeasure><QtyInPackage>לא ידוע</QtyInPackage><UnitOfMeasurePrice>0.0463</UnitOfMeasurePrice><AllowDiscount>1</AllowDiscount><ItemStatus>1</ItemStatus><ItemPrice>13.90</ItemPrice></item><item><PriceUpdateDate>2016-08-02 06:36:21</PriceUpdateDate><ItemCode>7290003143139</ItemCode><ItemType>1</ItemType><ItemName>מב סילאן 900 גרם קלי</ItemName><ManufacturerName>לא ממותג</ManufacturerName><ManufactureCountry>ישראל</ManufactureCountry><ManufacturerItemDescription>מב סילאן 900 גרם קלי</ManufacturerItemDescription><SoldByWeight/><Quantity>900.00</Quantity><UnitOfMeasure>גרם     </UnitOfMeasure><QtyInPackage>לא ידוע</QtyInPackage><UnitOfMeasurePrice>0.0166</UnitOfMeasurePrice><AllowDiscount>1</AllowDiscount><ItemStatus>1</ItemStatus><ItemPrice>14.90</ItemPrice></item><item><PriceUpdateDate>2016-05-17 17:39:04</PriceUpdateDate><ItemCode>7290003143146</ItemCode><ItemType>1</ItemType><ItemName>ממרח תמרים קליית גת</ItemName><ManufacturerName>לא ממותג</ManufacturerName><ManufactureCountry>ישראל</ManufactureCountry><ManufacturerItemDescription>ממרח תמרים קליית גת</ManufacturerItemDescription><SoldByWeight/><Quantity>450.00</Quantity><UnitOfMeasure>גרם     </UnitOfMeasure><QtyInPackage>לא ידוע</QtyInPackage><UnitOfMeasurePrice>0.0167</UnitOfMeasurePrice><AllowDiscount>1</AllowDiscount><ItemStatus>1</ItemStatus><ItemPrice>7.50</ItemPrice></item><item><PriceUpdateDate>2016-05-31 09:30:55</PriceUpdateDate><ItemCode>7290003144020</ItemCode><ItemType>1</ItemType><ItemName>שוקולד צ'וקטה מריר 6</ItemName><ManufacturerName>יוגטה</ManufacturerName><ManufactureCountry>ישראל</ManufactureCountry><ManufacturerItemDescription>שוקולד צ'וקטה מריר 6</ManufacturerItemDescription><SoldByWeight/><Quantity>100.00</Quantity><UnitOfMeasure>גרם     </UnitOfMeasure><QtyInPackage>לא ידוע</QtyInPackage><UnitOfMeasurePrice>0.0590</UnitOfMeasurePrice><AllowDiscount>1</AllowDiscount><ItemStatus>1</ItemStatus><ItemPrice>5.90</ItemPrice></item><item><PriceUpdateDate>2016-06-27 19:05:50</PriceUpdateDate><ItemCode>7290003144068</ItemCode><ItemType>1</ItemType><ItemName>שוקולד מריר 60% מארז</ItemName><ManufacturerName>יוגטה</ManufacturerName><ManufactureCountry>ספרד</ManufactureCountry><ManufacturerItemDescription>טואלט דאק זוג   750*מ"ל</ManufacturerItemDescription><SoldByWeight/><Quantity>300.00</Quantity><UnitOfMeasure>גרם     </UnitOfMeasure><QtyInPackage>לא ידוע</QtyInPackage><UnitOfMeasurePrice>0.0540</UnitOfMeasurePrice><AllowDiscount>1</AllowDiscount><ItemStatus>1</ItemStatus><ItemPrice>16.20</ItemPrice></item><item><PriceUpdateDate>2016-08-02 06:36:21</PriceUpdateDate><ItemCode>7290003144082</ItemCode><ItemType>1</ItemType><ItemName>מב צ'וקטה עוגות אישי</ItemName><ManufacturerName>יוגטה</ManufacturerName><ManufactureCountry>ישראל</ManufactureCountry><ManufacturerItemDescription>מב צ'וקטה עוגות אישי</ManufacturerItemDescription><SoldByWeight/><Quantity>300.00</Quantity><UnitOfMeasure>גרם     </UnitOfMeasure><QtyInPackage>לא ידוע</QtyInPackage><UnitOfMeasurePrice>0.0363</UnitOfMeasurePrice><AllowDiscount>1</AllowDiscount><ItemStatus>1</ItemStatus><ItemPrice>10.90</ItemPrice></item><item><PriceUpdateDate>2016-05-01 07:23:22</PriceUpdateDate><ItemCode>7290003144419</ItemCode><ItemType>1</ItemType><ItemName>סילאן טבעי 710 גרם ק</ItemName><ManufacturerName>קליית גת</ManufacturerName><ManufactureCountry>לא ידוע</ManufactureCountry><ManufacturerItemDescription>סילאן טבעי 710 גרם ק</ManufacturerItemDescription><SoldByWeight/><Quantity>710.00</Quantity><UnitOfMeasure>גרם     </UnitOfMeasure><QtyInPackage>לא ידוע</QtyInPackage><UnitOfMeasurePrice>0.0449</UnitOfMeasurePrice><AllowDiscount>1</AllowDiscount><ItemStatus>1</ItemStatus><ItemPrice>31.90</ItemPrice></item><item><PriceUpdateDate>2016-03-29 06:06:29</PriceUpdateDate><ItemCode>7290003187843</ItemCode><ItemType>1</ItemType><ItemName>בקר טחון קפוא 500 גר</ItemName><ManufacturerName>טיבון ויל</ManufacturerName><ManufactureCountry>ישראל</ManufactureCountry><ManufacturerItemDescription>טחון עגל 500 גר</ManufacturerItemDescription><SoldByWeight/><Quantity>500.00</Quantity><UnitOfMeasure>גרם     </UnitOfMeasure><QtyInPackage>לא ידוע</QtyInPackage><UnitOfMeasurePrice>0.0558</UnitOfMeasurePrice><AllowDiscount>1</AllowDiscount><ItemStatus>1</ItemStatus><ItemPrice>27.90</ItemPrice></item><item><PriceUpdateDate>2016-04-01 07:46:11</PriceUpdateDate><ItemCode>7290003231607</ItemCode><ItemType>1</ItemType><ItemName>מרכך פינוק בתוספת קר</ItemName><ManufacturerName>פינוק</ManufacturerName><ManufactureCountry>ישראל</ManufactureCountry><ManufacturerItemDescription>מרכך פינוק בתוספת קר</ManufacturerItemDescription><SoldByWeight/><Quantity>700.00</Quantity><UnitOfMeasure>מ"ל</UnitOfMeasure><QtyInPackage>לא ידוע</QtyInPackage><UnitOfMeasurePrice>0.0184</UnitOfMeasurePrice><AllowDiscount>1</AllowDiscount><ItemStatus>1</ItemStatus><ItemPrice>12.90</ItemPrice></item><item><PriceUpdateDate>2016-08-10 11:21:42</PriceUpdateDate><ItemCode>7290003251308</ItemCode><ItemType>1</ItemType><ItemName>אצטון שוורץ 100 סמ"ק</ItemName><ManufacturerName>שוורץ</ManufacturerName><ManufactureCountry>ישראל</ManufactureCountry><ManufacturerItemDescription>אצטון</ManufacturerItemDescription><SoldByWeight/><Quantity>100.00</Quantity><UnitOfMeasure>מ"ל</UnitOfMeasure><QtyInPackage>לא ידוע</QtyInPackage><UnitOfMeasurePrice>0.0490</UnitOfMeasurePrice><AllowDiscount>1</AllowDiscount><ItemStatus>1</ItemStatus><ItemPrice>4.90</ItemPrice></item><item><PriceUpdateDate>2016-03-16 13:25:40</PriceUpdateDate><ItemCode>7290003321155</ItemCode><ItemType>1</ItemType><ItemName>דנונה בר פקאן סיני מ</ItemName><ManufacturerName>דנונה</ManufacturerName><ManufactureCountry>ישראל</ManufactureCountry><ManufacturerItemDescription>דנונהדגנים פקאןסיני+שוקול</ManufacturerItemDescription><SoldByWeight/><Quantity>183.00</Quantity><UnitOfMeasure>גרם     </UnitOfMeasure><QtyInPackage>לא ידוע</QtyInPackage><UnitOfMeasurePrice>0.0246</UnitOfMeasurePrice><AllowDiscount>1</AllowDiscount><ItemStatus>1</ItemStatus><ItemPrice>4.50</ItemPrice></item><item><PriceUpdateDate>2015-11-17 07:39:21</PriceUpdateDate><ItemCode>7290003411566</ItemCode><ItemType>1</ItemType><ItemName>צמרונים 200 יח</ItemName><ManufacturerName>הנמל</ManufacturerName><ManufactureCountry>ישראל</ManufactureCountry><ManufacturerItemDescription>צמרונים 200 יח</ManufacturerItemDescription><SoldByWeight/><Quantity>0.00</Quantity><UnitOfMeasure>יח'</UnitOfMeasure><QtyInPackage>לא ידוע</QtyInPackage><UnitOfMeasurePrice>0.0000</UnitOfMeasurePrice><AllowDiscount>1</AllowDiscount><ItemStatus>1</ItemStatus><ItemPrice>3.30</ItemPrice></item><item><PriceUpdateDate>2015-11-17 07:39:21</PriceUpdateDate><ItemCode>7290003411689</ItemCode><ItemType>1</ItemType><ItemName>לפתניה חד פעמי לבן 2</ItemName><ManufacturerName>הנמל</ManufacturerName><ManufactureCountry>ישראל</ManufactureCountry><ManufacturerItemDescription>לפתניה חד פעמי לבן 2</ManufacturerItemDescription><SoldByWeight/><Quantity>25.00</Quantity><UnitOfMeasure>בודד</UnitOfMeasure><QtyInPackage>לא ידוע</QtyInPackage><UnitOfMeasurePrice>0.1720</UnitOfMeasurePrice><AllowDiscount>1</AllowDiscount><ItemStatus>1</ItemStatus><ItemPrice>4.30</ItemPrice></item><item><PriceUpdateDate>2016-08-10 11:21:42</PriceUpdateDate><ItemCode>7290003411696</ItemCode><ItemType>1</ItemType><ItemName>מרקיות חד פעמי לבן 2</ItemName><ManufacturerName>הנמל</ManufacturerName><ManufactureCountry>ישראל</ManufactureCountry><ManufacturerItemDescription>מרקיות חד פעמי 25 יח</ManufacturerItemDescription><SoldByWeight/><Quantity>25.00</Quantity><UnitOfMeasure>בודד</UnitOfMeasure><QtyInPackage>לא ידוע</QtyInPackage><UnitOfMeasurePrice>0.2760</UnitOfMeasurePrice><AllowDiscount>1</AllowDiscount><ItemStatus>1</ItemStatus><ItemPrice>6.90</ItemPrice></item><item><PriceUpdateDate>2016-03-16 13:25:40</PriceUpdateDate><ItemCode>7290003411948</ItemCode><ItemType>1</ItemType><ItemName>צמר גפן 100 גרם</ItemName><ManufacturerName>הנמל</ManufacturerName><ManufactureCountry>ישראל</ManufactureCountry><ManufacturerItemDescription>צמר גפן 100 גרם</ManufacturerItemDescription><SoldByWeight/><Quantity>100.00</Quantity><UnitOfMeasure>גרם     </UnitOfMeasure><QtyInPackage>לא ידוע</QtyInPackage><UnitOfMeasurePrice>0.0490</UnitOfMeasurePrice><AllowDiscount>1</AllowDiscount><ItemStatus>1</ItemStatus><ItemPrice>4.90</ItemPrice></item><item><PriceUpdateDate>2016-08-10 11:21:42</PriceUpdateDate><ItemCode>7290003411993</ItemCode><ItemType>1</ItemType><ItemName>גפרורים 10 יח'</ItemName><ManufacturerName>הנמל</ManufacturerName><ManufactureCountry>ישראל</ManufactureCountry><ManufacturerItemDescription>גפרורים 10 יח'</ManufacturerItemDescription><SoldByWeight/><Quantity>0.00</Quantity><UnitOfMeasure>יח'</UnitOfMeasure><QtyInPackage>לא ידוע</QtyInPackage><UnitOfMeasurePrice>0.0000</UnitOfMeasurePrice><AllowDiscount>1</AllowDiscount><ItemStatus>1</ItemStatus><ItemPrice>4.90</ItemPrice></item><item><PriceUpdateDate>2015-11-17 07:37:49</PriceUpdateDate><ItemCode>7290003423909</ItemCode><ItemType>1</ItemType><ItemName>חטיף קוקיס אנד קרים-</ItemName><ManufacturerName>הרשיז</ManufacturerName><ManufactureCountry>ישראל</ManufactureCountry><ManufacturerItemDescription>חטיף קוקיס אנד קרים-</ManufacturerItemDescription><SoldByWeight/><Quantity>43.00</Quantity><UnitOfMeasure>גרם     </UnitOfMeasure><QtyInPackage>לא ידוע</QtyInPackage><UnitOfMeasurePrice>0.1163</UnitOfMeasurePrice><AllowDiscount>1</AllowDiscount><ItemStatus>1</ItemStatus><ItemPrice>5.00</ItemPrice></item><item><PriceUpdateDate>2016-08-02 06:31:27</PriceUpdateDate><ItemCode>7290003427154</ItemCode><ItemType>1</ItemType><ItemName>שמן זית זיתא כתית מע</ItemName><ManufacturerName>זיתא</ManufacturerName><ManufactureCountry>ישראל</ManufactureCountry><ManufacturerItemDescription>שמן זית כתית מעולה 750 מל</ManufacturerItemDescription><SoldByWeight/><Quantity>750.00</Quantity><UnitOfMeasure>מ"ל</UnitOfMeasure><QtyInPackage>לא ידוע</QtyInPackage><UnitOfMeasurePrice>0.0532</UnitOfMeasurePrice><AllowDiscount>1</AllowDiscount><ItemStatus>1</ItemStatus><ItemPrice>39.90</ItemPrice></item><item><PriceUpdateDate>2015-12-01 06:47:47</PriceUpdateDate><ItemCode>7290003434053</ItemCode><ItemType>1</ItemType><ItemName>חטיפי הקפאה פופאייס</ItemName><ManufacturerName>לא ממותג</ManufacturerName><ManufactureCountry>ישראל</ManufactureCountry><ManufacturerItemDescription>משקה להקפאה סופר פופאייס</ManufacturerItemDescription><SoldByWeight/><Quantity>867.00</Quantity><UnitOfMeasure>גרם     </UnitOfMeasure><QtyInPackage>לא ידוע</QtyInPackage><UnitOfMeasurePrice>0.0075</UnitOfMeasurePrice><AllowDiscount>1</AllowDiscount><ItemStatus>1</ItemStatus><ItemPrice>6.50</ItemPrice></item><item><PriceUpdateDate>2015-01-27 06:47:14</PriceUpdateDate><ItemCode>7290003438914</ItemCode><ItemType>1</ItemType><ItemName>ממרח ויקול שמן קנולה</ItemName><ManufacturerName>אוליביה</ManufacturerName><ManufactureCountry>ישראל</ManufactureCountry><ManufacturerItemDescription>ממרח ויקול שמן קנולה</ManufacturerItemDescription><SoldByWeight/><Quantity>150.00</Quantity><UnitOfMeasure>גרם     </UnitOfMeasure><QtyInPackage>לא ידוע</QtyInPackage><UnitOfMeasurePrice>0.0620</UnitOfMeasurePrice><AllowDiscount>1</AllowDiscount><ItemStatus>1</ItemStatus><ItemPrice>9.30</ItemPrice></item><item><PriceUpdateDate>2015-11-17 07:37:49</PriceUpdateDate><ItemCode>7290003444009</ItemCode><ItemType>1</ItemType><ItemName>הרשי'ז -ריזס חטיף  ש</ItemName><ManufacturerName>הרשיז</ManufacturerName><ManufactureCountry>ישראל</ManufactureCountry><ManufacturerItemDescription>הרשי'ז -ריזס חטיף  ש</ManufacturerItemDescription><SoldByWeight/><Quantity>42.00</Quantity><UnitOfMeasure>גרם     </UnitOfMeasure><QtyInPackage>לא ידוע</QtyInPackage><UnitOfMeasurePrice>0.0952</UnitOfMeasurePrice><AllowDiscount>1</AllowDiscount><ItemStatus>1</ItemStatus><ItemPrice>4.00</ItemPrice></item><item><PriceUpdateDate>2015-06-17 06:55:48</PriceUpdateDate><ItemCode>7290003449305</ItemCode><ItemType>1</ItemType><ItemName>חטיף ריזס קריספי קרא</ItemName><ManufacturerName>הרשיז</ManufacturerName><ManufactureCountry>לא ידוע</ManufactureCountry><ManufacturerItemDescription>חטיף ריזס קריספי קרא</ManufacturerItemDescription><SoldByWeight/><Quantity>48.00</Quantity><UnitOfMeasure>גרם     </UnitOfMeasure><QtyInPackage>לא ידוע</QtyInPackage><UnitOfMeasurePrice>0.1021</UnitOfMeasurePrice><AllowDiscount>1</AllowDiscount><ItemStatus>1</ItemStatus><ItemPrice>4.90</ItemPrice></item><item><PriceUpdateDate>2016-05-01 07:23:23</PriceUpdateDate><ItemCode>7290003450022</ItemCode><ItemType>1</ItemType><ItemName>היינץ מיולייט היינץ</ItemName><ManufacturerName>היינץ</ManufacturerName><ManufactureCountry>ספרד</ManufactureCountry><ManufacturerItemDescription>מיזלי קראנץ     ירות 1 ק</ManufacturerItemDescription><SoldByWeight/><Quantity>430.00</Quantity><UnitOfMeasure>גרם     </UnitOfMeasure><QtyInPackage>לא ידוע</QtyInPackage><UnitOfMeasurePrice>0.0286</UnitOfMeasurePrice><AllowDiscount>0</AllowDiscount><ItemStatus>1</ItemStatus><ItemPrice>12.30</ItemPrice></item><item><PriceUpdateDate>2016-05-01 07:23:23</PriceUpdateDate><ItemCode>7290003450091</ItemCode><ItemType>1</ItemType><ItemName>מיונז היינץ אמיתי 43</ItemName><ManufacturerName>היינץ</ManufacturerName><ManufactureCountry>ספרד</ManufactureCountry><ManufacturerItemDescription>גרנולה אגוזים   ק"ג</ManufacturerItemDescription><SoldByWeight/><Quantity>430.00</Quantity><UnitOfMeasure>גרם     </UnitOfMeasure><QtyInPackage>לא ידוע</QtyInPackage><UnitOfMeasurePrice>0.0286</UnitOfMeasurePrice><AllowDiscount>0</AllowDiscount><ItemStatus>1</ItemStatus><ItemPrice>12.30</ItemPrice></item><item><PriceUpdateDate>2016-08-02 06:31:27</PriceUpdateDate><ItemCode>7290003450602</ItemCode><ItemType>1</ItemType><ItemName>היינץ חרדל אמיתי 255</ItemName><ManufacturerName>היינץ</ManufacturerName><ManufactureCountry>ארצות הברית</ManufactureCountry><ManufacturerItemDescription>כריות הנקה      דות הנקה</ManufacturerItemDescription><SoldByWeight/><Quantity>255.00</Quantity><UnitOfMeasure>גרם     </UnitOfMeasure><QtyInPackage>לא ידוע</QtyInPackage><UnitOfMeasurePrice>0.0467</UnitOfMeasurePrice><AllowDiscount>1</AllowDiscount><ItemStatus>1</ItemStatus><ItemPrice>11.90</ItemPrice></item><item><PriceUpdateDate>2016-03-29 06:06:29</PriceUpdateDate><ItemCode>7290003451296</ItemCode><ItemType>3</ItemType><ItemName>נסיכת נילוס פרוס בוו</ItemName><ManufacturerName>בלדי</ManufacturerName><ManufactureCountry>אוגנדה</ManufactureCountry><ManufacturerItemDescription>נסיכת הנילוס פרוס ארוז לק</ManufacturerItemDescription><SoldByWeight/><Quantity>1.00</Quantity><UnitOfMeasure>ק"ג</UnitOfMeasure><QtyInPackage>לא ידוע</QtyInPackage><UnitOfMeasurePrice>55.0000</UnitOfMeasurePrice><AllowDiscount>1</AllowDiscount><ItemStatus>1</ItemStatus><ItemPrice>55.00</ItemPrice></item><item><PriceUpdateDate>2016-06-28 06:23:45</PriceUpdateDate><ItemCode>7290003457991</ItemCode><ItemType>1</ItemType><ItemName>מב מאגדת קורנטו קלאס</ItemName><ManufacturerName>שטראוס גלידה</ManufacturerName><ManufactureCountry>ישראל</ManufactureCountry><ManufacturerItemDescription>טילון קורנטו קלאסיקו משפח</ManufacturerItemDescription><SoldByWeight/><Quantity>360.00</Quantity><UnitOfMeasure>גרם     </UnitOfMeasure><QtyInPackage>לא ידוע</QtyInPackage><UnitOfMeasurePrice>0.0692</UnitOfMeasurePrice><AllowDiscount>1</AllowDiscount><ItemStatus>1</ItemStatus><ItemPrice>24.90</ItemPrice></item><item><PriceUpdateDate>2016-05-31 09:33:43</PriceUpdateDate><ItemCode>7290003514007</ItemCode><ItemType>1</ItemType><ItemName>מב שקדי מרק מנה 400</ItemName><ManufacturerName>מנה</ManufacturerName><ManufactureCountry>ישראל</ManufactureCountry><ManufacturerItemDescription>שקדי מרק מנה 400 גרם</ManufacturerItemDescription><SoldByWeight/><Quantity>400.00</Quantity><UnitOfMeasure>גרם     </UnitOfMeasure><QtyInPackage>לא ידוע</QtyInPackage><UnitOfMeasurePrice>0.0213</UnitOfMeasurePrice><AllowDiscount>1</AllowDiscount><ItemStatus>1</ItemStatus><ItemPrice>8.50</ItemPrice></item><item><PriceUpdateDate>2015-10-13 09:48:16</PriceUpdateDate><ItemCode>7290003514045</ItemCode><ItemType>1</ItemType><ItemName>קראנצ'וס ברביקיו 70</ItemName><ManufacturerName>מנה</ManufacturerName><ManufactureCountry>ישראל</ManufactureCountry><ManufacturerItemDescription>חטיף קראנצוס ברביקיו 70 ג</ManufacturerItemDescription><SoldByWeight/><Quantity>70.00</Quantity><UnitOfMeasure>גרם     </UnitOfMeasure><QtyInPackage>לא ידוע</QtyInPackage><UnitOfMeasurePrice>0.0629</UnitOfMeasurePrice><AllowDiscount>1</AllowDiscount><ItemStatus>1</ItemStatus><ItemPrice>4.40</ItemPrice></item><item><PriceUpdateDate>2015-10-13 09:48:16</PriceUpdateDate><ItemCode>7290003514069</ItemCode><ItemType>1</ItemType><ItemName>קראנצ'וס בצל 70 גרם</ItemName><ManufacturerName>מנה</ManufacturerName><ManufactureCountry>ישראל</ManufactureCountry><ManufacturerItemDescription>קראנצ'וס בצל 70 גרם</ManufacturerItemDescription><SoldByWeight/><Quantity>70.00</Quantity><UnitOfMeasure>גרם     </UnitOfMeasure><QtyInPackage>לא ידוע</QtyInPackage><UnitOfMeasurePrice>0.0629</UnitOfMeasurePrice><AllowDiscount>1</AllowDiscount><ItemStatus>1</ItemStatus><ItemPrice>4.40</ItemPrice></item><item><PriceUpdateDate>2015-10-13 09:48:16</PriceUpdateDate><ItemCode>7290003514571</ItemCode><ItemType>1</ItemType><ItemName>מנה פריכיות אורז עם</ItemName><ManufacturerName>מנה</ManufacturerName><ManufactureCountry>ישראל</ManufactureCountry><ManufacturerItemDescription>פריכונים אורז עם מלח100 ג</ManufacturerItemDescription><SoldByWeight/><Quantity>100.00</Quantity><UnitOfMeasure>גרם     </UnitOfMeasure><QtyInPackage>לא ידוע</QtyInPackage><UnitOfMeasurePrice>0.0720</UnitOfMeasurePrice><AllowDiscount>1</AllowDiscount><ItemStatus>1</ItemStatus><ItemPrice>7.20</ItemPrice></item><item><PriceUpdateDate>2015-10-13 09:48:16</PriceUpdateDate><ItemCode>7290003514588</ItemCode><ItemType>1</ItemType><ItemName>מנה פריכיות אורז ללא</ItemName><ManufacturerName>מנה</ManufacturerName><ManufactureCountry>ישראל</ManufactureCountry><ManufacturerItemDescription>פריכיות אורז ללא מלח100 ג</ManufacturerItemDescription><SoldByWeight/><Quantity>100.00</Quantity><UnitOfMeasure>גרם     </UnitOfMeasure><QtyInPackage>לא ידוע</QtyInPackage><UnitOfMeasurePrice>0.0720</UnitOfMeasurePrice><AllowDiscount>1</AllowDiscount><ItemStatus>1</ItemStatus><ItemPrice>7.20</ItemPrice></item><item><PriceUpdateDate>2015-10-13 09:48:17</PriceUpdateDate><ItemCode>7290003514663</ItemCode><ItemType>1</ItemType><ItemName>מנה פריכיות אורז עם</ItemName><ManufacturerName>מנה</ManufacturerName><ManufactureCountry>ישראל</ManufactureCountry><ManufacturerItemDescription>מנה פריכיות אורז עם</ManufacturerItemDescription><SoldByWeight/><Quantity>100.00</Quantity><UnitOfMeasure>גרם     </UnitOfMeasure><QtyInPackage>לא ידוע</QtyInPackage><UnitOfMeasurePrice>0.0720</UnitOfMeasurePrice><AllowDiscount>1</AllowDiscount><ItemStatus>1</ItemStatus><ItemPrice>7.20</ItemPrice></item><item><PriceUpdateDate>2015-11-17 07:39:22</PriceUpdateDate><ItemCode>7290003525478</ItemCode><ItemType>1</ItemType><ItemName>סלט טונה ויליגר 160</ItemName><ManufacturerName>ויליגר</ManufacturerName><ManufactureCountry>ישראל</ManufactureCountry><ManufacturerItemDescription>סלט טונה ויליגר 160 גר</ManufacturerItemDescription><SoldByWeight/><Quantity>160.00</Quantity><UnitOfMeasure>גרם     </UnitOfMeasure><QtyInPackage>לא ידוע</QtyInPackage><UnitOfMeasurePrice>0.0381</UnitOfMeasurePrice><AllowDiscount>1</AllowDiscount><ItemStatus>1</ItemStatus><ItemPrice>6.10</ItemPrice></item><item><PriceUpdateDate>2015-01-27 06:47:27</PriceUpdateDate><ItemCode>7290003578078</ItemCode><ItemType>1</ItemType><ItemName>ליפתן קוקטייל טרופי</ItemName><ManufacturerName>וילי פוד</ManufacturerName><ManufactureCountry>תאילנד</ManufactureCountry><ManufacturerItemDescription>לפתן קוקטייל טרופי820 גר</ManufacturerItemDescription><SoldByWeight/><Quantity>470.00</Quantity><UnitOfMeasure>גרם     </UnitOfMeasure><QtyInPackage>לא ידוע</QtyInPackage><UnitOfMeasurePrice>0.0194</UnitOfMeasurePrice><AllowDiscount>1</AllowDiscount><ItemStatus>1</ItemStatus><ItemPrice>9.10</ItemPrice></item><item><PriceUpdateDate>2016-02-26 06:48:16</PriceUpdateDate><ItemCode>7290003608546</ItemCode><ItemType>1</ItemType><ItemName>תפוזינה תות בננה 1.5</ItemName><ManufacturerName>תפוזינה</ManufacturerName><ManufactureCountry>ישראל</ManufactureCountry><ManufacturerItemDescription>תפוזינה תות בננה 1.5</ManufacturerItemDescription><SoldByWeight/><Quantity>1500.00</Quantity><UnitOfMeasure>מ"ל</UnitOfMeasure><QtyInPackage>לא ידוע</QtyInPackage><UnitOfMeasurePrice>0.0050</UnitOfMeasurePrice><AllowDiscount>1</AllowDiscount><ItemStatus>1</ItemStatus><ItemPrice>7.50</ItemPrice></item><item><PriceUpdateDate>2016-05-31 09:33:43</PriceUpdateDate><ItemCode>7290003643004</ItemCode><ItemType>1</ItemType><ItemName>אורז בסמטי 1 ק"ג</ItemName><ManufacturerName>סוגת</ManufacturerName><ManufactureCountry>ישראל</ManufactureCountry><ManufacturerItemDescription>אורז בסמטי קלאסי1 קג</ManufacturerItemDescription><SoldByWeight/><Quantity>1000.00</Quantity><UnitOfMeasure>גרם     </UnitOfMeasure><QtyInPackage>לא ידוע</QtyInPackage><UnitOfMeasurePrice>0.0119</UnitOfMeasurePrice><AllowDiscount>1</AllowDiscount><ItemStatus>1</ItemStatus><ItemPrice>11.90</ItemPrice></item><item><PriceUpdateDate>2015-11-17 07:39:23</PriceUpdateDate><ItemCode>7290003643127</ItemCode><ItemType>1</ItemType><ItemName>אבקת אפיה סוגת 100 ג</ItemName><ManufacturerName>סוגת</ManufacturerName><ManufactureCountry>ישראל</ManufactureCountry><ManufacturerItemDescription>אבקת אפיה סוגת 100 ג</ManufacturerItemDescription><SoldByWeight/><Quantity>100.00</Quantity><UnitOfMeasure>גרם     </UnitOfMeasure><QtyInPackage>לא ידוע</QtyInPackage><UnitOfMeasurePrice>0.0340</UnitOfMeasurePrice><AllowDiscount>1</AllowDiscount><ItemStatus>1</ItemStatus><ItemPrice>3.40</ItemPrice></item><item><PriceUpdateDate>2015-10-22 09:59:01</PriceUpdateDate><ItemCode>7290003643141</ItemCode><ItemType>1</ItemType><ItemName>סודה לשתיה סוגת 50 ג</ItemName><ManufacturerName>סוגת</ManufacturerName><ManufactureCountry>ישראל</ManufactureCountry><ManufacturerItemDescription>סודה לשתיה סוגת 50 ג</ManufacturerItemDescription><SoldByWeight/><Quantity>50.00</Quantity><UnitOfMeasure>גרם     </UnitOfMeasure><QtyInPackage>לא ידוע</QtyInPackage><UnitOfMeasurePrice>0.0360</UnitOfMeasurePrice><AllowDiscount>1</AllowDiscount><ItemStatus>1</ItemStatus><ItemPrice>1.80</ItemPrice></item><item><PriceUpdateDate>2015-11-17 07:39:23</PriceUpdateDate><ItemCode>7290003643172</ItemCode><ItemType>1</ItemType><ItemName>אבקת סוכר סוגת 100 ג</ItemName><ManufacturerName>סוגת</ManufacturerName><ManufactureCountry>ישראל</ManufactureCountry><ManufacturerItemDescription>אבקת סוכר סוגת 100 ג</ManufacturerItemDescription><SoldByWeight/><Quantity>100.00</Quantity><UnitOfMeasure>גרם     </UnitOfMeasure><QtyInPackage>לא ידוע</QtyInPackage><UnitOfMeasurePrice>0.0250</UnitOfMeasurePrice><AllowDiscount>1</AllowDiscount><ItemStatus>1</ItemStatus><ItemPrice>2.50</ItemPrice></item><item><PriceUpdateDate>2016-02-08 07:25:31</PriceUpdateDate><ItemCode>7290003643387</ItemCode><ItemType>1</ItemType><ItemName>סוכר לבן 1 ק''ג צנצנ</ItemName><ManufacturerName>סוגת</ManufacturerName><ManufactureCountry>ישראל</ManufactureCountry><ManufacturerItemDescription>סוכר1 קג בצנצנת פלסטיק</ManufacturerItemDescription><SoldByWeight/><Quantity>1000.00</Quantity><UnitOfMeasure>גרם     </UnitOfMeasure><QtyInPackage>לא ידוע</QtyInPackage><UnitOfMeasurePrice>0.0079</UnitOfMeasurePrice><AllowDiscount>1</AllowDiscount><ItemStatus>1</ItemStatus><ItemPrice>7.90</ItemPrice></item><item><PriceUpdateDate>2016-06-27 19:05:52</PriceUpdateDate><ItemCode>7290003643646</ItemCode><ItemType>1</ItemType><ItemName>סוכר דמררה 1 ק''ג צנ</ItemName><ManufacturerName>סוגת</ManufacturerName><ManufactureCountry>ישראל</ManufactureCountry><ManufacturerItemDescription>סוכר דמררה1 קג.צנצנת</ManufacturerItemDescription><SoldByWeight/><Quantity>1000.00</Quantity><UnitOfMeasure>גרם     </UnitOfMeasure><QtyInPackage>לא ידוע</QtyInPackage><UnitOfMeasurePrice>0.0140</UnitOfMeasurePrice><AllowDiscount>1</AllowDiscount><ItemStatus>1</ItemStatus><ItemPrice>14.00</ItemPrice></item><item><PriceUpdateDate>2016-08-02 06:31:27</PriceUpdateDate><ItemCode>7290003643684</ItemCode><ItemType>1</ItemType><ItemName>אפונה ירוקה 500גרם</ItemName><ManufacturerName>סוגת</ManufacturerName><ManufactureCountry>ישראל</ManufactureCountry><ManufacturerItemDescription>אפונה 500 גר</ManufacturerItemDescription><SoldByWeight/><Quantity>500.00</Quantity><UnitOfMeasure>גרם     </UnitOfMeasure><QtyInPackage>לא ידוע</QtyInPackage><UnitOfMeasurePrice>0.0170</UnitOfMeasurePrice><AllowDiscount>1</AllowDiscount><ItemStatus>1</ItemStatus><ItemPrice>8.50</ItemPrice></item><item><PriceUpdateDate>2016-08-02 06:31:27</PriceUpdateDate><ItemCode>7290003643714</ItemCode><ItemType>1</ItemType><ItemName>חומוס סוגת 500 גרם</ItemName><ManufacturerName>סוגת</ManufacturerName><ManufactureCountry>ישראל</ManufactureCountry><ManufacturerItemDescription>חומוס 500 גרם</ManufacturerItemDescription><SoldByWeight/><Quantity>500.00</Quantity><UnitOfMeasure>גרם     </UnitOfMeasure><QtyInPackage>לא ידוע</QtyInPackage><UnitOfMeasurePrice>0.0198</UnitOfMeasurePrice><AllowDiscount>1</AllowDiscount><ItemStatus>1</ItemStatus><ItemPrice>9.90</ItemPrice></item><item><PriceUpdateDate>2016-08-02 06:31:27</PriceUpdateDate><ItemCode>7290003643738</ItemCode><ItemType>1</ItemType><ItemName>חיטה סוגת 500 גרם</ItemName><ManufacturerName>סוגת</ManufacturerName><ManufactureCountry>ישראל</ManufactureCountry><ManufacturerItemDescription>חיטה 500 גרם</ManufacturerItemDescription><SoldByWeight/><Quantity>500.00</Quantity><UnitOfMeasure>גרם     </UnitOfMeasure><QtyInPackage>לא ידוע</QtyInPackage><UnitOfMeasurePrice>0.0146</UnitOfMeasurePrice><AllowDiscount>1</AllowDiscount><ItemStatus>1</ItemStatus><ItemPrice>7.30</ItemPrice></item><item><PriceUpdateDate>2016-08-02 06:31:27</PriceUpdateDate><ItemCode>7290003643769</ItemCode><ItemType>1</ItemType><ItemName>עדשים אדומים סוגת 50</ItemName><ManufacturerName>סוגת</ManufacturerName><ManufactureCountry>ישראל</ManufactureCountry><ManufacturerItemDescription>עדשים אדומות 500 גרם</ManufacturerItemDescription><SoldByWeight/><Quantity>500.00</Quantity><UnitOfMeasure>גרם     </UnitOfMeasure><QtyInPackage>לא ידוע</QtyInPackage><UnitOfMeasurePrice>0.0158</UnitOfMeasurePrice><AllowDiscount>1</AllowDiscount><ItemStatus>1</ItemStatus><ItemPrice>7.90</ItemPrice></item><item><PriceUpdateDate>2015-11-17 07:39:23</PriceUpdateDate><ItemCode>7290003643776</ItemCode><ItemType>1</ItemType><ItemName>פופקורן סוגת 500 גרם</ItemName><ManufacturerName>סוגת</ManufacturerName><ManufactureCountry>ישראל</ManufactureCountry><ManufacturerItemDescription>פופקורן 500 גרם</ManufacturerItemDescription><SoldByWeight/><Quantity>500.00</Quantity><UnitOfMeasure>גרם     </UnitOfMeasure><QtyInPackage>לא ידוע</QtyInPackage><UnitOfMeasurePrice>0.0156</UnitOfMeasurePrice><AllowDiscount>1</AllowDiscount><ItemStatus>1</ItemStatus><ItemPrice>7.80</ItemPrice></item><item><PriceUpdateDate>2015-01-27 06:47:01</PriceUpdateDate><ItemCode>7290003643783</ItemCode><ItemType>1</ItemType><ItemName>קוקוס טחון 100 גרם</ItemName><ManufacturerName>סוגת</ManufacturerName><ManufactureCountry>ישראל</ManufactureCountry><ManufacturerItemDescription>קוקוס 100 גרם</ManufacturerItemDescription><SoldByWeight/><Quantity>100.00</Quantity><UnitOfMeasure>גרם     </UnitOfMeasure><QtyInPackage>לא ידוע</QtyInPackage><UnitOfMeasurePrice>0.0460</UnitOfMeasurePrice><AllowDiscount>1</AllowDiscount><ItemStatus>1</ItemStatus><ItemPrice>4.60</ItemPrice></item><item><PriceUpdateDate>2016-03-29 06:06:30</PriceUpdateDate><ItemCode>7290003643806</ItemCode><ItemType>1</ItemType><ItemName>שעועית לבנה 500 גרם</ItemName><ManufacturerName>סוגת</ManufacturerName><ManufactureCountry>ישראל</ManufactureCountry><ManufacturerItemDescription>שעועית לבנה 500  גרם</ManufacturerItemDescription><SoldByWeight/><Quantity>500.00</Quantity><UnitOfMeasure>גרם     </UnitOfMeasure><QtyInPackage>לא ידוע</QtyInPackage><UnitOfMeasurePrice>0.0280</UnitOfMeasurePrice><AllowDiscount>1</AllowDiscount><ItemStatus>1</ItemStatus><ItemPrice>14.00</ItemPrice></item><item><PriceUpdateDate>2016-03-16 13:25:40</PriceUpdateDate><ItemCode>7290003667109</ItemCode><ItemType>1</ItemType><ItemName>פאנטה אורנג' 1.5 ליט</ItemName><ManufacturerName>פאנטה אורנג</ManufacturerName><ManufactureCountry>ישראל</ManufactureCountry><ManufacturerItemDescription>פאנטה אורנג1.5 ל</ManufacturerItemDescription><SoldByWeight/><Quantity>1500.00</Quantity><UnitOfMeasure>מ"ל</UnitOfMeasure><QtyInPackage>לא ידוע</QtyInPackage><UnitOfMeasurePrice>0.0046</UnitOfMeasurePrice><AllowDiscount>1</AllowDiscount><ItemStatus>1</ItemStatus><ItemPrice>6.90</ItemPrice></item><item><PriceUpdateDate>2016-05-31 09:33:44</PriceUpdateDate><ItemCode>7290003667369</ItemCode><ItemType>1</ItemType><ItemName>מיץ פריגת תות בננה 1</ItemName><ManufacturerName>פריגת</ManufacturerName><ManufactureCountry>ישראל</ManufactureCountry><ManufacturerItemDescription>מיץ פריגת תות בננה 1</ManufacturerItemDescription><SoldByWeight/><Quantity>1500.00</Quantity><UnitOfMeasure>מ"ל</UnitOfMeasure><QtyInPackage>לא ידוע</QtyInPackage><UnitOfMeasurePrice>0.0045</UnitOfMeasurePrice><AllowDiscount>0</AllowDiscount><ItemStatus>1</ItemStatus><ItemPrice>6.80</ItemPrice></item><item><PriceUpdateDate>2015-10-22 09:59:01</PriceUpdateDate><ItemCode>7290003715107</ItemCode><ItemType>1</ItemType><ItemName>בוטנים קלופים 400 גר</ItemName><ManufacturerName>זארובי</ManufacturerName><ManufactureCountry>ישראל</ManufactureCountry><ManufacturerItemDescription>בוטנים קלופים 400 גר</ManufacturerItemDescription><SoldByWeight/><Quantity>400.00</Quantity><UnitOfMeasure>גרם     </UnitOfMeasure><QtyInPackage>לא ידוע</QtyInPackage><UnitOfMeasurePrice>0.0333</UnitOfMeasurePrice><AllowDiscount>1</AllowDiscount><ItemStatus>1</ItemStatus><ItemPrice>13.30</ItemPrice></item><item><PriceUpdateDate>2015-01-27 06:49:13</PriceUpdateDate><ItemCode>7290003715299</ItemCode><ItemType>1</ItemType><ItemName>מעורב מובחר 350 גרם</ItemName><ManufacturerName>זארובי</ManufacturerName><ManufactureCountry>ישראל</ManufactureCountry><ManufacturerItemDescription>מעורב מובחר 350 גרם</ManufacturerItemDescription><SoldByWeight/><Quantity>350.00</Quantity><UnitOfMeasure>גרם     </UnitOfMeasure><QtyInPackage>לא ידוע</QtyInPackage><UnitOfMeasurePrice>0.0569</UnitOfMeasurePrice><AllowDiscount>1</AllowDiscount><ItemStatus>1</ItemStatus><ItemPrice>19.90</ItemPrice></item><item><PriceUpdateDate>2016-06-01 10:34:09</PriceUpdateDate><ItemCode>7290003715596</ItemCode><ItemType>1</ItemType><ItemName>אגוז מלך 300 גרם</ItemName><ManufacturerName>זארובי</ManufacturerName><ManufactureCountry>ישראל</ManufactureCountry><ManufacturerItemDescription>אגוז מלך 300 גרם</ManufacturerItemDescription><SoldByWeight/><Quantity>300.00</Quantity><UnitOfMeasure>גרם     </UnitOfMeasure><QtyInPackage>לא ידוע</QtyInPackage><UnitOfMeasurePrice>0.0963</UnitOfMeasurePrice><AllowDiscount>1</AllowDiscount><ItemStatus>1</ItemStatus><ItemPrice>28.90</ItemPrice></item><item><PriceUpdateDate>2016-08-10 11:22:00</PriceUpdateDate><ItemCode>7290003719259</ItemCode><ItemType>1</ItemType><ItemName>לחם טבעי אקסקלוסיב ל</ItemName><ManufacturerName>מאפית ליבו</ManufacturerName><ManufactureCountry>ישראל</ManufactureCountry><ManufacturerItemDescription>לחם טבעי אקסקלוסיב ל</ManufacturerItemDescription><SoldByWeight/><Quantity>1000.00</Quantity><UnitOfMeasure>גרם     </UnitOfMeasure><QtyInPackage>לא ידוע</QtyInPackage><UnitOfMeasurePrice>0.0189</UnitOfMeasurePrice><AllowDiscount>1</AllowDiscount><ItemStatus>1</ItemStatus><ItemPrice>18.90</ItemPrice></item><item><PriceUpdateDate>2016-03-29 06:06:30</PriceUpdateDate><ItemCode>7290003719280</ItemCode><ItemType>1</ItemType><ItemName>לחם דגנים קל מאפיית</ItemName><ManufacturerName>מאפית ליבו</ManufacturerName><ManufactureCountry>ישראל</ManufactureCountry><ManufacturerItemDescription>לחם דגנים קל מאפיית</ManufacturerItemDescription><SoldByWeight/><Quantity>750.00</Quantity><UnitOfMeasure>גרם     </UnitOfMeasure><QtyInPackage>לא ידוע</QtyInPackage><UnitOfMeasurePrice>0.0257</UnitOfMeasurePrice><AllowDiscount>1</AllowDiscount><ItemStatus>1</ItemStatus><ItemPrice>19.30</ItemPrice></item><item><PriceUpdateDate>2016-06-27 19:05:53</PriceUpdateDate><ItemCode>7290003744428</ItemCode><ItemType>1</ItemType><ItemName>אובלטים קימל 300 גרם</ItemName><ManufacturerName>לא ממותג</ManufacturerName><ManufactureCountry>ישראל</ManufactureCountry><ManufacturerItemDescription>אובלטים קימל 300 גרם</ManufacturerItemDescription><SoldByWeight/><Quantity>300.00</Quantity><UnitOfMeasure>גרם     </UnitOfMeasure><QtyInPackage>לא ידוע</QtyInPackage><UnitOfMeasurePrice>0.0440</UnitOfMeasurePrice><AllowDiscount>1</AllowDiscount><ItemStatus>1</ItemStatus><ItemPrice>13.20</ItemPrice></item><item><PriceUpdateDate>2016-08-10 11:21:42</PriceUpdateDate><ItemCode>7290003804252</ItemCode><ItemType>1</ItemType><ItemName>תיבוליות נוסח הודי 7</ItemName><ManufacturerName>קנור</ManufacturerName><ManufactureCountry>ישראל</ManufactureCountry><ManufacturerItemDescription>תיבוליות נוסח הודי 7</ManufacturerItemDescription><SoldByWeight/><Quantity>72.00</Quantity><UnitOfMeasure>גרם     </UnitOfMeasure><QtyInPackage>לא ידוע</QtyInPackage><UnitOfMeasurePrice>0.1653</UnitOfMeasurePrice><AllowDiscount>1</AllowDiscount><ItemStatus>1</ItemStatus><ItemPrice>11.90</ItemPrice></item><item><PriceUpdateDate>2016-08-10 11:21:42</PriceUpdateDate><ItemCode>7290003804368</ItemCode><ItemType>1</ItemType><ItemName>תיבוליות בזילקום 72</ItemName><ManufacturerName>קנור</ManufacturerName><ManufactureCountry>ישראל</ManufactureCountry><ManufacturerItemDescription>תיבולית קנור בזיליקום</ManufacturerItemDescription><SoldByWeight/><Quantity>72.00</Quantity><UnitOfMeasure>גרם     </UnitOfMeasure><QtyInPackage>לא ידוע</QtyInPackage><UnitOfMeasurePrice>0.1653</UnitOfMeasurePrice><AllowDiscount>1</AllowDiscount><ItemStatus>1</ItemStatus><ItemPrice>11.90</ItemPrice></item><item><PriceUpdateDate>2016-08-10 11:21:42</PriceUpdateDate><ItemCode>7290003804382</ItemCode><ItemType>1</ItemType><ItemName>תיבוליות פטריות 72 ג</ItemName><ManufacturerName>קנור</ManufacturerName><ManufactureCountry>ישראל</ManufactureCountry><ManufacturerItemDescription>תיבוליות פטריות 72 ג</ManufacturerItemDescription><SoldByWeight/><Quantity>72.00</Quantity><UnitOfMeasure>גרם     </UnitOfMeasure><QtyInPackage>לא ידוע</QtyInPackage><UnitOfMeasurePrice>0.1653</UnitOfMeasurePrice><AllowDiscount>1</AllowDiscount><ItemStatus>1</ItemStatus><ItemPrice>11.90</ItemPrice></item><item><PriceUpdateDate>2016-06-28 06:23:45</PriceUpdateDate><ItemCode>7290003805471</ItemCode><ItemType>1</ItemType><ItemName>מב רוטב הלמנס וינגרט</ItemName><ManufacturerName>הלמנס</ManufacturerName><ManufactureCountry>ישראל</ManufactureCountry><ManufacturerItemDescription>רוטב לסלט ויניגרט הדרים</ManufacturerItemDescription><SoldByWeight/><Quantity>300.00</Quantity><UnitOfMeasure>מ"ל</UnitOfMeasure><QtyInPackage>לא ידוע</QtyInPackage><UnitOfMeasurePrice>0.0333</UnitOfMeasurePrice><AllowDiscount>1</AllowDiscount><ItemStatus>1</ItemStatus><ItemPrice>10.00</ItemPrice></item><item><PriceUpdateDate>2016-05-31 09:33:44</PriceUpdateDate><ItemCode>7290003805501</ItemCode><ItemType>1</ItemType><ItemName>פתית שוודי חסכוני בד</ItemName><ManufacturerName>פתית</ManufacturerName><ManufactureCountry>ישראל</ManufactureCountry><ManufacturerItemDescription>פתית שוודי חסכוני300 גר .</ManufacturerItemDescription><SoldByWeight/><Quantity>300.00</Quantity><UnitOfMeasure>גרם     </UnitOfMeasure><QtyInPackage>לא ידוע</QtyInPackage><UnitOfMeasurePrice>0.0590</UnitOfMeasurePrice><AllowDiscount>1</AllowDiscount><ItemStatus>1</ItemStatus><ItemPrice>17.70</ItemPrice></item><item><PriceUpdateDate>2015-12-24 08:06:36</PriceUpdateDate><ItemCode>7290003805525</ItemCode><ItemType>1</ItemType><ItemName>קורנפלקס תלמה בד"צ 7</ItemName><ManufacturerName>לא ממותג</ManufacturerName><ManufactureCountry>ישראל</ManufactureCountry><ManufacturerItemDescription>קורנפלקס תלמה בד"צ 7</ManufacturerItemDescription><SoldByWeight/><Quantity>750.00</Quantity><UnitOfMeasure>גרם     </UnitOfMeasure><QtyInPackage>לא ידוע</QtyInPackage><UnitOfMeasurePrice>0.0199</UnitOfMeasurePrice><AllowDiscount>0</AllowDiscount><ItemStatus>1</ItemStatus><ItemPrice>14.90</ItemPrice></item><item><PriceUpdateDate>2016-05-31 09:33:44</PriceUpdateDate><ItemCode>7290003805556</ItemCode><ItemType>1</ItemType><ItemName>ברנפלקס 500 גרם</ItemName><ManufacturerName>ברנפלקס - תלמה</ManufacturerName><ManufactureCountry>ישראל</ManufactureCountry><ManufacturerItemDescription>ברנפלקס בדץ 500 גרם</ManufacturerItemDescription><SoldByWeight/><Quantity>500.00</Quantity><UnitOfMeasure>גרם     </UnitOfMeasure><QtyInPackage>לא ידוע</QtyInPackage><UnitOfMeasurePrice>0.0398</UnitOfMeasurePrice><AllowDiscount>1</AllowDiscount><ItemStatus>1</ItemStatus><ItemPrice>19.90</ItemPrice></item><item><PriceUpdateDate>2016-05-31 09:33:44</PriceUpdateDate><ItemCode>7290003805587</ItemCode><ItemType>1</ItemType><ItemName>פתית חיטה מלאה 250 ג</ItemName><ManufacturerName>פתית</ManufacturerName><ManufactureCountry>ישראל</ManufactureCountry><ManufacturerItemDescription>פתית חיטה מלאה בדצ 250 גר</ManufacturerItemDescription><SoldByWeight/><Quantity>250.00</Quantity><UnitOfMeasure>גרם     </UnitOfMeasure><QtyInPackage>לא ידוע</QtyInPackage><UnitOfMeasurePrice>0.0708</UnitOfMeasurePrice><AllowDiscount>1</AllowDiscount><ItemStatus>1</ItemStatus><ItemPrice>17.70</ItemPrice></item><item><PriceUpdateDate>2016-05-31 09:33:44</PriceUpdateDate><ItemCode>7290003805709</ItemCode><ItemType>1</ItemType><ItemName>כריות נוגט בד"צ 750</ItemName><ManufacturerName>כריות</ManufacturerName><ManufactureCountry>ישראל</ManufactureCountry><ManufacturerItemDescription>כריות נוגט 750 גרם בדצ</ManufacturerItemDescription><SoldByWeight/><Quantity>750.00</Quantity><UnitOfMeasure>גרם     </UnitOfMeasure><QtyInPackage>לא ידוע</QtyInPackage><UnitOfMeasurePrice>0.0332</UnitOfMeasurePrice><AllowDiscount>1</AllowDiscount><ItemStatus>1</ItemStatus><ItemPrice>24.90</ItemPrice></item><item><PriceUpdateDate>2015-10-13 09:48:17</PriceUpdateDate><ItemCode>7290003805716</ItemCode><ItemType>1</ItemType><ItemName>נמס בכוס ועוד זך זוג</ItemName><ManufacturerName>קנור</ManufacturerName><ManufactureCountry>ישראל</ManufactureCountry><ManufacturerItemDescription>מרקנמס בכוס ועוד זך 048 ג</ManufacturerItemDescription><SoldByWeight/><Quantity>14.00</Quantity><UnitOfMeasure>גרם     </UnitOfMeasure><QtyInPackage>לא ידוע</QtyInPackage><UnitOfMeasurePrice>0.5929</UnitOfMeasurePrice><AllowDiscount>1</AllowDiscount><ItemStatus>1</ItemStatus><ItemPrice>8.30</ItemPrice></item><item><PriceUpdateDate>2016-05-31 09:33:45</PriceUpdateDate><ItemCode>7290003806836</ItemCode><ItemType>1</ItemType><ItemName>מרכך כביסה בדין אקסט</ItemName><ManufacturerName>בדין</ManufacturerName><ManufactureCountry>ישראל</ManufactureCountry><ManufacturerItemDescription>מרכך בדין אקסטרא 960 מ"ל</ManufacturerItemDescription><SoldByWeight/><Quantity>960.00</Quantity><UnitOfMeasure>מ"ל</UnitOfMeasure><QtyInPackage>לא ידוע</QtyInPackage><UnitOfMeasurePrice>0.0176</UnitOfMeasurePrice><AllowDiscount>1</AllowDiscount><ItemStatus>1</ItemStatus><ItemPrice>16.90</ItemPrice></item><item><PriceUpdateDate>2015-11-17 07:39:25</PriceUpdateDate><ItemCode>7290003807314</ItemCode><ItemType>1</ItemType><ItemName>מרק עוף אמיתי קנור ר</ItemName><ManufacturerName>קנור</ManufacturerName><ManufactureCountry>ישראל</ManufactureCountry><ManufacturerItemDescription>מרק עוף אמיתי רכיבים טבעי</ManufacturerItemDescription><SoldByWeight/><Quantity>400.00</Quantity><UnitOfMeasure>גרם     </UnitOfMeasure><QtyInPackage>לא ידוע</QtyInPackage><UnitOfMeasurePrice>0.0772</UnitOfMeasurePrice><AllowDiscount>1</AllowDiscount><ItemStatus>1</ItemStatus><ItemPrice>30.90</ItemPrice></item><item><PriceUpdateDate>2015-11-17 07:39:25</PriceUpdateDate><ItemCode>7290003807376</ItemCode><ItemType>1</ItemType><ItemName>דגני בוקר עוגי 750 ג</ItemName><ManufacturerName>עוגי</ManufacturerName><ManufactureCountry>ישראל</ManufactureCountry><ManufacturerItemDescription>דגני בוקר עוגי 750 ג</ManufacturerItemDescription><SoldByWeight/><Quantity>750.00</Quantity><UnitOfMeasure>גרם     </UnitOfMeasure><QtyInPackage>לא ידוע</QtyInPackage><UnitOfMeasurePrice>0.0457</UnitOfMeasurePrice><AllowDiscount>1</AllowDiscount><ItemStatus>1</ItemStatus><ItemPrice>34.30</ItemPrice></item><item><PriceUpdateDate>2015-10-01 00:27:11</PriceUpdateDate><ItemCode>7290003864492</ItemCode><ItemType>1</ItemType><ItemName>סרדין בשמן חריף פתח</ItemName><ManufacturerName>.N.Y.C</ManufacturerName><ManufactureCountry>ישראל</ManufactureCountry><ManufacturerItemDescription>סרדין בשמן צמחי חריף 110</ManufacturerItemDescription><SoldByWeight/><Quantity>110.00</Quantity><UnitOfMeasure>גרם     </UnitOfMeasure><QtyInPackage>לא ידוע</QtyInPackage><UnitOfMeasurePrice>0.0436</UnitOfMeasurePrice><AllowDiscount>0</AllowDiscount><ItemStatus>1</ItemStatus><ItemPrice>4.80</ItemPrice></item><item><PriceUpdateDate>2016-02-16 10:18:31</PriceUpdateDate><ItemCode>7290003903955</ItemCode><ItemType>1</ItemType><ItemName>שוקולד פרה קרם חלב 1</ItemName><ManufacturerName>פרה</ManufacturerName><ManufactureCountry>ישראל</ManufactureCountry><ManufacturerItemDescription>שוקולד פרה קרם חלב 100 גר</ManufacturerItemDescription><SoldByWeight/><Quantity>100.00</Quantity><UnitOfMeasure>גרם     </UnitOfMeasure><QtyInPackage>לא ידוע</QtyInPackage><UnitOfMeasurePrice>0.0690</UnitOfMeasurePrice><AllowDiscount>0</AllowDiscount><ItemStatus>1</ItemStatus><ItemPrice>6.90</ItemPrice></item><item><PriceUpdateDate>2016-03-16 13:25:40</PriceUpdateDate><ItemCode>7290003904389</ItemCode><ItemType>1</ItemType><ItemName>שוקולד פרה מריר ללא</ItemName><ManufacturerName>פרה</ManufacturerName><ManufactureCountry>ישראל</ManufactureCountry><ManufacturerItemDescription>שוקולד פרה מריר ללא סוכר1</ManufacturerItemDescription><SoldByWeight/><Quantity>100.00</Quantity><UnitOfMeasure>גרם     </UnitOfMeasure><QtyInPackage>לא ידוע</QtyInPackage><UnitOfMeasurePrice>0.0950</UnitOfMeasurePrice><AllowDiscount>1</AllowDiscount><ItemStatus>1</ItemStatus><ItemPrice>9.50</ItemPrice></item><item><PriceUpdateDate>2016-02-16 10:18:31</PriceUpdateDate><ItemCode>7290003905331</ItemCode><ItemType>1</ItemType><ItemName>שוקולד פרה חלב אגוזי</ItemName><ManufacturerName>פרה</ManufacturerName><ManufactureCountry>ישראל</ManufactureCountry><ManufacturerItemDescription>שוקולד פרה חלב+אגוזים 100</ManufacturerItemDescription><SoldByWeight/><Quantity>100.00</Quantity><UnitOfMeasure>גרם     </UnitOfMeasure><QtyInPackage>לא ידוע</QtyInPackage><UnitOfMeasurePrice>0.0690</UnitOfMeasurePrice><AllowDiscount>0</AllowDiscount><ItemStatus>1</ItemStatus><ItemPrice>6.90</ItemPrice></item><item><PriceUpdateDate>2016-03-16 13:25:40</PriceUpdateDate><ItemCode>7290003905362</ItemCode><ItemType>1</ItemType><ItemName>שוקולד חלב פרה ללא ס</ItemName><ManufacturerName>פרה</ManufacturerName><ManufactureCountry>ישראל</ManufactureCountry><ManufacturerItemDescription>שוקולד חלב ללא סוכר 100 ג</ManufacturerItemDescription><SoldByWeight/><Quantity>100.00</Quantity><UnitOfMeasure>גרם     </UnitOfMeasure><QtyInPackage>לא ידוע</QtyInPackage><UnitOfMeasurePrice>0.0950</UnitOfMeasurePrice><AllowDiscount>1</AllowDiscount><ItemStatus>1</ItemStatus><ItemPrice>9.50</ItemPrice></item><item><PriceUpdateDate>2016-08-02 06:36:22</PriceUpdateDate><ItemCode>7290003989553</ItemCode><ItemType>1</ItemType><ItemName>מב טורטלינו פטריות ג</ItemName><ManufacturerName>שטראוס</ManufacturerName><ManufactureCountry>ישראל</ManufactureCountry><ManufacturerItemDescription>פסטהשטראוס טורטלוני פטריו</ManufacturerItemDescription><SoldByWeight/><Quantity>400.00</Quantity><UnitOfMeasure>גרם     </UnitOfMeasure><QtyInPackage>לא ידוע</QtyInPackage><UnitOfMeasurePrice>0.0422</UnitOfMeasurePrice><AllowDiscount>1</AllowDiscount><ItemStatus>1</ItemStatus><ItemPrice>16.90</ItemPrice></item><item><PriceUpdateDate>2016-06-27 19:05:53</PriceUpdateDate><ItemCode>7290004011284</ItemCode><ItemType>1</ItemType><ItemName>קצפת ריצ' פרווה 212</ItemName><ManufacturerName>ריצ</ManufacturerName><ManufactureCountry>ארצות הברית</ManufactureCountry><ManufacturerItemDescription>בייבי ביס       נה 50 גר</ManufacturerItemDescription><SoldByWeight/><Quantity>212.00</Quantity><UnitOfMeasure>מ"ל</UnitOfMeasure><QtyInPackage>לא ידוע</QtyInPackage><UnitOfMeasurePrice>0.0528</UnitOfMeasurePrice><AllowDiscount>1</AllowDiscount><ItemStatus>1</ItemStatus><ItemPrice>11.20</ItemPrice></item><item><PriceUpdateDate>2016-08-02 06:36:22</PriceUpdateDate><ItemCode>7290004011291</ItemCode><ItemType>1</ItemType><ItemName>מב קצפת ריצ' פרווה 4</ItemName><ManufacturerName>ריצ</ManufacturerName><ManufactureCountry>ארצות הברית</ManufactureCountry><ManufacturerItemDescription>דאק דיסק ג'ל    לה לבנדר</ManufacturerItemDescription><SoldByWeight/><Quantity>425.00</Quantity><UnitOfMeasure>מ"ל</UnitOfMeasure><QtyInPackage>לא ידוע</QtyInPackage><UnitOfMeasurePrice>0.0282</UnitOfMeasurePrice><AllowDiscount>1</AllowDiscount><ItemStatus>1</ItemStatus><ItemPrice>12.00</ItemPrice></item><item><PriceUpdateDate>2016-08-02 06:36:23</PriceUpdateDate><ItemCode>7290004011819</ItemCode><ItemType>1</ItemType><ItemName>מב המבורגר ריב אנטרי</ItemName><ManufacturerName>אל גאוצו</ManufacturerName><ManufactureCountry>ישראל</ManufactureCountry><ManufacturerItemDescription>המבורגר ריב אנטריקוט 360</ManufacturerItemDescription><SoldByWeight/><Quantity>360.00</Quantity><UnitOfMeasure>גרם     </UnitOfMeasure><QtyInPackage>לא ידוע</QtyInPackage><UnitOfMeasurePrice>0.0608</UnitOfMeasurePrice><AllowDiscount>1</AllowDiscount><ItemStatus>1</ItemStatus><ItemPrice>21.90</ItemPrice></item><item><PriceUpdateDate>2016-06-27 19:05:53</PriceUpdateDate><ItemCode>7290004030223</ItemCode><ItemType>1</ItemType><ItemName>מיץ סחוט תפוח 1 ליטר</ItemName><ManufacturerName>פריניב סחוט</ManufacturerName><ManufactureCountry>ישראל</ManufactureCountry><ManufacturerItemDescription>מיץ סחוט תפוח 1 ליטר</ManufacturerItemDescription><SoldByWeight/><Quantity>1000.00</Quantity><UnitOfMeasure>מ"ל</UnitOfMeasure><QtyInPackage>לא ידוע</QtyInPackage><UnitOfMeasurePrice>0.0169</UnitOfMeasurePrice><AllowDiscount>1</AllowDiscount><ItemStatus>1</ItemStatus><ItemPrice>16.90</ItemPrice></item><item><PriceUpdateDate>2016-08-02 06:31:28</PriceUpdateDate><ItemCode>7290004030414</ItemCode><ItemType>1</ItemType><ItemName>מיץ סחוט תפוזים 2 לי</ItemName><ManufacturerName>פריניב סחוט</ManufacturerName><ManufactureCountry>ישראל</ManufactureCountry><ManufacturerItemDescription>מיץ תפוזים 2 ליטר</ManufacturerItemDescription><SoldByWeight/><Quantity>2000.00</Quantity><UnitOfMeasure>מ"ל</UnitOfMeasure><QtyInPackage>לא ידוע</QtyInPackage><UnitOfMeasurePrice>0.0099</UnitOfMeasurePrice><AllowDiscount>1</AllowDiscount><ItemStatus>1</ItemStatus><ItemPrice>19.90</ItemPrice></item><item><PriceUpdateDate>2016-08-02 06:36:23</PriceUpdateDate><ItemCode>7290004030445</ItemCode><ItemType>1</ItemType><ItemName>מב מיץ סחוט תפוז 1 ל</ItemName><ManufacturerName>פריניב סחוט</ManufacturerName><ManufactureCountry>ישראל</ManufactureCountry><ManufacturerItemDescription>מיץ תפוזים1 ליטר</ManufacturerItemDescription><SoldByWeight/><Quantity>1000.00</Quantity><UnitOfMeasure>מ"ל</UnitOfMeasure><QtyInPackage>לא ידוע</QtyInPackage><UnitOfMeasurePrice>0.0099</UnitOfMeasurePrice><AllowDiscount>1</AllowDiscount><ItemStatus>1</ItemStatus><ItemPrice>9.90</ItemPrice></item><item><PriceUpdateDate>2016-06-28 06:23:46</PriceUpdateDate><ItemCode>7290004030834</ItemCode><ItemType>1</ItemType><ItemName>מב מיץ סחוט רימונים</ItemName><ManufacturerName>פריניב סחוט</ManufacturerName><ManufactureCountry>ישראל</ManufactureCountry><ManufacturerItemDescription>מיץ רימונים 1 100% ליטר</ManufacturerItemDescription><SoldByWeight/><Quantity>1000.00</Quantity><UnitOfMeasure>מ"ל</UnitOfMeasure><QtyInPackage>לא ידוע</QtyInPackage><UnitOfMeasurePrice>0.0199</UnitOfMeasurePrice><AllowDiscount>1</AllowDiscount><ItemStatus>1</ItemStatus><ItemPrice>19.90</ItemPrice></item><item><PriceUpdateDate>2015-10-01 00:27:11</PriceUpdateDate><ItemCode>7290004063016</ItemCode><ItemType>1</ItemType><ItemName>מלח שולחן 1 קג</ItemName><ManufacturerName>סלית</ManufacturerName><ManufactureCountry>ישראל</ManufactureCountry><ManufacturerItemDescription>מלח שולחן מעולה דק 1 קג פ</ManufacturerItemDescription><SoldByWeight/><Quantity>1000.00</Quantity><UnitOfMeasure>גרם     </UnitOfMeasure><QtyInPackage>לא ידוע</QtyInPackage><UnitOfMeasurePrice>0.0021</UnitOfMeasurePrice><AllowDiscount>1</AllowDiscount><ItemStatus>1</ItemStatus><ItemPrice>2.07</ItemPrice></item><item><PriceUpdateDate>2015-10-01 00:27:11</PriceUpdateDate><ItemCode>7290004063115</ItemCode><ItemType>1</ItemType><ItemName>מלח בישול 1 קג</ItemName><ManufacturerName>לא ממותג</ManufacturerName><ManufactureCountry>ישראל</ManufactureCountry><ManufacturerItemDescription>מלח בישול1 קג     פיקוח</ManufacturerItemDescription><SoldByWeight/><Quantity>1000.00</Quantity><UnitOfMeasure>גרם     </UnitOfMeasure><QtyInPackage>לא ידוע</QtyInPackage><UnitOfMeasurePrice>0.0021</UnitOfMeasurePrice><AllowDiscount>1</AllowDiscount><ItemStatus>1</ItemStatus><ItemPrice>2.07</ItemPrice></item><item><PriceUpdateDate>2016-01-11 06:35:07</PriceUpdateDate><ItemCode>7290004078270</ItemCode><ItemType>1</ItemType><ItemName>נוזל כלים פלמוליב צי</ItemName><ManufacturerName>פלמוליב</ManufacturerName><ManufactureCountry>ישראל</ManufactureCountry><ManufacturerItemDescription>פלמוליב לכלים   מון1ליטר</ManufacturerItemDescription><SoldByWeight/><Quantity>1000.00</Quantity><UnitOfMeasure>מ"ל</UnitOfMeasure><QtyInPackage>לא ידוע</QtyInPackage><UnitOfMeasurePrice>0.0149</UnitOfMeasurePrice><AllowDiscount>1</AllowDiscount><ItemStatus>1</ItemStatus><ItemPrice>14.90</ItemPrice></item><item><PriceUpdateDate>2016-06-13 06:38:04</PriceUpdateDate><ItemCode>7290004119225</ItemCode><ItemType>1</ItemType><ItemName>יופלה אננס 3% 150 גר</ItemName><ManufacturerName>יופלה</ManufacturerName><ManufactureCountry>ישראל</ManufactureCountry><ManufacturerItemDescription>יופלה אננס 150 3% מל</ManufacturerItemDescription><SoldByWeight/><Quantity>150.00</Quantity><UnitOfMeasure>גרם     </UnitOfMeasure><QtyInPackage>לא ידוע</QtyInPackage><UnitOfMeasurePrice>0.0327</UnitOfMeasurePrice><AllowDiscount>1</AllowDiscount><ItemStatus>1</ItemStatus><ItemPrice>4.90</ItemPrice></item><item><PriceUpdateDate>2015-10-13 09:48:18</PriceUpdateDate><ItemCode>7290004119522</ItemCode><ItemType>1</ItemType><ItemName>שוקו תנובה בשקית 225</ItemName><ManufacturerName>שוק</ManufacturerName><ManufactureCountry>ישראל</ManufactureCountry><ManufacturerItemDescription>שוקו שוק בשקית 225 מל</ManufacturerItemDescription><SoldByWeight/><Quantity>225.00</Quantity><UnitOfMeasure>מ"ל</UnitOfMeasure><QtyInPackage>לא ידוע</QtyInPackage><UnitOfMeasurePrice>0.0129</UnitOfMeasurePrice><AllowDiscount>1</AllowDiscount><ItemStatus>1</ItemStatus><ItemPrice>2.90</ItemPrice></item><item><PriceUpdateDate>2015-10-22 09:59:03</PriceUpdateDate><ItemCode>7290004119928</ItemCode><ItemType>1</ItemType><ItemName>מעדן קרלו וניל 1.5%</ItemName><ManufacturerName>קרלו</ManufacturerName><ManufactureCountry>ישראל</ManufactureCountry><ManufacturerItemDescription>קרלו מעדן וניל125 3%מל</ManufacturerItemDescription><SoldByWeight/><Quantity>125.00</Quantity><UnitOfMeasure>גרם     </UnitOfMeasure><QtyInPackage>לא ידוע</QtyInPackage><UnitOfMeasurePrice>0.0240</UnitOfMeasurePrice><AllowDiscount>1</AllowDiscount><ItemStatus>1</ItemStatus><ItemPrice>3.00</ItemPrice></item><item><PriceUpdateDate>2015-10-13 09:48:18</PriceUpdateDate><ItemCode>7290004119973</ItemCode><ItemType>1</ItemType><ItemName>מעדן קרלו שוקו 1.5%</ItemName><ManufacturerName>קרלו</ManufacturerName><ManufactureCountry>ישראל</ManufactureCountry><ManufacturerItemDescription>קרלו מעדן שוקו125 3% מל</ManufacturerItemDescription><SoldByWeight/><Quantity>125.00</Quantity><UnitOfMeasure>מ"ל</UnitOfMeasure><QtyInPackage>לא ידוע</QtyInPackage><UnitOfMeasurePrice>0.0240</UnitOfMeasurePrice><AllowDiscount>1</AllowDiscount><ItemStatus>1</ItemStatus><ItemPrice>3.00</ItemPrice></item><item><PriceUpdateDate>2015-10-13 09:48:18</PriceUpdateDate><ItemCode>7290004120061</ItemCode><ItemType>1</ItemType><ItemName>מעדן קרלו שוניל 1.5%</ItemName><ManufacturerName>קרלו</ManufacturerName><ManufactureCountry>ישראל</ManufactureCountry><ManufacturerItemDescription>קרלו מעדן שוניל 125 1.5%</ManufacturerItemDescription><SoldByWeight/><Quantity>125.00</Quantity><UnitOfMeasure>גרם     </UnitOfMeasure><QtyInPackage>לא ידוע</QtyInPackage><UnitOfMeasurePrice>0.0248</UnitOfMeasurePrice><AllowDiscount>1</AllowDiscount><ItemStatus>1</ItemStatus><ItemPrice>3.10</ItemPrice></item><item><PriceUpdateDate>2016-08-02 06:31:29</PriceUpdateDate><ItemCode>7290004120566</ItemCode><ItemType>1</ItemType><ItemName>גבינה בולגרית 24% פי</ItemName><ManufacturerName>פיראוס</ManufacturerName><ManufactureCountry>ישראל</ManufactureCountry><ManufacturerItemDescription>גבינה בולגרית פיראוס250-2</ManufacturerItemDescription><SoldByWeight/><Quantity>250.00</Quantity><UnitOfMeasure>גרם     </UnitOfMeasure><QtyInPackage>לא ידוע</QtyInPackage><UnitOfMeasurePrice>0.0960</UnitOfMeasurePrice><AllowDiscount>1</AllowDiscount><ItemStatus>1</ItemStatus><ItemPrice>24.00</ItemPrice></item><item><PriceUpdateDate>2016-08-02 06:31:29</PriceUpdateDate><ItemCode>7290004120573</ItemCode><ItemType>1</ItemType><ItemName>גבינה בולגרית 16% פי</ItemName><ManufacturerName>פיראוס</ManufacturerName><ManufactureCountry>ישראל</ManufactureCountry><ManufacturerItemDescription>גבינה בולגרית פיראוס250-1</ManufacturerItemDescription><SoldByWeight/><Quantity>250.00</Quantity><UnitOfMeasure>גרם     </UnitOfMeasure><QtyInPackage>לא ידוע</QtyInPackage><UnitOfMeasurePrice>0.0960</UnitOfMeasurePrice><AllowDiscount>1</AllowDiscount><ItemStatus>1</ItemStatus><ItemPrice>24.00</ItemPrice></item><item><PriceUpdateDate>2016-04-24 07:45:01</PriceUpdateDate><ItemCode>7290004120832</ItemCode><ItemType>1</ItemType><ItemName>חלב כד 3% מהדרין 2 ל</ItemName><ManufacturerName>חלב תנובה</ManufacturerName><ManufactureCountry>ישראל</ManufactureCountry><ManufacturerItemDescription>חלב כד 3% מהדרין 2 ל</ManufacturerItemDescription><SoldByWeight/><Quantity>2000.00</Quantity><UnitOfMeasure>מ"ל</UnitOfMeasure><QtyInPackage>לא ידוע</QtyInPackage><UnitOfMeasurePrice>0.0058</UnitOfMeasurePrice><AllowDiscount>1</AllowDiscount><ItemStatus>1</ItemStatus><ItemPrice>11.50</ItemPrice></item><item><PriceUpdateDate>2016-08-02 06:36:23</PriceUpdateDate><ItemCode>7290004121839</ItemCode><ItemType>1</ItemType><ItemName>מב פטה כבשים פיראוס</ItemName><ManufacturerName>פיראוס</ManufacturerName><ManufactureCountry>ישראל</ManufactureCountry><ManufacturerItemDescription>מב פטה כבשים פיראוס</ManufacturerItemDescription><SoldByWeight/><Quantity>250.00</Quantity><UnitOfMeasure>גרם     </UnitOfMeasure><QtyInPackage>לא ידוע</QtyInPackage><UnitOfMeasurePrice>0.0876</UnitOfMeasurePrice><AllowDiscount>1</AllowDiscount><ItemStatus>1</ItemStatus><ItemPrice>21.90</ItemPrice></item><item><PriceUpdateDate>2016-06-13 06:36:31</PriceUpdateDate><ItemCode>7290004122089</ItemCode><ItemType>1</ItemType><ItemName>גבינת עמק פתיתים 200</ItemName><ManufacturerName>שף לבן</ManufacturerName><ManufactureCountry>ישראל</ManufactureCountry><ManufacturerItemDescription>פתיתי עמק למאפים 200 גרם</ManufacturerItemDescription><SoldByWeight/><Quantity>200.00</Quantity><UnitOfMeasure>גרם     </UnitOfMeasure><QtyInPackage>לא ידוע</QtyInPackage><UnitOfMeasurePrice>0.0730</UnitOfMeasurePrice><AllowDiscount>1</AllowDiscount><ItemStatus>1</ItemStatus><ItemPrice>14.60</ItemPrice></item><item><PriceUpdateDate>2016-06-13 06:36:31</PriceUpdateDate><ItemCode>7290004122119</ItemCode><ItemType>1</ItemType><ItemName>גבינת פתיתי פרמזן לפ</ItemName><ManufacturerName>שף לבן</ManufacturerName><ManufactureCountry>ישראל</ManufactureCountry><ManufacturerItemDescription>פרמזן פתיתים100 גר</ManufacturerItemDescription><SoldByWeight/><Quantity>1000.00</Quantity><UnitOfMeasure>גרם     </UnitOfMeasure><QtyInPackage>לא ידוע</QtyInPackage><UnitOfMeasurePrice>0.0122</UnitOfMeasurePrice><AllowDiscount>1</AllowDiscount><ItemStatus>1</ItemStatus><ItemPrice>12.20</ItemPrice></item><item><PriceUpdateDate>2016-02-16 10:18:31</PriceUpdateDate><ItemCode>7290004122195</ItemCode><ItemType>1</ItemType><ItemName>צהובה גוש חלב 28% פר</ItemName><ManufacturerName>גוש חלב</ManufacturerName><ManufactureCountry>ישראל</ManufactureCountry><ManufacturerItemDescription>צהובה גוש חלב 28% פר</ManufacturerItemDescription><SoldByWeight/><Quantity>200.00</Quantity><UnitOfMeasure>גרם     </UnitOfMeasure><QtyInPackage>לא ידוע</QtyInPackage><UnitOfMeasurePrice>0.0695</UnitOfMeasurePrice><AllowDiscount>1</AllowDiscount><ItemStatus>1</ItemStatus><ItemPrice>13.90</ItemPrice></item><item><PriceUpdateDate>2015-10-01 00:27:12</PriceUpdateDate><ItemCode>7290004122270</ItemCode><ItemType>1</ItemType><ItemName>גבינה עמק פרוס 200 ג</ItemName><ManufacturerName>עמק</ManufacturerName><ManufactureCountry>ישראל</ManufactureCountry><ManufacturerItemDescription>גבינה עמק פרוס פתיחה חוזר</ManufacturerItemDescription><SoldByWeight/><Quantity>200.00</Quantity><UnitOfMeasure>גרם     </UnitOfMeasure><QtyInPackage>לא ידוע</QtyInPackage><UnitOfMeasurePrice>0.0765</UnitOfMeasurePrice><AllowDiscount>1</AllowDiscount><ItemStatus>1</ItemStatus><ItemPrice>15.30</ItemPrice></item><item><PriceUpdateDate>2015-10-13 09:48:18</PriceUpdateDate><ItemCode>7290004122348</ItemCode><ItemType>1</ItemType><ItemName>גבינת עמק לייט 9% 20</ItemName><ManufacturerName>עמק</ManufacturerName><ManufactureCountry>ישראל</ManufactureCountry><ManufacturerItemDescription>גבינה קשה עמק לייט200 9%</ManufacturerItemDescription><SoldByWeight/><Quantity>200.00</Quantity><UnitOfMeasure>גרם     </UnitOfMeasure><QtyInPackage>לא ידוע</QtyInPackage><UnitOfMeasurePrice>0.0835</UnitOfMeasurePrice><AllowDiscount>1</AllowDiscount><ItemStatus>1</ItemStatus><ItemPrice>16.70</ItemPrice></item><item><PriceUpdateDate>2016-06-17 07:10:51</PriceUpdateDate><ItemCode>7290004122560</ItemCode><ItemType>1</ItemType><ItemName>פתיתי עמק למאפה השף</ItemName><ManufacturerName>שף לבן</ManufacturerName><ManufactureCountry>ישראל</ManufactureCountry><ManufacturerItemDescription>פתיתי עמק למאפה השף</ManufacturerItemDescription><SoldByWeight/><Quantity>500.00</Quantity><UnitOfMeasure>גרם     </UnitOfMeasure><QtyInPackage>לא ידוע</QtyInPackage><UnitOfMeasurePrice>0.0678</UnitOfMeasurePrice><AllowDiscount>1</AllowDiscount><ItemStatus>1</ItemStatus><ItemPrice>33.90</ItemPrice></item><item><PriceUpdateDate>2015-10-13 09:48:18</PriceUpdateDate><ItemCode>7290004122676</ItemCode><ItemType>1</ItemType><ItemName>גבינת חמד פיראוס ליי</ItemName><ManufacturerName>פיראוס</ManufacturerName><ManufactureCountry>ישראל</ManufactureCountry><ManufacturerItemDescription>גבינת חמד פיראוס ליי</ManufacturerItemDescription><SoldByWeight/><Quantity>250.00</Quantity><UnitOfMeasure>גרם     </UnitOfMeasure><QtyInPackage>לא ידוע</QtyInPackage><UnitOfMeasurePrice>0.0700</UnitOfMeasurePrice><AllowDiscount>1</AllowDiscount><ItemStatus>1</ItemStatus><ItemPrice>17.50</ItemPrice></item><item><PriceUpdateDate>2015-10-22 09:59:03</PriceUpdateDate><ItemCode>7290004122683</ItemCode><ItemType>1</ItemType><ItemName>אצבעות עמק 172 גרם</ItemName><ManufacturerName>עמק</ManufacturerName><ManufactureCountry>ישראל</ManufactureCountry><ManufacturerItemDescription>אצבעות גבינה עמק 172 גרם</ManufacturerItemDescription><SoldByWeight/><Quantity>172.00</Quantity><UnitOfMeasure>גרם     </UnitOfMeasure><QtyInPackage>לא ידוע</QtyInPackage><UnitOfMeasurePrice>0.0959</UnitOfMeasurePrice><AllowDiscount>1</AllowDiscount><ItemStatus>1</ItemStatus><ItemPrice>16.50</ItemPrice></item><item><PriceUpdateDate>2016-08-10 11:22:00</PriceUpdateDate><ItemCode>7290004123284</ItemCode><ItemType>1</ItemType><ItemName>מב גבינה לבנה רכה 5%</ItemName><ManufacturerName>גבינות תנובה</ManufacturerName><ManufactureCountry>ישראל</ManufactureCountry><ManufacturerItemDescription>מב גבינה לבנה רכה 5%</ManufacturerItemDescription><SoldByWeight/><Quantity>250.00</Quantity><UnitOfMeasure>גרם     </UnitOfMeasure><QtyInPackage>לא ידוע</QtyInPackage><UnitOfMeasurePrice>0.0160</UnitOfMeasurePrice><AllowDiscount>1</AllowDiscount><ItemStatus>1</ItemStatus><ItemPrice>4.00</ItemPrice></item><item><PriceUpdateDate>2016-02-15 10:07:47</PriceUpdateDate><ItemCode>7290004124205</ItemCode><ItemType>1</ItemType><ItemName>יופלה דיאט תות 0% 15</ItemName><ManufacturerName>יופלה</ManufacturerName><ManufactureCountry>ישראל</ManufactureCountry><ManufacturerItemDescription>יופלה דיאט תות 150 מל</ManufacturerItemDescription><SoldByWeight/><Quantity>150.00</Quantity><UnitOfMeasure>גרם     </UnitOfMeasure><QtyInPackage>לא ידוע</QtyInPackage><UnitOfMeasurePrice>0.0353</UnitOfMeasurePrice><AllowDiscount>1</AllowDiscount><ItemStatus>1</ItemStatus><ItemPrice>5.30</ItemPrice></item><item><PriceUpdateDate>2015-10-13 09:48:18</PriceUpdateDate><ItemCode>7290004125370</ItemCode><ItemType>1</ItemType><ItemName>שמנת תנובה 9% שומן</ItemName><ManufacturerName>חלב תנובה</ManufacturerName><ManufactureCountry>ישראל</ManufactureCountry><ManufacturerItemDescription>שמנת תנובה 200 9% מל</ManufacturerItemDescription><SoldByWeight/><Quantity>200.00</Quantity><UnitOfMeasure>מ"ל</UnitOfMeasure><QtyInPackage>לא ידוע</QtyInPackage><UnitOfMeasurePrice>0.0185</UnitOfMeasurePrice><AllowDiscount>1</AllowDiscount><ItemStatus>1</ItemStatus><ItemPrice>3.70</ItemPrice></item><item><PriceUpdateDate>2016-02-11 07:49:24</PriceUpdateDate><ItemCode>7290004125400</ItemCode><ItemType>1</ItemType><ItemName>אשל לבן 4.5% 200 מ"ל</ItemName><ManufacturerName>אשל</ManufacturerName><ManufactureCountry>ישראל</ManufactureCountry><ManufacturerItemDescription>שלי אשל200 מל מהדרין פיקו</ManufacturerItemDescription><SoldByWeight/><Quantity>200.00</Quantity><UnitOfMeasure>מ"ל</UnitOfMeasure><QtyInPackage>לא ידוע</QtyInPackage><UnitOfMeasurePrice>0.0078</UnitOfMeasurePrice><AllowDiscount>1</AllowDiscount><ItemStatus>1</ItemStatus><ItemPrice>1.55</ItemPrice></item><item><PriceUpdateDate>2016-02-11 07:49:24</PriceUpdateDate><ItemCode>7290004125417</ItemCode><ItemType>1</ItemType><ItemName>גיל לבן 3% 200 מ"ל ת</ItemName><ManufacturerName>גיל</ManufacturerName><ManufactureCountry>ישראל</ManufactureCountry><ManufacturerItemDescription>שלי גיל200 מל    פיקוח</ManufacturerItemDescription><SoldByWeight/><Quantity>200.00</Quantity><UnitOfMeasure>מ"ל</UnitOfMeasure><QtyInPackage>לא ידוע</QtyInPackage><UnitOfMeasurePrice>0.0070</UnitOfMeasurePrice><AllowDiscount>1</AllowDiscount><ItemStatus>1</ItemStatus><ItemPrice>1.40</ItemPrice></item><item><PriceUpdateDate>2016-02-11 07:49:24</PriceUpdateDate><ItemCode>7290004125455</ItemCode><ItemType>1</ItemType><ItemName>שמנת תנובה 15% 200 מ</ItemName><ManufacturerName>חלב תנובה</ManufacturerName><ManufactureCountry>ישראל</ManufactureCountry><ManufacturerItemDescription>שמנת תנובה200 15% מל  פיק</ManufacturerItemDescription><SoldByWeight/><Quantity>200.00</Quantity><UnitOfMeasure>מ"ל</UnitOfMeasure><QtyInPackage>לא ידוע</QtyInPackage><UnitOfMeasurePrice>0.0110</UnitOfMeasurePrice><AllowDiscount>1</AllowDiscount><ItemStatus>1</ItemStatus><ItemPrice>2.20</ItemPrice></item><item><PriceUpdateDate>2015-07-24 07:02:49</PriceUpdateDate><ItemCode>7290004125509</ItemCode><ItemType>1</ItemType><ItemName>שמנת אורגינל 15% חצי</ItemName><ManufacturerName>חלב תנובה</ManufacturerName><ManufactureCountry>ישראל</ManufactureCountry><ManufacturerItemDescription>שמנת תנובה 15% חצי מנה 10</ManufacturerItemDescription><SoldByWeight/><Quantity>100.00</Quantity><UnitOfMeasure>מ"ל</UnitOfMeasure><QtyInPackage>לא ידוע</QtyInPackage><UnitOfMeasurePrice>0.0190</UnitOfMeasurePrice><AllowDiscount>1</AllowDiscount><ItemStatus>1</ItemStatus><ItemPrice>1.90</ItemPrice></item><item><PriceUpdateDate>2016-08-02 06:36:23</PriceUpdateDate><ItemCode>7290004125578</ItemCode><ItemType>1</ItemType><ItemName>מב משקה סויה מעושר ב</ItemName><ManufacturerName>סו תנובה</ManufacturerName><ManufactureCountry>ישראל</ManufactureCountry><ManufacturerItemDescription>משקה סויה מועשר בסידן 1 ל</ManufacturerItemDescription><SoldByWeight/><Quantity>1000.00</Quantity><UnitOfMeasure>מ"ל</UnitOfMeasure><QtyInPackage>לא ידוע</QtyInPackage><UnitOfMeasurePrice>0.0089</UnitOfMeasurePrice><AllowDiscount>0</AllowDiscount><ItemStatus>1</ItemStatus><ItemPrice>8.90</ItemPrice></item><item><PriceUpdateDate>2016-08-02 06:36:23</PriceUpdateDate><ItemCode>7290004125585</ItemCode><ItemType>1</ItemType><ItemName>מב משקה סויה על הבוק</ItemName><ManufacturerName>סו תנובה</ManufacturerName><ManufactureCountry>ישראל</ManufactureCountry><ManufacturerItemDescription>משקה סויה על הבוקר וניל 1</ManufacturerItemDescription><SoldByWeight/><Quantity>1000.00</Quantity><UnitOfMeasure>מ"ל</UnitOfMeasure><QtyInPackage>לא ידוע</QtyInPackage><UnitOfMeasurePrice>0.0089</UnitOfMeasurePrice><AllowDiscount>0</AllowDiscount><ItemStatus>1</ItemStatus><ItemPrice>8.90</ItemPrice></item><item><PriceUpdateDate>2016-02-16 10:18:31</PriceUpdateDate><ItemCode>7290004125721</ItemCode><ItemType>1</ItemType><ItemName>שמנת לבישול15% השף ה</ItemName><ManufacturerName>שף לבן</ManufacturerName><ManufactureCountry>ישראל</ManufactureCountry><ManufacturerItemDescription>שמנת לבישול 250 15% מל</ManufacturerItemDescription><SoldByWeight/><Quantity>250.00</Quantity><UnitOfMeasure>מ"ל</UnitOfMeasure><QtyInPackage>לא ידוע</QtyInPackage><UnitOfMeasurePrice>0.0376</UnitOfMeasurePrice><AllowDiscount>1</AllowDiscount><ItemStatus>1</ItemStatus><ItemPrice>9.40</ItemPrice></item><item><PriceUpdateDate>2016-02-25 07:53:51</PriceUpdateDate><ItemCode>7290004125738</ItemCode><ItemType>1</ItemType><ItemName>שמנת להקצפה 32% 250</ItemName><ManufacturerName>שף לבן</ManufacturerName><ManufactureCountry>ישראל</ManufactureCountry><ManufacturerItemDescription>שמנת להקצפה 250 - 32% מל</ManufacturerItemDescription><SoldByWeight/><Quantity>250.00</Quantity><UnitOfMeasure>מ"ל</UnitOfMeasure><QtyInPackage>לא ידוע</QtyInPackage><UnitOfMeasurePrice>0.0276</UnitOfMeasurePrice><AllowDiscount>1</AllowDiscount><ItemStatus>1</ItemStatus><ItemPrice>6.90</ItemPrice></item><item><PriceUpdateDate>2016-02-16 10:18:31</PriceUpdateDate><ItemCode>7290004125776</ItemCode><ItemType>1</ItemType><ItemName>עמק פרוס בקופסא 400</ItemName><ManufacturerName>עמק</ManufacturerName><ManufactureCountry>ישראל</ManufactureCountry><ManufacturerItemDescription>גבינהקשה עמק 400 28% גרם</ManufacturerItemDescription><SoldByWeight/><Quantity>400.00</Quantity><UnitOfMeasure>גרם     </UnitOfMeasure><QtyInPackage>לא ידוע</QtyInPackage><UnitOfMeasurePrice>0.0722</UnitOfMeasurePrice><AllowDiscount>1</AllowDiscount><ItemStatus>1</ItemStatus><ItemPrice>28.90</ItemPrice></item><item><PriceUpdateDate>2015-10-13 09:48:18</PriceUpdateDate><ItemCode>7290004126674</ItemCode><ItemType>1</ItemType><ItemName>גבינה צהובה טל העמק</ItemName><ManufacturerName>עמק</ManufacturerName><ManufactureCountry>ישראל</ManufactureCountry><ManufacturerItemDescription>גבינהקשה טל העמק לייט200</ManufacturerItemDescription><SoldByWeight/><Quantity>200.00</Quantity><UnitOfMeasure>גרם     </UnitOfMeasure><QtyInPackage>לא ידוע</QtyInPackage><UnitOfMeasurePrice>0.0945</UnitOfMeasurePrice><AllowDiscount>1</AllowDiscount><ItemStatus>1</ItemStatus><ItemPrice>18.90</ItemPrice></item><item><PriceUpdateDate>2016-05-31 09:30:58</PriceUpdateDate><ItemCode>7290004126872</ItemCode><ItemType>1</ItemType><ItemName>שוקו תנובה 250 מ"ל</ItemName><ManufacturerName>שוק</ManufacturerName><ManufactureCountry>ישראל</ManufactureCountry><ManufacturerItemDescription>שוקו בקבוק 250 מל מהדרין</ManufacturerItemDescription><SoldByWeight/><Quantity>250.00</Quantity><UnitOfMeasure>מ"ל</UnitOfMeasure><QtyInPackage>לא ידוע</QtyInPackage><UnitOfMeasurePrice>0.0228</UnitOfMeasurePrice><AllowDiscount>1</AllowDiscount><ItemStatus>1</ItemStatus><ItemPrice>5.70</ItemPrice></item><item><PriceUpdateDate>2015-11-11 11:53:06</PriceUpdateDate><ItemCode>7290004127077</ItemCode><ItemType>1</ItemType><ItemName>קוטג' 3% מהדרין 250</ItemName><ManufacturerName>קוטג תנובה</ManufacturerName><ManufactureCountry>ישראל</ManufactureCountry><ManufacturerItemDescription>קוטג 250 3% גרם</ManufacturerItemDescription><SoldByWeight/><Quantity>250.00</Quantity><UnitOfMeasure>גרם     </UnitOfMeasure><QtyInPackage>לא ידוע</QtyInPackage><UnitOfMeasurePrice>0.0228</UnitOfMeasurePrice><AllowDiscount>1</AllowDiscount><ItemStatus>1</ItemStatus><ItemPrice>5.70</ItemPrice></item><item><PriceUpdateDate>2015-10-01 00:27:12</PriceUpdateDate><ItemCode>7290004127329</ItemCode><ItemType>1</ItemType><ItemName>קוטג' 5% מהדרין 250</ItemName><ManufacturerName>קוטג תנובה</ManufacturerName><ManufactureCountry>ישראל</ManufactureCountry><ManufacturerItemDescription>קוטג250 5% גר.בעלז</ManufacturerItemDescription><SoldByWeight/><Quantity>250.00</Quantity><UnitOfMeasure>גרם     </UnitOfMeasure><QtyInPackage>לא ידוע</QtyInPackage><UnitOfMeasurePrice>0.0228</UnitOfMeasurePrice><AllowDiscount>1</AllowDiscount><ItemStatus>1</ItemStatus><ItemPrice>5.70</ItemPrice></item><item><PriceUpdateDate>2015-11-11 11:53:06</PriceUpdateDate><ItemCode>7290004127336</ItemCode><ItemType>1</ItemType><ItemName>קוטג' 9% 250 גרם תנו</ItemName><ManufacturerName>קוטג תנובה</ManufacturerName><ManufactureCountry>ישראל</ManufactureCountry><ManufacturerItemDescription>קוטג250 9% גרם בעלז</ManufacturerItemDescription><SoldByWeight/><Quantity>250.00</Quantity><UnitOfMeasure>גרם     </UnitOfMeasure><QtyInPackage>לא ידוע</QtyInPackage><UnitOfMeasurePrice>0.0228</UnitOfMeasurePrice><AllowDiscount>1</AllowDiscount><ItemStatus>1</ItemStatus><ItemPrice>5.70</ItemPrice></item><item><PriceUpdateDate>2016-05-22 07:03:39</PriceUpdateDate><ItemCode>7290004127800</ItemCode><ItemType>1</ItemType><ItemName>גבינה לבנה 5% 500 גר</ItemName><ManufacturerName>גבינות תנובה</ManufacturerName><ManufactureCountry>ישראל</ManufactureCountry><ManufacturerItemDescription>גבינה למריחה 500 5% גרם</ManufacturerItemDescription><SoldByWeight/><Quantity>500.00</Quantity><UnitOfMeasure>גרם     </UnitOfMeasure><QtyInPackage>לא ידוע</QtyInPackage><UnitOfMeasurePrice>0.0184</UnitOfMeasurePrice><AllowDiscount>1</AllowDiscount><ItemStatus>1</ItemStatus><ItemPrice>9.20</ItemPrice></item><item><PriceUpdateDate>2016-07-20 09:14:29</PriceUpdateDate><ItemCode>7290004127817</ItemCode><ItemType>1</ItemType><ItemName>גבינה לבנה 9% 500 גר</ItemName><ManufacturerName>גבינות תנובה</ManufacturerName><ManufactureCountry>ישראל</ManufactureCountry><ManufacturerItemDescription>גבינה לבנה 9% 500 גר</ManufacturerItemDescription><SoldByWeight/><Quantity>500.00</Quantity><UnitOfMeasure>גרם     </UnitOfMeasure><QtyInPackage>לא ידוע</QtyInPackage><UnitOfMeasurePrice>0.0184</UnitOfMeasurePrice><AllowDiscount>1</AllowDiscount><ItemStatus>1</ItemStatus><ItemPrice>9.20</ItemPrice></item><item><PriceUpdateDate>2016-02-11 07:49:24</PriceUpdateDate><ItemCode>7290004127862</ItemCode><ItemType>1</ItemType><ItemName>גבינה לבנה 5% 750 גר</ItemName><ManufacturerName>גבינות תנובה</ManufacturerName><ManufactureCountry>ישראל</ManufactureCountry><ManufacturerItemDescription>גבינה לבנה 5% 750 גר</ManufacturerItemDescription><SoldByWeight/><Quantity>750.00</Quantity><UnitOfMeasure>גרם     </UnitOfMeasure><QtyInPackage>לא ידוע</QtyInPackage><UnitOfMeasurePrice>0.0184</UnitOfMeasurePrice><AllowDiscount>1</AllowDiscount><ItemStatus>1</ItemStatus><ItemPrice>13.80</ItemPrice></item><item><PriceUpdateDate>2015-11-12 11:29:34</PriceUpdateDate><ItemCode>7290004128333</ItemCode><ItemType>1</ItemType><ItemName>לאבנה פיראוס 500 גרם</ItemName><ManufacturerName>פיראוס</ManufacturerName><ManufactureCountry>ישראל</ManufactureCountry><ManufacturerItemDescription>לאבנה פיראוס 500 גרם</ManufacturerItemDescription><SoldByWeight/><Quantity>500.00</Quantity><UnitOfMeasure>גרם     </UnitOfMeasure><QtyInPackage>לא ידוע</QtyInPackage><UnitOfMeasurePrice>0.0406</UnitOfMeasurePrice><AllowDiscount>1</AllowDiscount><ItemStatus>1</ItemStatus><ItemPrice>20.30</ItemPrice></item><item><PriceUpdateDate>2016-08-02 06:36:23</PriceUpdateDate><ItemCode>7290004128340</ItemCode><ItemType>1</ItemType><ItemName>מב גבינת קרם שמנת 5%</ItemName><ManufacturerName>גבינות תנובה</ManufacturerName><ManufactureCountry>ישראל</ManufactureCountry><ManufacturerItemDescription>גבינת שמנת 200 5% גרם</ManufacturerItemDescription><SoldByWeight/><Quantity>200.00</Quantity><UnitOfMeasure>גרם     </UnitOfMeasure><QtyInPackage>לא ידוע</QtyInPackage><UnitOfMeasurePrice>0.0445</UnitOfMeasurePrice><AllowDiscount>1</AllowDiscount><ItemStatus>1</ItemStatus><ItemPrice>8.90</ItemPrice></item><item><PriceUpdateDate>2016-08-02 06:36:23</PriceUpdateDate><ItemCode>7290004129101</ItemCode><ItemType>1</ItemType><ItemName>מב גבינת נפוליאון טב</ItemName><ManufacturerName>נפוליאון</ManufacturerName><ManufactureCountry>ישראל</ManufactureCountry><ManufacturerItemDescription>גבינהשמנ.נפולאון טעם טבעי</ManufacturerItemDescription><SoldByWeight/><Quantity>225.00</Quantity><UnitOfMeasure>גרם     </UnitOfMeasure><QtyInPackage>לא ידוע</QtyInPackage><UnitOfMeasurePrice>0.0444</UnitOfMeasurePrice><AllowDiscount>1</AllowDiscount><ItemStatus>1</ItemStatus><ItemPrice>10.00</ItemPrice></item><item><PriceUpdateDate>2016-08-02 06:36:24</PriceUpdateDate><ItemCode>7290004129118</ItemCode><ItemType>1</ItemType><ItemName>מב גבינת נפוליאון בט</ItemName><ManufacturerName>נפוליאון</ManufacturerName><ManufactureCountry>ישראל</ManufactureCountry><ManufacturerItemDescription>גבינהשמנ.נפולאון זיתים 22</ManufacturerItemDescription><SoldByWeight/><Quantity>225.00</Quantity><UnitOfMeasure>גרם     </UnitOfMeasure><QtyInPackage>לא ידוע</QtyInPackage><UnitOfMeasurePrice>0.0444</UnitOfMeasurePrice><AllowDiscount>1</AllowDiscount><ItemStatus>1</ItemStatus><ItemPrice>10.00</ItemPrice></item><item><PriceUpdateDate>2016-08-02 06:36:24</PriceUpdateDate><ItemCode>7290004129156</ItemCode><ItemType>1</ItemType><ItemName>מב גבינת נפוליאון בט</ItemName><ManufacturerName>נפוליאון</ManufacturerName><ManufactureCountry>ישראל</ManufactureCountry><ManufacturerItemDescription>גבינהשמנ.נפולאון שום שמיר</ManufacturerItemDescription><SoldByWeight/><Quantity>225.00</Quantity><UnitOfMeasure>גרם     </UnitOfMeasure><QtyInPackage>לא ידוע</QtyInPackage><UnitOfMeasurePrice>0.0444</UnitOfMeasurePrice><AllowDiscount>1</AllowDiscount><ItemStatus>1</ItemStatus><ItemPrice>10.00</ItemPrice></item><item><PriceUpdateDate>2016-08-10 11:22:00</PriceUpdateDate><ItemCode>7290004129545</ItemCode><ItemType>1</ItemType><ItemName>מב גבינה לבנה 3% 250</ItemName><ManufacturerName>גבינות תנובה</ManufacturerName><ManufactureCountry>ישראל</ManufactureCountry><ManufacturerItemDescription>גבינה לבנה 250 3% גרם</ManufacturerItemDescription><SoldByWeight/><Quantity>250.00</Quantity><UnitOfMeasure>גרם     </UnitOfMeasure><QtyInPackage>לא ידוע</QtyInPackage><UnitOfMeasurePrice>0.0160</UnitOfMeasurePrice><AllowDiscount>1</AllowDiscount><ItemStatus>1</ItemStatus><ItemPrice>4.00</ItemPrice></item><item><PriceUpdateDate>2015-10-13 09:48:19</PriceUpdateDate><ItemCode>7290004129668</ItemCode><ItemType>1</ItemType><ItemName>יופלה עם פצפוצי שוקו</ItemName><ManufacturerName>יופלה</ManufacturerName><ManufactureCountry>ישראל</ManufactureCountry><ManufacturerItemDescription>יופלה 3% פצפוצים מכסה מעל</ManufacturerItemDescription><SoldByWeight/><Quantity>167.00</Quantity><UnitOfMeasure>גרם     </UnitOfMeasure><QtyInPackage>לא ידוע</QtyInPackage><UnitOfMeasurePrice>0.0341</UnitOfMeasurePrice><AllowDiscount>1</AllowDiscount><ItemStatus>1</ItemStatus><ItemPrice>5.70</ItemPrice></item><item><PriceUpdateDate>2015-10-13 09:48:19</PriceUpdateDate><ItemCode>7290004129736</ItemCode><ItemType>1</ItemType><ItemName>יופלה לבן מעודן 1.5%</ItemName><ManufacturerName>יופלה</ManufacturerName><ManufactureCountry>ישראל</ManufactureCountry><ManufacturerItemDescription>יוגורט יופלה לבן 1.5% מעו</ManufacturerItemDescription><SoldByWeight/><Quantity>200.00</Quantity><UnitOfMeasure>מ"ל</UnitOfMeasure><QtyInPackage>לא ידוע</QtyInPackage><UnitOfMeasurePrice>0.0225</UnitOfMeasurePrice><AllowDiscount>1</AllowDiscount><ItemStatus>1</ItemStatus><ItemPrice>4.50</ItemPrice></item><item><PriceUpdateDate>2016-06-27 19:05:54</PriceUpdateDate><ItemCode>7290004129767</ItemCode><ItemType>1</ItemType><ItemName>מאגדת יופלה 3% לבן 8</ItemName><ManufacturerName>יופלה</ManufacturerName><ManufactureCountry>ישראל</ManufactureCountry><ManufacturerItemDescription>מאגדת יופלה 3% לבן 8</ManufacturerItemDescription><SoldByWeight/><Quantity>1200.00</Quantity><UnitOfMeasure>גרם     </UnitOfMeasure><QtyInPackage>לא ידוע</QtyInPackage><UnitOfMeasurePrice>0.0154</UnitOfMeasurePrice><AllowDiscount>1</AllowDiscount><ItemStatus>1</ItemStatus><ItemPrice>18.50</ItemPrice></item><item><PriceUpdateDate>2016-08-02 06:31:29</PriceUpdateDate><ItemCode>7290004130695</ItemCode><ItemType>1</ItemType><ItemName>מב אייס קפה תנובה 1</ItemName><ManufacturerName>שוק</ManufacturerName><ManufactureCountry>ישראל</ManufactureCountry><ManufacturerItemDescription>משקה אייס קפה בקבוק 1 ליט</ManufacturerItemDescription><SoldByWeight/><Quantity>1000.00</Quantity><UnitOfMeasure>מ"ל</UnitOfMeasure><QtyInPackage>לא ידוע</QtyInPackage><UnitOfMeasurePrice>0.0090</UnitOfMeasurePrice><AllowDiscount>1</AllowDiscount><ItemStatus>1</ItemStatus><ItemPrice>9.00</ItemPrice></item><item><PriceUpdateDate>2016-08-02 06:36:24</PriceUpdateDate><ItemCode>7290004130794</ItemCode><ItemType>1</ItemType><ItemName>מב משקה סויה מועשר ב</ItemName><ManufacturerName>סו תנובה</ManufacturerName><ManufactureCountry>ישראל</ManufactureCountry><ManufacturerItemDescription>משקה סויה מועשר מופחת מתי</ManufacturerItemDescription><SoldByWeight/><Quantity>1000.00</Quantity><UnitOfMeasure>מ"ל</UnitOfMeasure><QtyInPackage>לא ידוע</QtyInPackage><UnitOfMeasurePrice>0.0089</UnitOfMeasurePrice><AllowDiscount>0</AllowDiscount><ItemStatus>1</ItemStatus><ItemPrice>8.90</ItemPrice></item><item><PriceUpdateDate>2016-06-13 06:38:04</PriceUpdateDate><ItemCode>7290004130916</ItemCode><ItemType>1</ItemType><ItemName>יופלה פירות יער בשמנ</ItemName><ManufacturerName>יופלה</ManufacturerName><ManufactureCountry>ישראל</ManufactureCountry><ManufacturerItemDescription>יופלה פירות יער שמנת</ManufacturerItemDescription><SoldByWeight/><Quantity>150.00</Quantity><UnitOfMeasure>גרם     </UnitOfMeasure><QtyInPackage>לא ידוע</QtyInPackage><UnitOfMeasurePrice>0.0327</UnitOfMeasurePrice><AllowDiscount>1</AllowDiscount><ItemStatus>1</ItemStatus><ItemPrice>4.90</ItemPrice></item><item><PriceUpdateDate>2016-05-15 07:09:27</PriceUpdateDate><ItemCode>7290004131074</ItemCode><ItemType>1</ItemType><ItemName>חלב קרטון 3% מהדרין</ItemName><ManufacturerName>חלב תנובה</ManufacturerName><ManufactureCountry>ישראל</ManufactureCountry><ManufacturerItemDescription>חלב1 3% ל.קרטון מהדרין פי</ManufacturerItemDescription><SoldByWeight/><Quantity>1000.00</Quantity><UnitOfMeasure>מ"ל</UnitOfMeasure><QtyInPackage>לא ידוע</QtyInPackage><UnitOfMeasurePrice>0.0058</UnitOfMeasurePrice><AllowDiscount>1</AllowDiscount><ItemStatus>1</ItemStatus><ItemPrice>5.75</ItemPrice></item><item><PriceUpdateDate>2016-07-20 09:14:29</PriceUpdateDate><ItemCode>7290004131227</ItemCode><ItemType>1</ItemType><ItemName>גבינה לבנה 3% 500 גר</ItemName><ManufacturerName>גבינות תנובה</ManufacturerName><ManufactureCountry>ישראל</ManufactureCountry><ManufacturerItemDescription>גבינה לבנה 3% 500 גר</ManufacturerItemDescription><SoldByWeight/><Quantity>500.00</Quantity><UnitOfMeasure>גרם     </UnitOfMeasure><QtyInPackage>לא ידוע</QtyInPackage><UnitOfMeasurePrice>0.0184</UnitOfMeasurePrice><AllowDiscount>1</AllowDiscount><ItemStatus>1</ItemStatus><ItemPrice>9.20</ItemPrice></item><item><PriceUpdateDate>2016-05-31 09:30:58</PriceUpdateDate><ItemCode>7290004131432</ItemCode><ItemType>1</ItemType><ItemName>יופלה ביו 3% לבן 200</ItemName><ManufacturerName>יופלה</ManufacturerName><ManufactureCountry>ישראל</ManufactureCountry><ManufacturerItemDescription>יוגורט יופלה לבן 200 3% ג</ManufacturerItemDescription><SoldByWeight/><Quantity>200.00</Quantity><UnitOfMeasure>גרם     </UnitOfMeasure><QtyInPackage>לא ידוע</QtyInPackage><UnitOfMeasurePrice>0.0190</UnitOfMeasurePrice><AllowDiscount>1</AllowDiscount><ItemStatus>1</ItemStatus><ItemPrice>3.80</ItemPrice></item><item><PriceUpdateDate>2016-08-02 06:31:29</PriceUpdateDate><ItemCode>7290004131531</ItemCode><ItemType>1</ItemType><ItemName>מב שוקו תנובה 1 ליטר</ItemName><ManufacturerName>שוק</ManufacturerName><ManufactureCountry>ישראל</ManufactureCountry><ManufacturerItemDescription>שוקו תנובה בקבוק 1 ליטר</ManufacturerItemDescription><SoldByWeight/><Quantity>1000.00</Quantity><UnitOfMeasure>מ"ל</UnitOfMeasure><QtyInPackage>לא ידוע</QtyInPackage><UnitOfMeasurePrice>0.0090</UnitOfMeasurePrice><AllowDiscount>1</AllowDiscount><ItemStatus>1</ItemStatus><ItemPrice>9.00</ItemPrice></item><item><PriceUpdateDate>2016-08-02 06:31:29</PriceUpdateDate><ItemCode>7290004131814</ItemCode><ItemType>1</ItemType><ItemName>גבינה צפתית מעודנת 5</ItemName><ManufacturerName>פיראוס</ManufacturerName><ManufactureCountry>ישראל</ManufactureCountry><ManufacturerItemDescription>פיראוס צפתית מעודנת 200 5</ManufacturerItemDescription><SoldByWeight/><Quantity>200.00</Quantity><UnitOfMeasure>גרם     </UnitOfMeasure><QtyInPackage>לא ידוע</QtyInPackage><UnitOfMeasurePrice>0.0815</UnitOfMeasurePrice><AllowDiscount>1</AllowDiscount><ItemStatus>1</ItemStatus><ItemPrice>16.30</ItemPrice></item><item><PriceUpdateDate>2016-02-14 08:36:12</PriceUpdateDate><ItemCode>7290004132231</ItemCode><ItemType>1</ItemType><ItemName>חלב לקפה3.5% שומן 80</ItemName><ManufacturerName>חלב תנובה</ManufacturerName><ManufactureCountry>ישראל</ManufactureCountry><ManufacturerItemDescription>חלב פלוס לקפה  800 3.5% מ</ManufacturerItemDescription><SoldByWeight/><Quantity>800.00</Quantity><UnitOfMeasure>מ"ל</UnitOfMeasure><QtyInPackage>לא ידוע</QtyInPackage><UnitOfMeasurePrice>0.0086</UnitOfMeasurePrice><AllowDiscount>1</AllowDiscount><ItemStatus>1</ItemStatus><ItemPrice>6.90</ItemPrice></item><item><PriceUpdateDate>2015-10-13 09:48:19</PriceUpdateDate><ItemCode>7290004132507</ItemCode><ItemType>1</ItemType><ItemName>יופלה עם דגנים מצופי</ItemName><ManufacturerName>יופלה</ManufacturerName><ManufactureCountry>ישראל</ManufactureCountry><ManufacturerItemDescription>יופלה דגנים מצופים מכסה מ</ManufacturerItemDescription><SoldByWeight/><Quantity>167.00</Quantity><UnitOfMeasure>גרם     </UnitOfMeasure><QtyInPackage>לא ידוע</QtyInPackage><UnitOfMeasurePrice>0.0341</UnitOfMeasurePrice><AllowDiscount>1</AllowDiscount><ItemStatus>1</ItemStatus><ItemPrice>5.70</ItemPrice></item><item><PriceUpdateDate>2016-08-02 06:31:29</PriceUpdateDate><ItemCode>7290004132514</ItemCode><ItemType>1</ItemType><ItemName>מב משקה חלב בננה תנו</ItemName><ManufacturerName>תנובה</ManufacturerName><ManufactureCountry>ישראל</ManufactureCountry><ManufacturerItemDescription>מב משקה חלב בננה תנו</ManufacturerItemDescription><SoldByWeight/><Quantity>1000.00</Quantity><UnitOfMeasure>מ"ל</UnitOfMeasure><QtyInPackage>לא ידוע</QtyInPackage><UnitOfMeasurePrice>0.0090</UnitOfMeasurePrice><AllowDiscount>1</AllowDiscount><ItemStatus>1</ItemStatus><ItemPrice>9.00</ItemPrice></item><item><PriceUpdateDate>2016-08-02 06:36:24</PriceUpdateDate><ItemCode>7290004132552</ItemCode><ItemType>1</ItemType><ItemName>מב חלב סויה טבעי 1 ל</ItemName><ManufacturerName>סו תנובה</ManufacturerName><ManufactureCountry>ישראל</ManufactureCountry><ManufacturerItemDescription>משקה סויה דיאט 1 ליטר</ManufacturerItemDescription><SoldByWeight/><Quantity>1000.00</Quantity><UnitOfMeasure>מ"ל</UnitOfMeasure><QtyInPackage>לא ידוע</QtyInPackage><UnitOfMeasurePrice>0.0089</UnitOfMeasurePrice><AllowDiscount>0</AllowDiscount><ItemStatus>1</ItemStatus><ItemPrice>8.90</ItemPrice></item><item><PriceUpdateDate>2015-10-22 09:59:03</PriceUpdateDate><ItemCode>7290004132712</ItemCode><ItemType>1</ItemType><ItemName>אצבעות מוצרלה 172 גר</ItemName><ManufacturerName>עמק</ManufacturerName><ManufactureCountry>ישראל</ManufactureCountry><ManufacturerItemDescription>אצבעות עמק 172 גרם</ManufacturerItemDescription><SoldByWeight/><Quantity>172.00</Quantity><UnitOfMeasure>גרם     </UnitOfMeasure><QtyInPackage>לא ידוע</QtyInPackage><UnitOfMeasurePrice>0.0959</UnitOfMeasurePrice><AllowDiscount>1</AllowDiscount><ItemStatus>1</ItemStatus><ItemPrice>16.50</ItemPrice></item><item><PriceUpdateDate>2016-08-10 11:22:00</PriceUpdateDate><ItemCode>7290004132903</ItemCode><ItemType>1</ItemType><ItemName>מב גבינה לבנה 3% בד'</ItemName><ManufacturerName>גבינות תנובה</ManufacturerName><ManufactureCountry>ישראל</ManufactureCountry><ManufacturerItemDescription>מב גבינה לבנה 3% בד'</ManufacturerItemDescription><SoldByWeight/><Quantity>250.00</Quantity><UnitOfMeasure>גרם     </UnitOfMeasure><QtyInPackage>לא ידוע</QtyInPackage><UnitOfMeasurePrice>0.0160</UnitOfMeasurePrice><AllowDiscount>1</AllowDiscount><ItemStatus>1</ItemStatus><ItemPrice>4.00</ItemPrice></item><item><PriceUpdateDate>2015-11-12 11:29:35</PriceUpdateDate><ItemCode>7290004133108</ItemCode><ItemType>1</ItemType><ItemName>יופלה לבןעם גרנולה 1</ItemName><ManufacturerName>יופלה</ManufacturerName><ManufactureCountry>ישראל</ManufactureCountry><ManufacturerItemDescription>יופלה לבן+1.5% גרנולה מכס</ManufacturerItemDescription><SoldByWeight/><Quantity>170.00</Quantity><UnitOfMeasure>מ"ל</UnitOfMeasure><QtyInPackage>לא ידוע</QtyInPackage><UnitOfMeasurePrice>0.0353</UnitOfMeasurePrice><AllowDiscount>1</AllowDiscount><ItemStatus>1</ItemStatus><ItemPrice>6.00</ItemPrice></item><item><PriceUpdateDate>2016-08-16 08:54:47</PriceUpdateDate><ItemCode>7290004133207</ItemCode><ItemType>1</ItemType><ItemName>מב יופלה ביו דיאט 0%</ItemName><ManufacturerName>יופלה</ManufacturerName><ManufactureCountry>ישראל</ManufactureCountry><ManufacturerItemDescription>יופלה לבן דיאט 200 ג</ManufacturerItemDescription><SoldByWeight/><Quantity>200.00</Quantity><UnitOfMeasure>גרם     </UnitOfMeasure><QtyInPackage>לא ידוע</QtyInPackage><UnitOfMeasurePrice>0.0145</UnitOfMeasurePrice><AllowDiscount>1</AllowDiscount><ItemStatus>1</ItemStatus><ItemPrice>2.90</ItemPrice></item><item><PriceUpdateDate>2016-05-31 09:30:58</PriceUpdateDate><ItemCode>7290004133511</ItemCode><ItemType>1</ItemType><ItemName>מאגדת יופלה 1.5% לבן</ItemName><ManufacturerName>יופלה</ManufacturerName><ManufactureCountry>ישראל</ManufactureCountry><ManufacturerItemDescription>מאגדת יופלה 1.5% לבן</ManufacturerItemDescription><SoldByWeight/><Quantity>1200.00</Quantity><UnitOfMeasure>גרם     </UnitOfMeasure><QtyInPackage>לא ידוע</QtyInPackage><UnitOfMeasurePrice>0.0182</UnitOfMeasurePrice><AllowDiscount>1</AllowDiscount><ItemStatus>1</ItemStatus><ItemPrice>21.80</ItemPrice></item><item><PriceUpdateDate>2016-02-14 08:36:12</PriceUpdateDate><ItemCode>7290004133627</ItemCode><ItemType>1</ItemType><ItemName>חלב על הבוקר 3% בקרט</ItemName><ManufacturerName>חלב תנובה</ManufacturerName><ManufactureCountry>ישראל</ManufactureCountry><ManufacturerItemDescription>חלב 3% על הבוקר קרטון+פקק</ManufacturerItemDescription><SoldByWeight/><Quantity>1000.00</Quantity><UnitOfMeasure>מ"ל</UnitOfMeasure><QtyInPackage>לא ידוע</QtyInPackage><UnitOfMeasurePrice>0.0089</UnitOfMeasurePrice><AllowDiscount>1</AllowDiscount><ItemStatus>1</ItemStatus><ItemPrice>8.90</ItemPrice></item><item><PriceUpdateDate>2016-05-31 09:30:58</PriceUpdateDate><ItemCode>7290004134198</ItemCode><ItemType>1</ItemType><ItemName>שוקו בננה תנובה 250</ItemName><ManufacturerName>שוק</ManufacturerName><ManufactureCountry>ישראל</ManufactureCountry><ManufacturerItemDescription>שוקו בננה תנובה 250</ManufacturerItemDescription><SoldByWeight/><Quantity>250.00</Quantity><UnitOfMeasure>מ"ל</UnitOfMeasure><QtyInPackage>לא ידוע</QtyInPackage><UnitOfMeasurePrice>0.0228</UnitOfMeasurePrice><AllowDiscount>1</AllowDiscount><ItemStatus>1</ItemStatus><ItemPrice>5.70</ItemPrice></item><item><PriceUpdateDate>2015-10-13 09:48:19</PriceUpdateDate><ItemCode>7290004134983</ItemCode><ItemType>1</ItemType><ItemName>פרוסות עמק 5% פתיחה</ItemName><ManufacturerName>עמק</ManufacturerName><ManufactureCountry>ישראל</ManufactureCountry><ManufacturerItemDescription>גבינה עמק 5% פרוס פ.חוזרת</ManufacturerItemDescription><SoldByWeight/><Quantity>200.00</Quantity><UnitOfMeasure>גרם     </UnitOfMeasure><QtyInPackage>לא ידוע</QtyInPackage><UnitOfMeasurePrice>0.0890</UnitOfMeasurePrice><AllowDiscount>1</AllowDiscount><ItemStatus>1</ItemStatus><ItemPrice>17.80</ItemPrice></item><item><PriceUpdateDate>2016-08-16 08:54:47</PriceUpdateDate><ItemCode>7290004135614</ItemCode><ItemType>1</ItemType><ItemName>מב גבינה בולגרית מעו</ItemName><ManufacturerName>פיראוס</ManufacturerName><ManufactureCountry>ישראל</ManufactureCountry><ManufacturerItemDescription>גבינה בולגרית מעודנת 5% פ</ManufacturerItemDescription><SoldByWeight/><Quantity>250.00</Quantity><UnitOfMeasure>גרם     </UnitOfMeasure><QtyInPackage>לא ידוע</QtyInPackage><UnitOfMeasurePrice>0.0676</UnitOfMeasurePrice><AllowDiscount>1</AllowDiscount><ItemStatus>1</ItemStatus><ItemPrice>16.90</ItemPrice></item><item><PriceUpdateDate>2016-08-16 08:54:47</PriceUpdateDate><ItemCode>7290004135621</ItemCode><ItemType>1</ItemType><ItemName>מב גבינה בולגית מעוד</ItemName><ManufacturerName>פיראוס</ManufacturerName><ManufactureCountry>ישראל</ManufactureCountry><ManufacturerItemDescription>גבינה בולגרית מעודנת 3% פ</ManufacturerItemDescription><SoldByWeight/><Quantity>250.00</Quantity><UnitOfMeasure>גרם     </UnitOfMeasure><QtyInPackage>לא ידוע</QtyInPackage><UnitOfMeasurePrice>0.0676</UnitOfMeasurePrice><AllowDiscount>1</AllowDiscount><ItemStatus>1</ItemStatus><ItemPrice>16.90</ItemPrice></item><item><PriceUpdateDate>2016-05-31 09:30:58</PriceUpdateDate><ItemCode>7290004136192</ItemCode><ItemType>1</ItemType><ItemName>מילקשייק פונץ' בננה</ItemName><ManufacturerName>שוק</ManufacturerName><ManufactureCountry>ישראל</ManufactureCountry><ManufacturerItemDescription>מילקשייק פונץ' בננה</ManufacturerItemDescription><SoldByWeight/><Quantity>250.00</Quantity><UnitOfMeasure>מ"ל</UnitOfMeasure><QtyInPackage>לא ידוע</QtyInPackage><UnitOfMeasurePrice>0.0256</UnitOfMeasurePrice><AllowDiscount>1</AllowDiscount><ItemStatus>1</ItemStatus><ItemPrice>6.40</ItemPrice></item><item><PriceUpdateDate>2016-08-17 08:12:06</PriceUpdateDate><ItemCode>7290004136598</ItemCode><ItemType>1</ItemType><ItemName>מב מארז הפסקת אוכל ק</ItemName><ManufacturerName>חלב תנובה</ManufacturerName><ManufactureCountry>ישראל</ManufactureCountry><ManufacturerItemDescription>מארז הפסקת אוכל חלב+דגנים</ManufacturerItemDescription><SoldByWeight/><Quantity>150.00</Quantity><UnitOfMeasure>מ"ל</UnitOfMeasure><QtyInPackage>לא ידוע</QtyInPackage><UnitOfMeasurePrice>0.0460</UnitOfMeasurePrice><AllowDiscount>1</AllowDiscount><ItemStatus>1</ItemStatus><ItemPrice>6.90</ItemPrice></item><item><PriceUpdateDate>2015-10-13 09:48:19</PriceUpdateDate><ItemCode>7290004137021</ItemCode><ItemType>1</ItemType><ItemName>שמנת לבישול10% 250 מ</ItemName><ManufacturerName>שף לבן</ManufacturerName><ManufactureCountry>ישראל</ManufactureCountry><ManufacturerItemDescription>שמנת לבישול מופחת שומן</ManufacturerItemDescription><SoldByWeight/><Quantity>250.00</Quantity><UnitOfMeasure>מ"ל</UnitOfMeasure><QtyInPackage>לא ידוע</QtyInPackage><UnitOfMeasurePrice>0.0352</UnitOfMeasurePrice><AllowDiscount>1</AllowDiscount><ItemStatus>1</ItemStatus><ItemPrice>8.80</ItemPrice></item><item><PriceUpdateDate>2016-05-01 07:23:25</PriceUpdateDate><ItemCode>7290004137809</ItemCode><ItemType>1</ItemType><ItemName>לאבנה 5% 250 גרם</ItemName><ManufacturerName>פיראוס</ManufacturerName><ManufactureCountry>ישראל</ManufactureCountry><ManufacturerItemDescription>לאבנה 250 5% גרם    פיראו</ManufacturerItemDescription><SoldByWeight/><Quantity>250.00</Quantity><UnitOfMeasure>גרם     </UnitOfMeasure><QtyInPackage>לא ידוע</QtyInPackage><UnitOfMeasurePrice>0.0512</UnitOfMeasurePrice><AllowDiscount>1</AllowDiscount><ItemStatus>1</ItemStatus><ItemPrice>12.80</ItemPrice></item><item><PriceUpdateDate>2015-01-27 06:48:11</PriceUpdateDate><ItemCode>7290004199203</ItemCode><ItemType>1</ItemType><ItemName>קיסמי שניים</ItemName><ManufacturerName>לא ידוע</ManufacturerName><ManufactureCountry>ישראל</ManufactureCountry><ManufacturerItemDescription>קיסמי שניים</ManufacturerItemDescription><SoldByWeight/><Quantity>0.00</Quantity><UnitOfMeasure>יח'</UnitOfMeasure><QtyInPackage>לא ידוע</QtyInPackage><UnitOfMeasurePrice>0.0000</UnitOfMeasurePrice><AllowDiscount>1</AllowDiscount><ItemStatus>1</ItemStatus><ItemPrice>4.70</ItemPrice></item><item><PriceUpdateDate>2016-06-28 06:23:46</PriceUpdateDate><ItemCode>7290004230081</ItemCode><ItemType>1</ItemType><ItemName>מב קציצות עוף ברוטב</ItemName><ManufacturerName>שגב</ManufacturerName><ManufactureCountry>ישראל</ManufactureCountry><ManufacturerItemDescription>קציצות עוף ברוטב עגבניות</ManufacturerItemDescription><SoldByWeight/><Quantity>800.00</Quantity><UnitOfMeasure>גרם     </UnitOfMeasure><QtyInPackage>לא ידוע</QtyInPackage><UnitOfMeasurePrice>0.0311</UnitOfMeasurePrice><AllowDiscount>1</AllowDiscount><ItemStatus>1</ItemStatus><ItemPrice>24.90</ItemPrice></item><item><PriceUpdateDate>2016-06-28 06:23:47</PriceUpdateDate><ItemCode>7290004230371</ItemCode><ItemType>1</ItemType><ItemName>מב מקלות בורקס פילו</ItemName><ManufacturerName>שגב</ManufacturerName><ManufactureCountry>ישראל</ManufactureCountry><ManufacturerItemDescription>מב מקלות בורקס פילו</ManufacturerItemDescription><SoldByWeight/><Quantity>600.00</Quantity><UnitOfMeasure>גרם     </UnitOfMeasure><QtyInPackage>לא ידוע</QtyInPackage><UnitOfMeasurePrice>0.0282</UnitOfMeasurePrice><AllowDiscount>1</AllowDiscount><ItemStatus>1</ItemStatus><ItemPrice>16.90</ItemPrice></item><item><PriceUpdateDate>2015-01-27 06:47:27</PriceUpdateDate><ItemCode>7290004386825</ItemCode><ItemType>1</ItemType><ItemName>שעועית ענק ברוטב עגב</ItemName><ManufacturerName>לא ממותג</ManufacturerName><ManufactureCountry>ישראל</ManufactureCountry><ManufacturerItemDescription>שעועית ענק ברוטב עגב</ManufacturerItemDescription><SoldByWeight/><Quantity>420.00</Quantity><UnitOfMeasure>גרם     </UnitOfMeasure><QtyInPackage>לא ידוע</QtyInPackage><UnitOfMeasurePrice>0.0236</UnitOfMeasurePrice><AllowDiscount>1</AllowDiscount><ItemStatus>1</ItemStatus><ItemPrice>9.90</ItemPrice></item><item><PriceUpdateDate>2016-08-10 11:21:42</PriceUpdateDate><ItemCode>7290004492823</ItemCode><ItemType>1</ItemType><ItemName>נשנושי קרקר שומשום 3</ItemName><ManufacturerName>נישנושים</ManufacturerName><ManufactureCountry>ישראל</ManufactureCountry><ManufacturerItemDescription>נשנושי קרקר שומשום 3</ManufacturerItemDescription><SoldByWeight/><Quantity>350.00</Quantity><UnitOfMeasure>גרם     </UnitOfMeasure><QtyInPackage>לא ידוע</QtyInPackage><UnitOfMeasurePrice>0.0454</UnitOfMeasurePrice><AllowDiscount>1</AllowDiscount><ItemStatus>1</ItemStatus><ItemPrice>15.90</ItemPrice></item><item><PriceUpdateDate>2016-06-27 19:05:56</PriceUpdateDate><ItemCode>7290004584351</ItemCode><ItemType>1</ItemType><ItemName>סימפוניה 5% טבעית 20</ItemName><ManufacturerName>סימפוניה שטראוס</ManufacturerName><ManufactureCountry>ישראל</ManufactureCountry><ManufacturerItemDescription>סימפוניה בטעם טבעי 200 גר</ManufacturerItemDescription><SoldByWeight/><Quantity>200.00</Quantity><UnitOfMeasure>גרם     </UnitOfMeasure><QtyInPackage>לא ידוע</QtyInPackage><UnitOfMeasurePrice>0.0595</UnitOfMeasurePrice><AllowDiscount>0</AllowDiscount><ItemStatus>1</ItemStatus><ItemPrice>11.90</ItemPrice></item><item><PriceUpdateDate>2015-10-13 09:48:20</PriceUpdateDate><ItemCode>7290004584528</ItemCode><ItemType>1</ItemType><ItemName>דנונה ביו טבעי 1.7%</ItemName><ManufacturerName>דנונה</ManufacturerName><ManufactureCountry>ישראל</ManufactureCountry><ManufacturerItemDescription>יוגורט דנונה בי 200  1.7%</ManufacturerItemDescription><SoldByWeight/><Quantity>200.00</Quantity><UnitOfMeasure>גרם     </UnitOfMeasure><QtyInPackage>לא ידוע</QtyInPackage><UnitOfMeasurePrice>0.0200</UnitOfMeasurePrice><AllowDiscount>1</AllowDiscount><ItemStatus>1</ItemStatus><ItemPrice>4.00</ItemPrice></item><item><PriceUpdateDate>2015-10-13 09:48:20</PriceUpdateDate><ItemCode>7290004585907</ItemCode><ItemType>1</ItemType><ItemName>מעדן דני וניל 125 גר</ItemName><ManufacturerName>דני</ManufacturerName><ManufactureCountry>ישראל</ManufactureCountry><ManufacturerItemDescription>דני וניל125 גר</ManufacturerItemDescription><SoldByWeight/><Quantity>125.00</Quantity><UnitOfMeasure>גרם     </UnitOfMeasure><QtyInPackage>לא ידוע</QtyInPackage><UnitOfMeasurePrice>0.0216</UnitOfMeasurePrice><AllowDiscount>1</AllowDiscount><ItemStatus>1</ItemStatus><ItemPrice>2.70</ItemPrice></item><item><PriceUpdateDate>2016-06-27 19:05:56</PriceUpdateDate><ItemCode>7290004685010</ItemCode><ItemType>1</ItemType><ItemName>לחם 100% שיפון קל 50</ItemName><ManufacturerName>מאפיית ברמן</ManufacturerName><ManufactureCountry>ישראל</ManufactureCountry><ManufacturerItemDescription>לחם 100% שיפון קל 50</ManufacturerItemDescription><SoldByWeight/><Quantity>500.00</Quantity><UnitOfMeasure>גרם     </UnitOfMeasure><QtyInPackage>לא ידוע</QtyInPackage><UnitOfMeasurePrice>0.0338</UnitOfMeasurePrice><AllowDiscount>1</AllowDiscount><ItemStatus>1</ItemStatus><ItemPrice>16.90</ItemPrice></item><item><PriceUpdateDate>2016-06-27 19:05:56</PriceUpdateDate><ItemCode>7290004685089</ItemCode><ItemType>1</ItemType><ItemName>לחם חמניות 500 גרם</ItemName><ManufacturerName>מאפיית ברמן</ManufacturerName><ManufactureCountry>ישראל</ManufactureCountry><ManufacturerItemDescription>לחם חמניות 500 גרם</ManufacturerItemDescription><SoldByWeight/><Quantity>500.00</Quantity><UnitOfMeasure>גרם     </UnitOfMeasure><QtyInPackage>לא ידוע</QtyInPackage><UnitOfMeasurePrice>0.0338</UnitOfMeasurePrice><AllowDiscount>1</AllowDiscount><ItemStatus>1</ItemStatus><ItemPrice>16.90</ItemPrice></item><item><PriceUpdateDate>2016-06-27 19:05:56</PriceUpdateDate><ItemCode>7290004685133</ItemCode><ItemType>1</ItemType><ItemName>לחם קל לחם הארץ 750</ItemName><ManufacturerName>מאפיית ברמן</ManufacturerName><ManufactureCountry>ישראל</ManufactureCountry><ManufacturerItemDescription>לחם קל לחם הארץ 750 גרם</ManufacturerItemDescription><SoldByWeight/><Quantity>750.00</Quantity><UnitOfMeasure>גרם     </UnitOfMeasure><QtyInPackage>לא ידוע</QtyInPackage><UnitOfMeasurePrice>0.0240</UnitOfMeasurePrice><AllowDiscount>1</AllowDiscount><ItemStatus>1</ItemStatus><ItemPrice>18.00</ItemPrice></item><item><PriceUpdateDate>2016-06-27 19:05:56</PriceUpdateDate><ItemCode>7290004685157</ItemCode><ItemType>1</ItemType><ItemName>לחם שיפון 100%</ItemName><ManufacturerName>לחם הארץ</ManufacturerName><ManufactureCountry>ישראל</ManufactureCountry><ManufacturerItemDescription>לחם שיפון 750 100% ג</ManufacturerItemDescription><SoldByWeight/><Quantity>750.00</Quantity><UnitOfMeasure>גרם     </UnitOfMeasure><QtyInPackage>לא ידוע</QtyInPackage><UnitOfMeasurePrice>0.0233</UnitOfMeasurePrice><AllowDiscount>1</AllowDiscount><ItemStatus>1</ItemStatus><ItemPrice>17.50</ItemPrice></item><item><PriceUpdateDate>2016-06-27 19:05:56</PriceUpdateDate><ItemCode>7290004685195</ItemCode><ItemType>1</ItemType><ItemName>לחם 10 דגנים  750 גר</ItemName><ManufacturerName>לחם הארץ</ManufacturerName><ManufactureCountry>ישראל</ManufactureCountry><ManufacturerItemDescription>לחם 10 דגנים לחם הארץ 750</ManufacturerItemDescription><SoldByWeight/><Quantity>750.00</Quantity><UnitOfMeasure>גרם     </UnitOfMeasure><QtyInPackage>לא ידוע</QtyInPackage><UnitOfMeasurePrice>0.0225</UnitOfMeasurePrice><AllowDiscount>1</AllowDiscount><ItemStatus>1</ItemStatus><ItemPrice>16.90</ItemPrice></item><item><PriceUpdateDate>2016-06-27 19:05:56</PriceUpdateDate><ItemCode>7290004685201</ItemCode><ItemType>1</ItemType><ItemName>לחם שיפון אגוזים 500</ItemName><ManufacturerName>לחם הארץ</ManufacturerName><ManufactureCountry>ישראל</ManufactureCountry><ManufacturerItemDescription>לחם אגוזים 500 גרם לחם הא</ManufacturerItemDescription><SoldByWeight/><Quantity>500.00</Quantity><UnitOfMeasure>גרם     </UnitOfMeasure><QtyInPackage>לא ידוע</QtyInPackage><UnitOfMeasurePrice>0.0358</UnitOfMeasurePrice><AllowDiscount>1</AllowDiscount><ItemStatus>1</ItemStatus><ItemPrice>17.90</ItemPrice></item><item><PriceUpdateDate>2016-05-01 07:23:26</PriceUpdateDate><ItemCode>7290004731472</ItemCode><ItemType>1</ItemType><ItemName>אל סבון נוזלי כיףשלי</ItemName><ManufacturerName>כיף</ManufacturerName><ManufactureCountry>ישראל</ManufactureCountry><ManufacturerItemDescription>מארז אלסבון כיף שלישייה צ</ManufacturerItemDescription><SoldByWeight/><Quantity>1500.00</Quantity><UnitOfMeasure>מ"ל</UnitOfMeasure><QtyInPackage>לא ידוע</QtyInPackage><UnitOfMeasurePrice>0.0126</UnitOfMeasurePrice><AllowDiscount>1</AllowDiscount><ItemStatus>1</ItemStatus><ItemPrice>18.90</ItemPrice></item><item><PriceUpdateDate>2016-03-01 07:04:47</PriceUpdateDate><ItemCode>7290004731519</ItemCode><ItemType>1</ItemType><ItemName>ספריי למייבש מקסימה</ItemName><ManufacturerName>סנו מקסימה</ManufacturerName><ManufactureCountry>ישראל</ManufactureCountry><ManufacturerItemDescription>ספריי למייבש מקסימה</ManufacturerItemDescription><SoldByWeight/><Quantity>750.00</Quantity><UnitOfMeasure>מ"ל</UnitOfMeasure><QtyInPackage>לא ידוע</QtyInPackage><UnitOfMeasurePrice>0.0305</UnitOfMeasurePrice><AllowDiscount>1</AllowDiscount><ItemStatus>1</ItemStatus><ItemPrice>22.90</ItemPrice></item><item><PriceUpdateDate>2015-02-24 07:19:29</PriceUpdateDate><ItemCode>7290004762933</ItemCode><ItemType>1</ItemType><ItemName>פרורי לחם 400 גרם המ</ItemName><ManufacturerName>"המותג"</ManufacturerName><ManufactureCountry>ישראל</ManufactureCountry><ManufacturerItemDescription>פרורי לחם 400 גרם המ</ManufacturerItemDescription><SoldByWeight/><Quantity>400.00</Quantity><UnitOfMeasure>גרם     </UnitOfMeasure><QtyInPackage>לא ידוע</QtyInPackage><UnitOfMeasurePrice>0.0100</UnitOfMeasurePrice><AllowDiscount>1</AllowDiscount><ItemStatus>1</ItemStatus><ItemPrice>4.00</ItemPrice></item><item><PriceUpdateDate>2015-11-17 07:39:29</PriceUpdateDate><ItemCode>7290004762940</ItemCode><ItemType>1</ItemType><ItemName>פרורי לחם מוזהב 200</ItemName><ManufacturerName>"המותג"</ManufacturerName><ManufactureCountry>ישראל</ManufactureCountry><ManufacturerItemDescription>פרורי לחם מוזהב 200</ManufacturerItemDescription><SoldByWeight/><Quantity>200.00</Quantity><UnitOfMeasure>גרם     </UnitOfMeasure><QtyInPackage>לא ידוע</QtyInPackage><UnitOfMeasurePrice>0.0165</UnitOfMeasurePrice><AllowDiscount>1</AllowDiscount><ItemStatus>1</ItemStatus><ItemPrice>3.30</ItemPrice></item><item><PriceUpdateDate>2015-02-24 07:19:29</PriceUpdateDate><ItemCode>7290004762964</ItemCode><ItemType>1</ItemType><ItemName>פרורי לחם 200 גרם המ</ItemName><ManufacturerName>"המותג"</ManufacturerName><ManufactureCountry>ישראל</ManufactureCountry><ManufacturerItemDescription>פרורי לחם 200 גרם המ</ManufacturerItemDescription><SoldByWeight/><Quantity>200.00</Quantity><UnitOfMeasure>גרם     </UnitOfMeasure><QtyInPackage>לא ידוע</QtyInPackage><UnitOfMeasurePrice>0.0145</UnitOfMeasurePrice><AllowDiscount>1</AllowDiscount><ItemStatus>1</ItemStatus><ItemPrice>2.90</ItemPrice></item><item><PriceUpdateDate>2015-01-27 06:47:55</PriceUpdateDate><ItemCode>7290004863180</ItemCode><ItemType>1</ItemType><ItemName>חלה בגט</ItemName><ManufacturerName>אנג'ל</ManufacturerName><ManufactureCountry>ישראל</ManufactureCountry><ManufacturerItemDescription>חלה בגט</ManufacturerItemDescription><SoldByWeight/><Quantity>500.00</Quantity><UnitOfMeasure>גרם     </UnitOfMeasure><QtyInPackage>לא ידוע</QtyInPackage><UnitOfMeasurePrice>0.0214</UnitOfMeasurePrice><AllowDiscount>1</AllowDiscount><ItemStatus>1</ItemStatus><ItemPrice>10.70</ItemPrice></item><item><PriceUpdateDate>2015-11-17 07:39:29</PriceUpdateDate><ItemCode>7290004872021</ItemCode><ItemType>1</ItemType><ItemName>קרחון רמזור - צבעי מ</ItemName><ManufacturerName>גלידות נסטלה</ManufacturerName><ManufactureCountry>ישראל</ManufactureCountry><ManufacturerItemDescription>שלגון קרח רמזור</ManufacturerItemDescription><SoldByWeight/><Quantity>0.00</Quantity><UnitOfMeasure>יח'</UnitOfMeasure><QtyInPackage>לא ידוע</QtyInPackage><UnitOfMeasurePrice>0.0000</UnitOfMeasurePrice><AllowDiscount>1</AllowDiscount><ItemStatus>1</ItemStatus><ItemPrice>2.70</ItemPrice></item><item><PriceUpdateDate>2015-11-17 07:39:29</PriceUpdateDate><ItemCode>7290004872069</ItemCode><ItemType>1</ItemType><ItemName>קרחון לימון</ItemName><ManufacturerName>גלידות נסטלה</ManufacturerName><ManufactureCountry>ישראל</ManufactureCountry><ManufacturerItemDescription>שלגון קרח לימון</ManufacturerItemDescription><SoldByWeight/><Quantity>1.00</Quantity><UnitOfMeasure>יח'</UnitOfMeasure><QtyInPackage>לא ידוע</QtyInPackage><UnitOfMeasurePrice>2.7000</UnitOfMeasurePrice><AllowDiscount>1</AllowDiscount><ItemStatus>1</ItemStatus><ItemPrice>2.70</ItemPrice></item><item><PriceUpdateDate>2015-01-27 06:46:52</PriceUpdateDate><ItemCode>7290004872250</ItemCode><ItemType>1</ItemType><ItemName>אבטיח קיץ</ItemName><ManufacturerName>גלידות נסטלה</ManufacturerName><ManufactureCountry>ישראל</ManufactureCountry><ManufacturerItemDescription>שלגון אבטיח קיץ</ManufacturerItemDescription><SoldByWeight/><Quantity>0.00</Quantity><UnitOfMeasure>יח'</UnitOfMeasure><QtyInPackage>לא ידוע</QtyInPackage><UnitOfMeasurePrice>0.0000</UnitOfMeasurePrice><AllowDiscount>1</AllowDiscount><ItemStatus>1</ItemStatus><ItemPrice>5.70</ItemPrice></item><item><PriceUpdateDate>2015-11-17 07:39:29</PriceUpdateDate><ItemCode>7290004872359</ItemCode><ItemType>1</ItemType><ItemName>קרחון דובדבן</ItemName><ManufacturerName>גלידות נסטלה</ManufacturerName><ManufactureCountry>ישראל</ManufactureCountry><ManufacturerItemDescription>שלגון קרח דובדבן</ManufacturerItemDescription><SoldByWeight/><Quantity>1.00</Quantity><UnitOfMeasure>יח'</UnitOfMeasure><QtyInPackage>לא ידוע</QtyInPackage><UnitOfMeasurePrice>2.7000</UnitOfMeasurePrice><AllowDiscount>1</AllowDiscount><ItemStatus>1</ItemStatus><ItemPrice>2.70</ItemPrice></item><item><PriceUpdateDate>2015-07-19 06:50:49</PriceUpdateDate><ItemCode>7290004872786</ItemCode><ItemType>1</ItemType><ItemName>גלידת אקסטרים פקאן</ItemName><ManufacturerName>אקסטרים</ManufacturerName><ManufactureCountry>ישראל</ManufactureCountry><ManufacturerItemDescription>טילון אקסטרים ענק פקאו</ManufacturerItemDescription><SoldByWeight/><Quantity>1.00</Quantity><UnitOfMeasure>יח'</UnitOfMeasure><QtyInPackage>לא ידוע</QtyInPackage><UnitOfMeasurePrice>9.9000</UnitOfMeasurePrice><AllowDiscount>1</AllowDiscount><ItemStatus>1</ItemStatus><ItemPrice>9.90</ItemPrice></item><item><PriceUpdateDate>2016-08-10 11:21:42</PriceUpdateDate><ItemCode>7290004923051</ItemCode><ItemType>1</ItemType><ItemName>מי עין גדי 2 ליטר</ItemName><ManufacturerName>עין גדי</ManufacturerName><ManufactureCountry>ישראל</ManufactureCountry><ManufacturerItemDescription>מי עין גדי 2 ליטר</ManufacturerItemDescription><SoldByWeight/><Quantity>2000.00</Quantity><UnitOfMeasure>מ"ל</UnitOfMeasure><QtyInPackage>לא ידוע</QtyInPackage><UnitOfMeasurePrice>0.0019</UnitOfMeasurePrice><AllowDiscount>1</AllowDiscount><ItemStatus>1</ItemStatus><ItemPrice>3.90</ItemPrice></item><item><PriceUpdateDate>2015-10-14 13:38:19</PriceUpdateDate><ItemCode>7290004923099</ItemCode><ItemType>1</ItemType><ItemName>מי עין גדי שישייה 2</ItemName><ManufacturerName>עין גדי</ManufacturerName><ManufactureCountry>ישראל</ManufactureCountry><ManufacturerItemDescription>מי עין גדי שישייה 2</ManufacturerItemDescription><SoldByWeight/><Quantity>12000.00</Quantity><UnitOfMeasure>מ"ל</UnitOfMeasure><QtyInPackage>לא ידוע</QtyInPackage><UnitOfMeasurePrice>0.0010</UnitOfMeasurePrice><AllowDiscount>1</AllowDiscount><ItemStatus>1</ItemStatus><ItemPrice>12.00</ItemPrice></item><item><PriceUpdateDate>2016-08-02 06:36:24</PriceUpdateDate><ItemCode>7290005008184</ItemCode><ItemType>1</ItemType><ItemName>מב סבון נוזלי פלמולי</ItemName><ManufacturerName>פלמוליב</ManufacturerName><ManufactureCountry>ישראל</ManufactureCountry><ManufacturerItemDescription>פלמוליב סבון נוזלי שקדים</ManufacturerItemDescription><SoldByWeight/><Quantity>500.00</Quantity><UnitOfMeasure>מ"ל</UnitOfMeasure><QtyInPackage>לא ידוע</QtyInPackage><UnitOfMeasurePrice>0.0318</UnitOfMeasurePrice><AllowDiscount>1</AllowDiscount><ItemStatus>1</ItemStatus><ItemPrice>15.90</ItemPrice></item><item><PriceUpdateDate>2015-11-17 07:39:30</PriceUpdateDate><ItemCode>7290005068058</ItemCode><ItemType>1</ItemType><ItemName>תירס קל A2 מופחת קלר</ItemName><ManufacturerName>פרי הגליל</ManufacturerName><ManufactureCountry>ישראל</ManufactureCountry><ManufacturerItemDescription>תירס קל A2 גר</ManufacturerItemDescription><SoldByWeight/><Quantity>335.00</Quantity><UnitOfMeasure>גרם     </UnitOfMeasure><QtyInPackage>לא ידוע</QtyInPackage><UnitOfMeasurePrice>0.0230</UnitOfMeasurePrice><AllowDiscount>1</AllowDiscount><ItemStatus>1</ItemStatus><ItemPrice>7.70</ItemPrice></item><item><PriceUpdateDate>2016-02-01 20:38:30</PriceUpdateDate><ItemCode>7290005068492</ItemCode><ItemType>1</ItemType><ItemName>לקט ירקות מעורבים 70</ItemName><ManufacturerName>פרי הגליל</ManufacturerName><ManufactureCountry>ישראל</ManufactureCountry><ManufacturerItemDescription>לקט ירקות מעורבים 70</ManufacturerItemDescription><SoldByWeight/><Quantity>700.00</Quantity><UnitOfMeasure>גרם     </UnitOfMeasure><QtyInPackage>לא ידוע</QtyInPackage><UnitOfMeasurePrice>0.0169</UnitOfMeasurePrice><AllowDiscount>1</AllowDiscount><ItemStatus>1</ItemStatus><ItemPrice>11.80</ItemPrice></item><item><PriceUpdateDate>2016-03-16 13:26:06</PriceUpdateDate><ItemCode>7290005095269</ItemCode><ItemType>1</ItemType><ItemName>נרות חימום 50 יחידות</ItemName><ManufacturerName>לא ממותג</ManufacturerName><ManufactureCountry>ישראל</ManufactureCountry><ManufacturerItemDescription>להבונים 50 יח</ManufacturerItemDescription><SoldByWeight/><Quantity>20.00</Quantity><UnitOfMeasure>יח'</UnitOfMeasure><QtyInPackage>לא ידוע</QtyInPackage><UnitOfMeasurePrice>0.4950</UnitOfMeasurePrice><AllowDiscount>1</AllowDiscount><ItemStatus>1</ItemStatus><ItemPrice>9.90</ItemPrice></item><item><PriceUpdateDate>2016-01-05 10:15:44</PriceUpdateDate><ItemCode>7290005174551</ItemCode><ItemType>1</ItemType><ItemName>סלט חומוס יום יום 12</ItemName><ManufacturerName>אחלה</ManufacturerName><ManufactureCountry>ישראל</ManufactureCountry><ManufacturerItemDescription>סלט חומוס יום יום 125  גר</ManufacturerItemDescription><SoldByWeight/><Quantity>125.00</Quantity><UnitOfMeasure>גרם     </UnitOfMeasure><QtyInPackage>לא ידוע</QtyInPackage><UnitOfMeasurePrice>0.0440</UnitOfMeasurePrice><AllowDiscount>1</AllowDiscount><ItemStatus>1</ItemStatus><ItemPrice>5.50</ItemPrice></item><item><PriceUpdateDate>2015-10-22 09:59:04</PriceUpdateDate><ItemCode>7290005174841</ItemCode><ItemType>1</ItemType><ItemName>סלט חציל בטעם כבד 12</ItemName><ManufacturerName>אחלה</ManufacturerName><ManufactureCountry>ישראל</ManufactureCountry><ManufacturerItemDescription>חציל בטעם כבד 125 גרם</ManufacturerItemDescription><SoldByWeight/><Quantity>125.00</Quantity><UnitOfMeasure>גרם     </UnitOfMeasure><QtyInPackage>לא ידוע</QtyInPackage><UnitOfMeasurePrice>0.0488</UnitOfMeasurePrice><AllowDiscount>1</AllowDiscount><ItemStatus>1</ItemStatus><ItemPrice>6.10</ItemPrice></item><item><PriceUpdateDate>2016-03-20 07:51:41</PriceUpdateDate><ItemCode>7290005197628</ItemCode><ItemType>1</ItemType><ItemName>שוקולד פרה חלב מארז</ItemName><ManufacturerName>לא ממותג</ManufacturerName><ManufactureCountry>ישראל</ManufactureCountry><ManufacturerItemDescription>שוקולד פרה חלב מארז</ManufacturerItemDescription><SoldByWeight/><Quantity>100.00</Quantity><UnitOfMeasure>גרם     </UnitOfMeasure><QtyInPackage>לא ידוע</QtyInPackage><UnitOfMeasurePrice>0.2540</UnitOfMeasurePrice><AllowDiscount>1</AllowDiscount><ItemStatus>1</ItemStatus><ItemPrice>25.40</ItemPrice></item><item><PriceUpdateDate>2016-01-14 11:46:24</PriceUpdateDate><ItemCode>7290005199288</ItemCode><ItemType>1</ItemType><ItemName>מסטיק מאסט פטל לימון</ItemName><ManufacturerName>מאסט</ManufacturerName><ManufactureCountry>ישראל</ManufactureCountry><ManufacturerItemDescription>מסטיק מאסט פטל לימון</ManufacturerItemDescription><SoldByWeight/><Quantity>0.00</Quantity><UnitOfMeasure>יח'</UnitOfMeasure><QtyInPackage>לא ידוע</QtyInPackage><UnitOfMeasurePrice>0.0000</UnitOfMeasurePrice><AllowDiscount>1</AllowDiscount><ItemStatus>1</ItemStatus><ItemPrice>4.50</ItemPrice></item><item><PriceUpdateDate>2015-12-16 06:52:13</PriceUpdateDate><ItemCode>7290005199622</ItemCode><ItemType>1</ItemType><ItemName>ביסקוויט עד חצות מרי</ItemName><ManufacturerName>לא ממותג</ManufacturerName><ManufactureCountry>ישראל</ManufactureCountry><ManufacturerItemDescription>ביסקוויט מריר  200 גר</ManufacturerItemDescription><SoldByWeight/><Quantity>200.00</Quantity><UnitOfMeasure>גרם     </UnitOfMeasure><QtyInPackage>לא ידוע</QtyInPackage><UnitOfMeasurePrice>0.0745</UnitOfMeasurePrice><AllowDiscount>1</AllowDiscount><ItemStatus>1</ItemStatus><ItemPrice>14.90</ItemPrice></item><item><PriceUpdateDate>2016-01-14 11:46:24</PriceUpdateDate><ItemCode>7290005199738</ItemCode><ItemType>1</ItemType><ItemName>מסטיק מאסט ריח לפה 2</ItemName><ManufacturerName>מאסט</ManufacturerName><ManufactureCountry>ישראל</ManufactureCountry><ManufacturerItemDescription>מסטיק מאסט ריח פה פפרמינט</ManufacturerItemDescription><SoldByWeight/><Quantity>0.00</Quantity><UnitOfMeasure>יח'</UnitOfMeasure><QtyInPackage>לא ידוע</QtyInPackage><UnitOfMeasurePrice>0.0000</UnitOfMeasurePrice><AllowDiscount>1</AllowDiscount><ItemStatus>1</ItemStatus><ItemPrice>4.50</ItemPrice></item><item><PriceUpdateDate>2015-10-01 00:27:12</PriceUpdateDate><ItemCode>7290005200786</ItemCode><ItemType>1</ItemType><ItemName>חטיף תפוציפס שמנת בצ</ItemName><ManufacturerName>תפוצ'יפס</ManufacturerName><ManufactureCountry>ישראל</ManufactureCountry><ManufacturerItemDescription>תפוציפס טעם שמנת ובצל50 ג</ManufacturerItemDescription><SoldByWeight/><Quantity>50.00</Quantity><UnitOfMeasure>גרם     </UnitOfMeasure><QtyInPackage>לא ידוע</QtyInPackage><UnitOfMeasurePrice>0.0780</UnitOfMeasurePrice><AllowDiscount>1</AllowDiscount><ItemStatus>1</ItemStatus><ItemPrice>3.90</ItemPrice></item><item><PriceUpdateDate>2016-02-16 10:18:32</PriceUpdateDate><ItemCode>7290005200908</ItemCode><ItemType>1</ItemType><ItemName>פרה קראנצ' ביסקוויט</ItemName><ManufacturerName>פרה</ManufacturerName><ManufactureCountry>ישראל</ManufactureCountry><ManufacturerItemDescription>ביסקויט קראנצ שוקולד 100</ManufacturerItemDescription><SoldByWeight/><Quantity>100.00</Quantity><UnitOfMeasure>גרם     </UnitOfMeasure><QtyInPackage>לא ידוע</QtyInPackage><UnitOfMeasurePrice>0.0690</UnitOfMeasurePrice><AllowDiscount>1</AllowDiscount><ItemStatus>1</ItemStatus><ItemPrice>6.90</ItemPrice></item><item><PriceUpdateDate>2016-05-31 09:33:49</PriceUpdateDate><ItemCode>7290005201882</ItemCode><ItemType>1</ItemType><ItemName>קפה טורקי עלית שקית</ItemName><ManufacturerName>טורקי עלית</ManufacturerName><ManufactureCountry>ישראל</ManufactureCountry><ManufacturerItemDescription>קפה טורקי בצלופן 200 גרם</ManufacturerItemDescription><SoldByWeight/><Quantity>200.00</Quantity><UnitOfMeasure>גרם     </UnitOfMeasure><QtyInPackage>לא ידוע</QtyInPackage><UnitOfMeasurePrice>0.0795</UnitOfMeasurePrice><AllowDiscount>1</AllowDiscount><ItemStatus>1</ItemStatus><ItemPrice>15.90</ItemPrice></item><item><PriceUpdateDate>2016-05-31 09:33:49</PriceUpdateDate><ItemCode>7290005287206</ItemCode><ItemType>1</ItemType><ItemName>טונה סטארקיסט בשמן ר</ItemName><ManufacturerName>סטארקיסט</ManufacturerName><ManufactureCountry>ישראל</ManufactureCountry><ManufacturerItemDescription>טונה סטארקיסט בשמן</ManufacturerItemDescription><SoldByWeight/><Quantity>448.00</Quantity><UnitOfMeasure>גרם     </UnitOfMeasure><QtyInPackage>לא ידוע</QtyInPackage><UnitOfMeasurePrice>0.0511</UnitOfMeasurePrice><AllowDiscount>1</AllowDiscount><ItemStatus>1</ItemStatus><ItemPrice>22.90</ItemPrice></item><item><PriceUpdateDate>2016-05-31 09:33:49</PriceUpdateDate><ItemCode>7290005287251</ItemCode><ItemType>1</ItemType><ItemName>טונה סטארקיסט במים ר</ItemName><ManufacturerName>סטרקיסט</ManufacturerName><ManufactureCountry>ישראל</ManufactureCountry><ManufacturerItemDescription>טונה סטארקיסט במים 160X1/</ManufacturerItemDescription><SoldByWeight/><Quantity>640.00</Quantity><UnitOfMeasure>גרם     </UnitOfMeasure><QtyInPackage>לא ידוע</QtyInPackage><UnitOfMeasurePrice>0.0358</UnitOfMeasurePrice><AllowDiscount>1</AllowDiscount><ItemStatus>1</ItemStatus><ItemPrice>22.90</ItemPrice></item><item><PriceUpdateDate>2016-03-08 08:10:34</PriceUpdateDate><ItemCode>7290005287749</ItemCode><ItemType>1</ItemType><ItemName>טונה סטארקיסט 5% טבע</ItemName><ManufacturerName>סטארקיסט</ManufacturerName><ManufactureCountry>ישראל</ManufactureCountry><ManufacturerItemDescription>טונה ס.ק 5% שומן 160 גר</ManufacturerItemDescription><SoldByWeight/><Quantity>112.00</Quantity><UnitOfMeasure>גרם     </UnitOfMeasure><QtyInPackage>לא ידוע</QtyInPackage><UnitOfMeasurePrice>0.0705</UnitOfMeasurePrice><AllowDiscount>1</AllowDiscount><ItemStatus>1</ItemStatus><ItemPrice>7.90</ItemPrice></item><item><PriceUpdateDate>2016-05-05 12:30:26</PriceUpdateDate><ItemCode>7290005423635</ItemCode><ItemType>1</ItemType><ItemName>סנו ריצפז דוחה תיקני</ItemName><ManufacturerName>ריצפז</ManufacturerName><ManufactureCountry>ישראל</ManufactureCountry><ManufacturerItemDescription>ריצפז דוחה תיקנים 2 ל</ManufacturerItemDescription><SoldByWeight/><Quantity>2000.00</Quantity><UnitOfMeasure>מ"ל</UnitOfMeasure><QtyInPackage>לא ידוע</QtyInPackage><UnitOfMeasurePrice>0.0109</UnitOfMeasurePrice><AllowDiscount>1</AllowDiscount><ItemStatus>1</ItemStatus><ItemPrice>21.90</ItemPrice></item><item><PriceUpdateDate>2016-06-27 19:05:57</PriceUpdateDate><ItemCode>7290005423871</ItemCode><ItemType>1</ItemType><ItemName>משחת שינים אורביטול</ItemName><ManufacturerName>אורביטול</ManufacturerName><ManufactureCountry>ישראל</ManufactureCountry><ManufacturerItemDescription>אורביטול משחת שיניים 1/3</ManufacturerItemDescription><SoldByWeight/><Quantity>435.00</Quantity><UnitOfMeasure>גרם     </UnitOfMeasure><QtyInPackage>לא ידוע</QtyInPackage><UnitOfMeasurePrice>0.0434</UnitOfMeasurePrice><AllowDiscount>1</AllowDiscount><ItemStatus>1</ItemStatus><ItemPrice>18.90</ItemPrice></item><item><PriceUpdateDate>2016-06-27 19:05:57</PriceUpdateDate><ItemCode>7290005426193</ItemCode><ItemType>1</ItemType><ItemName>ספוגית הפלא סנו סושי</ItemName><ManufacturerName>סנו סושי</ManufacturerName><ManufactureCountry>ישראל</ManufactureCountry><ManufacturerItemDescription>ספוג הפלא סנו סושי</ManufacturerItemDescription><SoldByWeight/><Quantity>0.00</Quantity><UnitOfMeasure>יח'</UnitOfMeasure><QtyInPackage>לא ידוע</QtyInPackage><UnitOfMeasurePrice>0.0000</UnitOfMeasurePrice><AllowDiscount>1</AllowDiscount><ItemStatus>1</ItemStatus><ItemPrice>12.90</ItemPrice></item><item><PriceUpdateDate>2016-05-31 09:33:50</PriceUpdateDate><ItemCode>7290005427107</ItemCode><ItemType>1</ItemType><ItemName>מגבות מטבח סנו סושי</ItemName><ManufacturerName>סנו סושי</ManufacturerName><ManufactureCountry>ישראל</ManufactureCountry><ManufacturerItemDescription>מגבות מטבח סנו סושי</ManufacturerItemDescription><SoldByWeight/><Quantity>14.00</Quantity><UnitOfMeasure>מטר</UnitOfMeasure><QtyInPackage>לא ידוע</QtyInPackage><UnitOfMeasurePrice>0.7357</UnitOfMeasurePrice><AllowDiscount>1</AllowDiscount><ItemStatus>1</ItemStatus><ItemPrice>10.30</ItemPrice></item><item><PriceUpdateDate>2016-08-02 06:31:30</PriceUpdateDate><ItemCode>7290005427497</ItemCode><ItemType>1</ItemType><ItemName>מב מרכך כיף לשיער רג</ItemName><ManufacturerName>כיף</ManufacturerName><ManufactureCountry>ישראל</ManufactureCountry><ManufacturerItemDescription>כיף מרכך לשיער רגיל 750 מ</ManufacturerItemDescription><SoldByWeight/><Quantity>750.00</Quantity><UnitOfMeasure>מ"ל</UnitOfMeasure><QtyInPackage>לא ידוע</QtyInPackage><UnitOfMeasurePrice>0.0145</UnitOfMeasurePrice><AllowDiscount>1</AllowDiscount><ItemStatus>1</ItemStatus><ItemPrice>10.90</ItemPrice></item><item><PriceUpdateDate>2016-08-02 06:31:30</PriceUpdateDate><ItemCode>7290005427541</ItemCode><ItemType>1</ItemType><ItemName>תחליב רחצה כיף שקדים</ItemName><ManufacturerName>כיף</ManufacturerName><ManufactureCountry>ישראל</ManufactureCountry><ManufacturerItemDescription>תחליב רחצה כיף שקדים</ManufacturerItemDescription><SoldByWeight/><Quantity>750.00</Quantity><UnitOfMeasure>מ"ל</UnitOfMeasure><QtyInPackage>לא ידוע</QtyInPackage><UnitOfMeasurePrice>0.0172</UnitOfMeasurePrice><AllowDiscount>1</AllowDiscount><ItemStatus>1</ItemStatus><ItemPrice>12.90</ItemPrice></item><item><PriceUpdateDate>2016-08-02 06:31:30</PriceUpdateDate><ItemCode>7290005427565</ItemCode><ItemType>1</ItemType><ItemName>מב שמפו כיף לשיער רג</ItemName><ManufacturerName>כיף</ManufacturerName><ManufactureCountry>ישראל</ManufactureCountry><ManufacturerItemDescription>כיף שמפו לשיער רגיל 750 מ</ManufacturerItemDescription><SoldByWeight/><Quantity>750.00</Quantity><UnitOfMeasure>מ"ל</UnitOfMeasure><QtyInPackage>לא ידוע</QtyInPackage><UnitOfMeasurePrice>0.0145</UnitOfMeasurePrice><AllowDiscount>1</AllowDiscount><ItemStatus>1</ItemStatus><ItemPrice>10.90</ItemPrice></item><item><PriceUpdateDate>2016-08-02 06:36:25</PriceUpdateDate><ItemCode>7290005429279</ItemCode><ItemType>1</ItemType><ItemName>מב אבקת כביסה מקסימה</ItemName><ManufacturerName>סנו מקסימה</ManufacturerName><ManufactureCountry>ישראל</ManufactureCountry><ManufacturerItemDescription>מב אבקת כביסה מקסימה</ManufacturerItemDescription><SoldByWeight/><Quantity>6000.00</Quantity><UnitOfMeasure>גרם     </UnitOfMeasure><QtyInPackage>לא ידוע</QtyInPackage><UnitOfMeasurePrice>0.0083</UnitOfMeasurePrice><AllowDiscount>1</AllowDiscount><ItemStatus>1</ItemStatus><ItemPrice>49.90</ItemPrice></item><item><PriceUpdateDate>2016-08-02 06:36:25</PriceUpdateDate><ItemCode>7290005559907</ItemCode><ItemType>1</ItemType><ItemName>מב פיצה משפחתית גבינ</ItemName><ManufacturerName>מעדנות</ManufacturerName><ManufactureCountry>ישראל</ManufactureCountry><ManufacturerItemDescription>פיצה משפחתית גבינה 500 גר</ManufacturerItemDescription><SoldByWeight/><Quantity>500.00</Quantity><UnitOfMeasure>גרם     </UnitOfMeasure><QtyInPackage>לא ידוע</QtyInPackage><UnitOfMeasurePrice>0.0318</UnitOfMeasurePrice><AllowDiscount>1</AllowDiscount><ItemStatus>1</ItemStatus><ItemPrice>15.90</ItemPrice></item><item><PriceUpdateDate>2016-08-02 06:36:25</PriceUpdateDate><ItemCode>7290005559914</ItemCode><ItemType>1</ItemType><ItemName>מב פיצה משפחתית זיתי</ItemName><ManufacturerName>מעדנות</ManufacturerName><ManufactureCountry>ישראל</ManufactureCountry><ManufacturerItemDescription>פיצה משפחתית זיתים 550 גר</ManufacturerItemDescription><SoldByWeight/><Quantity>500.00</Quantity><UnitOfMeasure>גרם     </UnitOfMeasure><QtyInPackage>לא ידוע</QtyInPackage><UnitOfMeasurePrice>0.0318</UnitOfMeasurePrice><AllowDiscount>1</AllowDiscount><ItemStatus>1</ItemStatus><ItemPrice>15.90</ItemPrice></item><item><PriceUpdateDate>2016-05-31 09:33:50</PriceUpdateDate><ItemCode>7290005564253</ItemCode><ItemType>1</ItemType><ItemName>ספרינג 1.5 ליטר טעם</ItemName><ManufacturerName>ספרינג</ManufacturerName><ManufactureCountry>ישראל</ManufactureCountry><ManufacturerItemDescription>ספרינג אגס סברס תפוח1.5 ל</ManufacturerItemDescription><SoldByWeight/><Quantity>1500.00</Quantity><UnitOfMeasure>מ"ל</UnitOfMeasure><QtyInPackage>לא ידוע</QtyInPackage><UnitOfMeasurePrice>0.0039</UnitOfMeasurePrice><AllowDiscount>1</AllowDiscount><ItemStatus>1</ItemStatus><ItemPrice>5.90</ItemPrice></item><item><PriceUpdateDate>2016-02-26 06:48:16</PriceUpdateDate><ItemCode>7290005564680</ItemCode><ItemType>1</ItemType><ItemName>תפוזינה לימונדה 1.5</ItemName><ManufacturerName>תפוזינה</ManufacturerName><ManufactureCountry>ישראל</ManufactureCountry><ManufacturerItemDescription>תפוזינה לימון 1.5 ליטר</ManufacturerItemDescription><SoldByWeight/><Quantity>1500.00</Quantity><UnitOfMeasure>מ"ל</UnitOfMeasure><QtyInPackage>לא ידוע</QtyInPackage><UnitOfMeasurePrice>0.0050</UnitOfMeasurePrice><AllowDiscount>1</AllowDiscount><ItemStatus>1</ItemStatus><ItemPrice>7.50</ItemPrice></item><item><PriceUpdateDate>2015-10-22 09:59:04</PriceUpdateDate><ItemCode>7290005591761</ItemCode><ItemType>1</ItemType><ItemName>דבש לחיץ מפרחי בר 40</ItemName><ManufacturerName>יד מרדכי</ManufacturerName><ManufactureCountry>ישראל</ManufactureCountry><ManufacturerItemDescription>דבש פרחי בר400 גר.בקלחיץ</ManufacturerItemDescription><SoldByWeight/><Quantity>400.00</Quantity><UnitOfMeasure>גרם     </UnitOfMeasure><QtyInPackage>לא ידוע</QtyInPackage><UnitOfMeasurePrice>0.0747</UnitOfMeasurePrice><AllowDiscount>1</AllowDiscount><ItemStatus>1</ItemStatus><ItemPrice>29.90</ItemPrice></item><item><PriceUpdateDate>2016-03-16 13:25:41</PriceUpdateDate><ItemCode>7290005605901</ItemCode><ItemType>1</ItemType><ItemName>פאנטה אקזוטיק 1.5 לי</ItemName><ManufacturerName>פאנטה אקזוטיק</ManufacturerName><ManufactureCountry>ישראל</ManufactureCountry><ManufacturerItemDescription>פאנטה אקזוטיק 1.5 ליטר</ManufacturerItemDescription><SoldByWeight/><Quantity>1500.00</Quantity><UnitOfMeasure>מ"ל</UnitOfMeasure><QtyInPackage>לא ידוע</QtyInPackage><UnitOfMeasurePrice>0.0046</UnitOfMeasurePrice><AllowDiscount>1</AllowDiscount><ItemStatus>1</ItemStatus><ItemPrice>6.90</ItemPrice></item><item><PriceUpdateDate>2015-12-02 12:48:16</PriceUpdateDate><ItemCode>7290005613043</ItemCode><ItemType>1</ItemType><ItemName>גרנולה זהב תפוח עץ ו</ItemName><ManufacturerName>מזון העתיד בע"מ</ManufacturerName><ManufactureCountry>ישראל</ManufactureCountry><ManufacturerItemDescription>גרנולה זהב תפוח עץ ו</ManufacturerItemDescription><SoldByWeight/><Quantity>400.00</Quantity><UnitOfMeasure>גרם     </UnitOfMeasure><QtyInPackage>לא ידוע</QtyInPackage><UnitOfMeasurePrice>0.0323</UnitOfMeasurePrice><AllowDiscount>1</AllowDiscount><ItemStatus>1</ItemStatus><ItemPrice>12.90</ItemPrice></item><item><PriceUpdateDate>2015-11-17 07:39:36</PriceUpdateDate><ItemCode>7290005617492</ItemCode><ItemType>1</ItemType><ItemName>דלי 12 ליטר</ItemName><ManufacturerName>לא ממותג</ManufacturerName><ManufactureCountry>ישראל</ManufactureCountry><ManufacturerItemDescription>דלי 12 ליטר</ManufacturerItemDescription><SoldByWeight/><Quantity>1.00</Quantity><UnitOfMeasure>0</UnitOfMeasure><QtyInPackage>לא ידוע</QtyInPackage><UnitOfMeasurePrice>12.2000</UnitOfMeasurePrice><AllowDiscount>1</AllowDiscount><ItemStatus>1</ItemStatus><ItemPrice>12.20</ItemPrice></item><item><PriceUpdateDate>2015-01-27 06:48:54</PriceUpdateDate><ItemCode>7290005617690</ItemCode><ItemType>1</ItemType><ItemName>מברשת שירותים</ItemName><ManufacturerName>לא ממותג</ManufacturerName><ManufactureCountry>ישראל</ManufactureCountry><ManufacturerItemDescription>מברשת שירותים</ManufacturerItemDescription><SoldByWeight/><Quantity>1.00</Quantity><UnitOfMeasure>0</UnitOfMeasure><QtyInPackage>לא ידוע</QtyInPackage><UnitOfMeasurePrice>4.9000</UnitOfMeasurePrice><AllowDiscount>1</AllowDiscount><ItemStatus>1</ItemStatus><ItemPrice>4.90</ItemPrice></item><item><PriceUpdateDate>2015-10-22 09:59:04</PriceUpdateDate><ItemCode>7290005638206</ItemCode><ItemType>1</ItemType><ItemName>עוגיות מרוקאיות ללא</ItemName><ManufacturerName>לוגאני</ManufacturerName><ManufactureCountry>ישראל</ManufactureCountry><ManufacturerItemDescription>עוגיות מרוקאיות ללא סוכר</ManufacturerItemDescription><SoldByWeight/><Quantity>400.00</Quantity><UnitOfMeasure>גרם     </UnitOfMeasure><QtyInPackage>לא ידוע</QtyInPackage><UnitOfMeasurePrice>0.0570</UnitOfMeasurePrice><AllowDiscount>1</AllowDiscount><ItemStatus>1</ItemStatus><ItemPrice>22.80</ItemPrice></item><item><PriceUpdateDate>2015-10-13 09:48:21</PriceUpdateDate><ItemCode>7290005838002</ItemCode><ItemType>1</ItemType><ItemName>דניאלה וניל  150 מ"ל</ItemName><ManufacturerName>דניאלה</ManufacturerName><ManufactureCountry>ישראל</ManufactureCountry><ManufacturerItemDescription>דניאלה מעדן גבינה וניל 15</ManufacturerItemDescription><SoldByWeight/><Quantity>100.00</Quantity><UnitOfMeasure>מ"ל</UnitOfMeasure><QtyInPackage>לא ידוע</QtyInPackage><UnitOfMeasurePrice>0.0420</UnitOfMeasurePrice><AllowDiscount>1</AllowDiscount><ItemStatus>1</ItemStatus><ItemPrice>4.20</ItemPrice></item><item><PriceUpdateDate>2015-10-13 09:48:21</PriceUpdateDate><ItemCode>7290005838613</ItemCode><ItemType>1</ItemType><ItemName>גבינת סקי וניל 3% 12</ItemName><ManufacturerName>שטראוס</ManufacturerName><ManufactureCountry>ישראל</ManufactureCountry><ManufacturerItemDescription>גבינה סקי וניל125  גר</ManufacturerItemDescription><SoldByWeight/><Quantity>125.00</Quantity><UnitOfMeasure>גרם     </UnitOfMeasure><QtyInPackage>לא ידוע</QtyInPackage><UnitOfMeasurePrice>0.0304</UnitOfMeasurePrice><AllowDiscount>1</AllowDiscount><ItemStatus>1</ItemStatus><ItemPrice>3.80</ItemPrice></item><item><PriceUpdateDate>2015-10-13 09:48:21</PriceUpdateDate><ItemCode>7290005838972</ItemCode><ItemType>1</ItemType><ItemName>גבינת סקי 5% יום יום</ItemName><ManufacturerName>שטראוס</ManufacturerName><ManufactureCountry>ישראל</ManufactureCountry><ManufacturerItemDescription>גבינת סקי 5% יום יום</ManufacturerItemDescription><SoldByWeight/><Quantity>125.00</Quantity><UnitOfMeasure>גרם     </UnitOfMeasure><QtyInPackage>לא ידוע</QtyInPackage><UnitOfMeasurePrice>0.0280</UnitOfMeasurePrice><AllowDiscount>1</AllowDiscount><ItemStatus>1</ItemStatus><ItemPrice>3.50</ItemPrice></item><item><PriceUpdateDate>2015-10-13 09:48:21</PriceUpdateDate><ItemCode>7290005839078</ItemCode><ItemType>1</ItemType><ItemName>מארז שמינייה דנונה ב</ItemName><ManufacturerName>דנונה</ManufacturerName><ManufactureCountry>ישראל</ManufactureCountry><ManufacturerItemDescription>מארז שמינייה דנונה ב</ManufacturerItemDescription><SoldByWeight/><Quantity>1200.00</Quantity><UnitOfMeasure>מ"ל</UnitOfMeasure><QtyInPackage>לא ידוע</QtyInPackage><UnitOfMeasurePrice>0.0154</UnitOfMeasurePrice><AllowDiscount>1</AllowDiscount><ItemStatus>1</ItemStatus><ItemPrice>18.50</ItemPrice></item><item><PriceUpdateDate>2016-06-27 19:05:59</PriceUpdateDate><ItemCode>7290005839108</ItemCode><ItemType>1</ItemType><ItemName>סימפוניה 5% עם זיתים</ItemName><ManufacturerName>סימפוניה שטראוס</ManufacturerName><ManufactureCountry>ישראל</ManufactureCountry><ManufacturerItemDescription>סימפוניה 5% זיתים200 גר</ManufacturerItemDescription><SoldByWeight/><Quantity>200.00</Quantity><UnitOfMeasure>גרם     </UnitOfMeasure><QtyInPackage>לא ידוע</QtyInPackage><UnitOfMeasurePrice>0.0595</UnitOfMeasurePrice><AllowDiscount>0</AllowDiscount><ItemStatus>1</ItemStatus><ItemPrice>11.90</ItemPrice></item><item><PriceUpdateDate>2015-10-13 09:48:21</PriceUpdateDate><ItemCode>7290005839313</ItemCode><ItemType>1</ItemType><ItemName>מילקי טופ מגולגלת 14</ItemName><ManufacturerName>מילקי</ManufacturerName><ManufactureCountry>ישראל</ManufactureCountry><ManufacturerItemDescription>מילקי טופ מגולגלת 140 גר</ManufacturerItemDescription><SoldByWeight/><Quantity>141.00</Quantity><UnitOfMeasure>גרם     </UnitOfMeasure><QtyInPackage>לא ידוע</QtyInPackage><UnitOfMeasurePrice>0.0333</UnitOfMeasurePrice><AllowDiscount>1</AllowDiscount><ItemStatus>1</ItemStatus><ItemPrice>4.70</ItemPrice></item><item><PriceUpdateDate>2016-08-02 06:36:25</PriceUpdateDate><ItemCode>7290005896828</ItemCode><ItemType>1</ItemType><ItemName>מב מים סאן בנדטו שיש</ItemName><ManufacturerName>סאן בנדטו</ManufacturerName><ManufactureCountry>ישראל</ManufactureCountry><ManufacturerItemDescription>סן בנדטו1.5 ל 1/6מים מינר</ManufacturerItemDescription><SoldByWeight/><Quantity>9000.00</Quantity><UnitOfMeasure>מ"ל</UnitOfMeasure><QtyInPackage>לא ידוע</QtyInPackage><UnitOfMeasurePrice>0.0019</UnitOfMeasurePrice><AllowDiscount>1</AllowDiscount><ItemStatus>1</ItemStatus><ItemPrice>16.90</ItemPrice></item><item><PriceUpdateDate>2016-08-02 06:36:25</PriceUpdateDate><ItemCode>7290005896835</ItemCode><ItemType>1</ItemType><ItemName>מב מים סאן בנדטו מוג</ItemName><ManufacturerName>סאן בנדטו</ManufacturerName><ManufactureCountry>איטליה</ManufactureCountry><ManufacturerItemDescription>מי פה ליסטרין טוטל קר750</ManufacturerItemDescription><SoldByWeight/><Quantity>9000.00</Quantity><UnitOfMeasure>מ"ל</UnitOfMeasure><QtyInPackage>לא ידוע</QtyInPackage><UnitOfMeasurePrice>0.0019</UnitOfMeasurePrice><AllowDiscount>1</AllowDiscount><ItemStatus>1</ItemStatus><ItemPrice>16.90</ItemPrice></item><item><PriceUpdateDate>2015-12-01 06:47:51</PriceUpdateDate><ItemCode>7290005938245</ItemCode><ItemType>1</ItemType><ItemName>ממרח פסטו קלאסי 220</ItemName><ManufacturerName>פרסקו</ManufacturerName><ManufactureCountry>ישראל</ManufactureCountry><ManufacturerItemDescription>פסטו קלאסי 220 ג</ManufacturerItemDescription><SoldByWeight/><Quantity>220.00</Quantity><UnitOfMeasure>גרם     </UnitOfMeasure><QtyInPackage>לא ידוע</QtyInPackage><UnitOfMeasurePrice>0.0986</UnitOfMeasurePrice><AllowDiscount>1</AllowDiscount><ItemStatus>1</ItemStatus><ItemPrice>21.70</ItemPrice></item><item><PriceUpdateDate>2016-05-31 09:33:51</PriceUpdateDate><ItemCode>7290005966088</ItemCode><ItemType>1</ItemType><ItemName>יין הר חרמון אדום 75</ItemName><ManufacturerName>יקבי רמת הגולן</ManufacturerName><ManufactureCountry>ישראל</ManufactureCountry><ManufacturerItemDescription>יין הר חרמון אדום 750 מל</ManufacturerItemDescription><SoldByWeight/><Quantity>750.00</Quantity><UnitOfMeasure>מ"ל</UnitOfMeasure><QtyInPackage>לא ידוע</QtyInPackage><UnitOfMeasurePrice>0.0425</UnitOfMeasurePrice><AllowDiscount>1</AllowDiscount><ItemStatus>1</ItemStatus><ItemPrice>31.90</ItemPrice></item><item><PriceUpdateDate>2016-08-02 06:36:26</PriceUpdateDate><ItemCode>7290006229427</ItemCode><ItemType>1</ItemType><ItemName>מב שישיית מים סן בנד</ItemName><ManufacturerName>סאן בנדטו</ManufacturerName><ManufactureCountry>ישראל</ManufactureCountry><ManufacturerItemDescription>סן בנדטו0.5 ל 1/6 מים מינ</ManufacturerItemDescription><SoldByWeight/><Quantity>3000.00</Quantity><UnitOfMeasure>מ"ל</UnitOfMeasure><QtyInPackage>לא ידוע</QtyInPackage><UnitOfMeasurePrice>0.0046</UnitOfMeasurePrice><AllowDiscount>1</AllowDiscount><ItemStatus>1</ItemStatus><ItemPrice>13.90</ItemPrice></item><item><PriceUpdateDate>2016-08-02 06:31:32</PriceUpdateDate><ItemCode>7290006241191</ItemCode><ItemType>1</ItemType><ItemName>גת אגוזי מלך שקית 15</ItemName><ManufacturerName>ליימן חטיבת המותגים</ManufacturerName><ManufactureCountry>ישראל</ManufactureCountry><ManufacturerItemDescription>גת אגוזי מלך שקית 15</ManufacturerItemDescription><SoldByWeight/><Quantity>150.00</Quantity><UnitOfMeasure>גרם     </UnitOfMeasure><QtyInPackage>לא ידוע</QtyInPackage><UnitOfMeasurePrice>0.1440</UnitOfMeasurePrice><AllowDiscount>1</AllowDiscount><ItemStatus>1</ItemStatus><ItemPrice>21.60</ItemPrice></item><item><PriceUpdateDate>2016-02-01 20:38:32</PriceUpdateDate><ItemCode>7290006271174</ItemCode><ItemType>1</ItemType><ItemName>ג'חנון בצק 700 גרם</ItemName><ManufacturerName>מעדנות</ManufacturerName><ManufactureCountry>ישראל</ManufactureCountry><ManufacturerItemDescription>גחנון בצק 700 גרם</ManufacturerItemDescription><SoldByWeight/><Quantity>700.00</Quantity><UnitOfMeasure>גרם     </UnitOfMeasure><QtyInPackage>לא ידוע</QtyInPackage><UnitOfMeasurePrice>0.0290</UnitOfMeasurePrice><AllowDiscount>1</AllowDiscount><ItemStatus>1</ItemStatus><ItemPrice>20.30</ItemPrice></item><item><PriceUpdateDate>2016-05-31 09:31:01</PriceUpdateDate><ItemCode>7290006271181</ItemCode><ItemType>1</ItemType><ItemName>ג'חנון אפוי 750 גרם</ItemName><ManufacturerName>מעדנות</ManufacturerName><ManufactureCountry>ישראל</ManufactureCountry><ManufacturerItemDescription>גחנון אפוי 750 גרם</ManufacturerItemDescription><SoldByWeight/><Quantity>750.00</Quantity><UnitOfMeasure>גרם     </UnitOfMeasure><QtyInPackage>לא ידוע</QtyInPackage><UnitOfMeasurePrice>0.0369</UnitOfMeasurePrice><AllowDiscount>1</AllowDiscount><ItemStatus>1</ItemStatus><ItemPrice>27.70</ItemPrice></item><item><PriceUpdateDate>2016-05-31 09:31:01</PriceUpdateDate><ItemCode>7290006271761</ItemCode><ItemType>1</ItemType><ItemName>מיני ג'חנון אפוי 600</ItemName><ManufacturerName>מעדנות</ManufacturerName><ManufactureCountry>ישראל</ManufactureCountry><ManufacturerItemDescription>גחנון אפוי מיני 600 גרם</ManufacturerItemDescription><SoldByWeight/><Quantity>600.00</Quantity><UnitOfMeasure>גרם     </UnitOfMeasure><QtyInPackage>לא ידוע</QtyInPackage><UnitOfMeasurePrice>0.0422</UnitOfMeasurePrice><AllowDiscount>1</AllowDiscount><ItemStatus>1</ItemStatus><ItemPrice>25.30</ItemPrice></item><item><PriceUpdateDate>2016-08-02 06:31:32</PriceUpdateDate><ItemCode>7290006273284</ItemCode><ItemType>1</ItemType><ItemName>מב עוגת שמרים בטעם א</ItemName><ManufacturerName>לחמי</ManufacturerName><ManufactureCountry>ישראל</ManufactureCountry><ManufacturerItemDescription>מאפה שמרים-אספרסו ושוקולד</ManufacturerItemDescription><SoldByWeight/><Quantity>450.00</Quantity><UnitOfMeasure>גרם     </UnitOfMeasure><QtyInPackage>לא ידוע</QtyInPackage><UnitOfMeasurePrice>0.0331</UnitOfMeasurePrice><AllowDiscount>1</AllowDiscount><ItemStatus>1</ItemStatus><ItemPrice>14.90</ItemPrice></item><item><PriceUpdateDate>2016-06-13 06:36:32</PriceUpdateDate><ItemCode>7290006306302</ItemCode><ItemType>1</ItemType><ItemName>רביולי פרמזן ריקוטה</ItemName><ManufacturerName>פסטה נונה</ManufacturerName><ManufactureCountry>ישראל</ManufactureCountry><ManufacturerItemDescription>רביולי במילוי פרמזן 400 ג</ManufacturerItemDescription><SoldByWeight/><Quantity>400.00</Quantity><UnitOfMeasure>גרם     </UnitOfMeasure><QtyInPackage>לא ידוע</QtyInPackage><UnitOfMeasurePrice>0.0622</UnitOfMeasurePrice><AllowDiscount>1</AllowDiscount><ItemStatus>1</ItemStatus><ItemPrice>24.90</ItemPrice></item><item><PriceUpdateDate>2016-06-13 06:36:32</PriceUpdateDate><ItemCode>7290006306326</ItemCode><ItemType>1</ItemType><ItemName>רביולי פטריות 400 גר</ItemName><ManufacturerName>פסטה נונה</ManufacturerName><ManufactureCountry>ישראל</ManufactureCountry><ManufacturerItemDescription>רביולי פטריות ופרמזן 400</ManufacturerItemDescription><SoldByWeight/><Quantity>400.00</Quantity><UnitOfMeasure>גרם     </UnitOfMeasure><QtyInPackage>לא ידוע</QtyInPackage><UnitOfMeasurePrice>0.0622</UnitOfMeasurePrice><AllowDiscount>1</AllowDiscount><ItemStatus>1</ItemStatus><ItemPrice>24.90</ItemPrice></item><item><PriceUpdateDate>2016-06-13 06:36:32</PriceUpdateDate><ItemCode>7290006306357</ItemCode><ItemType>1</ItemType><ItemName>רביולי גבינת עיזים 4</ItemName><ManufacturerName>פסטה נונה</ManufacturerName><ManufactureCountry>ישראל</ManufactureCountry><ManufacturerItemDescription>רביולי גבינת עיזים 400 גר</ManufacturerItemDescription><SoldByWeight/><Quantity>400.00</Quantity><UnitOfMeasure>גרם     </UnitOfMeasure><QtyInPackage>לא ידוע</QtyInPackage><UnitOfMeasurePrice>0.0725</UnitOfMeasurePrice><AllowDiscount>1</AllowDiscount><ItemStatus>1</ItemStatus><ItemPrice>29.00</ItemPrice></item><item><PriceUpdateDate>2015-11-17 07:39:38</PriceUpdateDate><ItemCode>7290006459497</ItemCode><ItemType>1</ItemType><ItemName>פחם גריל פרימיום 2 ק</ItemName><ManufacturerName>לא ממותג</ManufacturerName><ManufactureCountry>ישראל</ManufactureCountry><ManufacturerItemDescription>פחם דרום אפריקאי 2 קג</ManufacturerItemDescription><SoldByWeight/><Quantity>2000.00</Quantity><UnitOfMeasure>גרם     </UnitOfMeasure><QtyInPackage>לא ידוע</QtyInPackage><UnitOfMeasurePrice>0.0148</UnitOfMeasurePrice><AllowDiscount>1</AllowDiscount><ItemStatus>1</ItemStatus><ItemPrice>29.50</ItemPrice></item><item><PriceUpdateDate>2015-01-27 06:49:10</PriceUpdateDate><ItemCode>7290006494559</ItemCode><ItemType>1</ItemType><ItemName>מרמולייט עוגיות לימו</ItemName><ManufacturerName>מרמולייט</ManufacturerName><ManufactureCountry>ישראל</ManufactureCountry><ManufacturerItemDescription>מרמולייט עוגיות לימו</ManufacturerItemDescription><SoldByWeight/><Quantity>230.00</Quantity><UnitOfMeasure>גרם     </UnitOfMeasure><QtyInPackage>לא ידוע</QtyInPackage><UnitOfMeasurePrice>0.0826</UnitOfMeasurePrice><AllowDiscount>1</AllowDiscount><ItemStatus>1</ItemStatus><ItemPrice>19.00</ItemPrice></item><item><PriceUpdateDate>2016-08-02 06:36:26</PriceUpdateDate><ItemCode>7290006546319</ItemCode><ItemType>1</ItemType><ItemName>מב סטייק צ'יפס 1.5 ק</ItemName><ManufacturerName>פרי הגליל</ManufacturerName><ManufactureCountry>ישראל</ManufactureCountry><ManufacturerItemDescription>מב סטייק צ'יפס 1.5 ק</ManufacturerItemDescription><SoldByWeight/><Quantity>1500.00</Quantity><UnitOfMeasure>גרם     </UnitOfMeasure><QtyInPackage>לא ידוע</QtyInPackage><UnitOfMeasurePrice>0.0099</UnitOfMeasurePrice><AllowDiscount>1</AllowDiscount><ItemStatus>1</ItemStatus><ItemPrice>14.90</ItemPrice></item><item><PriceUpdateDate>2016-03-16 13:25:41</PriceUpdateDate><ItemCode>7290006567048</ItemCode><ItemType>1</ItemType><ItemName>פתיתי קוסקוס 350 גרם</ItemName><ManufacturerName>אסם</ManufacturerName><ManufactureCountry>ישראל</ManufactureCountry><ManufacturerItemDescription>פתיתי קוסקוס 350 גרם</ManufacturerItemDescription><SoldByWeight/><Quantity>350.00</Quantity><UnitOfMeasure>גרם     </UnitOfMeasure><QtyInPackage>לא ידוע</QtyInPackage><UnitOfMeasurePrice>0.0226</UnitOfMeasurePrice><AllowDiscount>1</AllowDiscount><ItemStatus>1</ItemStatus><ItemPrice>7.90</ItemPrice></item><item><PriceUpdateDate>2016-05-01 07:23:29</PriceUpdateDate><ItemCode>7290006644732</ItemCode><ItemType>1</ItemType><ItemName>נקטר ספרינג פירות קי</ItemName><ManufacturerName>ספרינג</ManufacturerName><ManufactureCountry>ישראל</ManufactureCountry><ManufacturerItemDescription>נקטר ספרינג פירות קי</ManufacturerItemDescription><SoldByWeight/><Quantity>1000.00</Quantity><UnitOfMeasure>מ"ל</UnitOfMeasure><QtyInPackage>לא ידוע</QtyInPackage><UnitOfMeasurePrice>0.0067</UnitOfMeasurePrice><AllowDiscount>1</AllowDiscount><ItemStatus>1</ItemStatus><ItemPrice>6.70</ItemPrice></item><item><PriceUpdateDate>2015-01-27 06:47:50</PriceUpdateDate><ItemCode>7290006644817</ItemCode><ItemType>1</ItemType><ItemName>שוופס סודה רביעייה 1</ItemName><ManufacturerName>שוופס</ManufacturerName><ManufactureCountry>ישראל</ManufactureCountry><ManufacturerItemDescription>סודה שוופס 1.5 מארז</ManufacturerItemDescription><SoldByWeight/><Quantity>6000.00</Quantity><UnitOfMeasure>מ"ל</UnitOfMeasure><QtyInPackage>לא ידוע</QtyInPackage><UnitOfMeasurePrice>0.0018</UnitOfMeasurePrice><AllowDiscount>1</AllowDiscount><ItemStatus>1</ItemStatus><ItemPrice>11.00</ItemPrice></item><item><PriceUpdateDate>2016-03-16 13:25:41</PriceUpdateDate><ItemCode>7290006653819</ItemCode><ItemType>1</ItemType><ItemName>קוסקוס דק בשקית 350</ItemName><ManufacturerName>אסם</ManufacturerName><ManufactureCountry>ישראל</ManufactureCountry><ManufacturerItemDescription>קוסקוס דק בשקית 350</ManufacturerItemDescription><SoldByWeight/><Quantity>350.00</Quantity><UnitOfMeasure>גרם     </UnitOfMeasure><QtyInPackage>לא ידוע</QtyInPackage><UnitOfMeasurePrice>0.0226</UnitOfMeasurePrice><AllowDiscount>1</AllowDiscount><ItemStatus>1</ItemStatus><ItemPrice>7.90</ItemPrice></item><item><PriceUpdateDate>2016-05-23 07:15:08</PriceUpdateDate><ItemCode>7290006664532</ItemCode><ItemType>1</ItemType><ItemName>דנונה תות 3% 150 גרם</ItemName><ManufacturerName>דנונה</ManufacturerName><ManufactureCountry>ישראל</ManufactureCountry><ManufacturerItemDescription>יוגורט דנונה תות</ManufacturerItemDescription><SoldByWeight/><Quantity>150.00</Quantity><UnitOfMeasure>גרם     </UnitOfMeasure><QtyInPackage>לא ידוע</QtyInPackage><UnitOfMeasurePrice>0.0260</UnitOfMeasurePrice><AllowDiscount>1</AllowDiscount><ItemStatus>1</ItemStatus><ItemPrice>3.90</ItemPrice></item><item><PriceUpdateDate>2015-12-17 14:35:44</PriceUpdateDate><ItemCode>7290006664631</ItemCode><ItemType>1</ItemType><ItemName>מארז אקטימל תות שמינ</ItemName><ManufacturerName>אקטימל</ManufacturerName><ManufactureCountry>ישראל</ManufactureCountry><ManufacturerItemDescription>מארז אקטימל תות 8 יח</ManufacturerItemDescription><SoldByWeight/><Quantity>850.00</Quantity><UnitOfMeasure>מ"ל</UnitOfMeasure><QtyInPackage>לא ידוע</QtyInPackage><UnitOfMeasurePrice>0.0258</UnitOfMeasurePrice><AllowDiscount>1</AllowDiscount><ItemStatus>1</ItemStatus><ItemPrice>21.90</ItemPrice></item><item><PriceUpdateDate>2015-12-17 14:35:44</PriceUpdateDate><ItemCode>7290006664655</ItemCode><ItemType>1</ItemType><ItemName>מארז אקטימל טבעי שמי</ItemName><ManufacturerName>אקטימל</ManufacturerName><ManufactureCountry>ישראל</ManufactureCountry><ManufacturerItemDescription>מארז אקטימל 8 יח</ManufacturerItemDescription><SoldByWeight/><Quantity>850.00</Quantity><UnitOfMeasure>מ"ל</UnitOfMeasure><QtyInPackage>לא ידוע</QtyInPackage><UnitOfMeasurePrice>0.0258</UnitOfMeasurePrice><AllowDiscount>1</AllowDiscount><ItemStatus>1</ItemStatus><ItemPrice>21.90</ItemPrice></item><item><PriceUpdateDate>2015-10-01 00:27:12</PriceUpdateDate><ItemCode>7290006664990</ItemCode><ItemType>1</ItemType><ItemName>מארז דנונה ביו 1.7%</ItemName><ManufacturerName>דנונה</ManufacturerName><ManufactureCountry>ישראל</ManufactureCountry><ManufacturerItemDescription>מארז דנונה ביו 1.7%</ManufacturerItemDescription><SoldByWeight/><Quantity>1200.00</Quantity><UnitOfMeasure>מ"ל</UnitOfMeasure><QtyInPackage>לא ידוע</QtyInPackage><UnitOfMeasurePrice>0.0147</UnitOfMeasurePrice><AllowDiscount>1</AllowDiscount><ItemStatus>1</ItemStatus><ItemPrice>17.60</ItemPrice></item><item><PriceUpdateDate>2016-08-02 06:31:33</PriceUpdateDate><ItemCode>7290006681003</ItemCode><ItemType>1</ItemType><ItemName>גלידות קרמיסימו סורב</ItemName><ManufacturerName>קרמיסימו</ManufacturerName><ManufactureCountry>ישראל</ManufactureCountry><ManufacturerItemDescription>גלידות קרמיסימו סורב</ManufacturerItemDescription><SoldByWeight/><Quantity>1330.00</Quantity><UnitOfMeasure>מ"ל</UnitOfMeasure><QtyInPackage>לא ידוע</QtyInPackage><UnitOfMeasurePrice>0.0150</UnitOfMeasurePrice><AllowDiscount>1</AllowDiscount><ItemStatus>1</ItemStatus><ItemPrice>19.90</ItemPrice></item><item><PriceUpdateDate>2016-05-31 09:31:02</PriceUpdateDate><ItemCode>7290006681904</ItemCode><ItemType>1</ItemType><ItemName>מאגדת מצופים וניל שו</ItemName><ManufacturerName>שטראוס גלידה</ManufacturerName><ManufactureCountry>ישראל</ManufactureCountry><ManufacturerItemDescription>מאגדת מצופים וניל שו</ManufacturerItemDescription><SoldByWeight/><Quantity>600.00</Quantity><UnitOfMeasure>גרם     </UnitOfMeasure><QtyInPackage>לא ידוע</QtyInPackage><UnitOfMeasurePrice>0.0582</UnitOfMeasurePrice><AllowDiscount>1</AllowDiscount><ItemStatus>1</ItemStatus><ItemPrice>34.90</ItemPrice></item><item><PriceUpdateDate>2016-08-10 11:21:43</PriceUpdateDate><ItemCode>7290006738110</ItemCode><ItemType>1</ItemType><ItemName>פסטרמה ברביקיו דק דק</ItemName><ManufacturerName>זוגלובק</ManufacturerName><ManufactureCountry>ישראל</ManufactureCountry><ManufacturerItemDescription>פסטרמה ברביקיו דק דק דק 1</ManufacturerItemDescription><SoldByWeight/><Quantity>150.00</Quantity><UnitOfMeasure>גרם     </UnitOfMeasure><QtyInPackage>לא ידוע</QtyInPackage><UnitOfMeasurePrice>0.1127</UnitOfMeasurePrice><AllowDiscount>1</AllowDiscount><ItemStatus>1</ItemStatus><ItemPrice>16.90</ItemPrice></item><item><PriceUpdateDate>2016-05-05 12:30:27</PriceUpdateDate><ItemCode>7290006738615</ItemCode><ItemType>1</ItemType><ItemName>קבב פרימיום זוגלובק</ItemName><ManufacturerName>זוגלובק</ManufacturerName><ManufactureCountry>ישראל</ManufactureCountry><ManufacturerItemDescription>קבב זהב 100% בשר זוגלובק</ManufacturerItemDescription><SoldByWeight/><Quantity>400.00</Quantity><UnitOfMeasure>גרם     </UnitOfMeasure><QtyInPackage>לא ידוע</QtyInPackage><UnitOfMeasurePrice>0.0497</UnitOfMeasurePrice><AllowDiscount>1</AllowDiscount><ItemStatus>1</ItemStatus><ItemPrice>19.90</ItemPrice></item><item><PriceUpdateDate>2016-08-02 06:36:27</PriceUpdateDate><ItemCode>7290006739421</ItemCode><ItemType>1</ItemType><ItemName>מב מעושן איטלקי 300</ItemName><ManufacturerName>זוגלובק</ManufacturerName><ManufactureCountry>ישראל</ManufactureCountry><ManufacturerItemDescription>סלמי מעושן איטלקי 300 גרם</ManufacturerItemDescription><SoldByWeight/><Quantity>300.00</Quantity><UnitOfMeasure>גרם     </UnitOfMeasure><QtyInPackage>לא ידוע</QtyInPackage><UnitOfMeasurePrice>0.0863</UnitOfMeasurePrice><AllowDiscount>1</AllowDiscount><ItemStatus>1</ItemStatus><ItemPrice>25.90</ItemPrice></item><item><PriceUpdateDate>2015-11-17 07:39:40</PriceUpdateDate><ItemCode>7290006739681</ItemCode><ItemType>1</ItemType><ItemName>חטיפי תירס קלאסיים 6</ItemName><ManufacturerName>זוגלובק</ManufacturerName><ManufactureCountry>ישראל</ManufactureCountry><ManufacturerItemDescription>חטיפי תירס קלאסיים 600 גר</ManufacturerItemDescription><SoldByWeight/><Quantity>600.00</Quantity><UnitOfMeasure>גרם     </UnitOfMeasure><QtyInPackage>לא ידוע</QtyInPackage><UnitOfMeasurePrice>0.0517</UnitOfMeasurePrice><AllowDiscount>1</AllowDiscount><ItemStatus>1</ItemStatus><ItemPrice>31.00</ItemPrice></item><item><PriceUpdateDate>2016-08-02 06:31:34</PriceUpdateDate><ItemCode>7290006740274</ItemCode><ItemType>1</ItemType><ItemName>מב המבורגר טקסס 400</ItemName><ManufacturerName>זוגלובק</ManufacturerName><ManufactureCountry>ישראל</ManufactureCountry><ManufacturerItemDescription>מב המבורגר טקסס 400</ManufacturerItemDescription><SoldByWeight/><Quantity>400.00</Quantity><UnitOfMeasure>גרם     </UnitOfMeasure><QtyInPackage>לא ידוע</QtyInPackage><UnitOfMeasurePrice>0.0472</UnitOfMeasurePrice><AllowDiscount>1</AllowDiscount><ItemStatus>1</ItemStatus><ItemPrice>18.90</ItemPrice></item><item><PriceUpdateDate>2016-08-02 06:31:34</PriceUpdateDate><ItemCode>7290006741028</ItemCode><ItemType>1</ItemType><ItemName>מב פיצה משפחתית מרגר</ItemName><ManufacturerName>זוגלובק</ManufacturerName><ManufactureCountry>ישראל</ManufactureCountry><ManufacturerItemDescription>פיצה משפחתית מרגריטה 500</ManufacturerItemDescription><SoldByWeight/><Quantity>500.00</Quantity><UnitOfMeasure>גרם     </UnitOfMeasure><QtyInPackage>לא ידוע</QtyInPackage><UnitOfMeasurePrice>0.0338</UnitOfMeasurePrice><AllowDiscount>1</AllowDiscount><ItemStatus>1</ItemStatus><ItemPrice>16.90</ItemPrice></item><item><PriceUpdateDate>2016-08-02 06:31:34</PriceUpdateDate><ItemCode>7290006741363</ItemCode><ItemType>1</ItemType><ItemName>מב בורקס תפו"א בד"צ</ItemName><ManufacturerName>זוגלובק</ManufacturerName><ManufactureCountry>ישראל</ManufactureCountry><ManufacturerItemDescription>בורקס תפוא 800 גר</ManufacturerItemDescription><SoldByWeight/><Quantity>800.00</Quantity><UnitOfMeasure>גרם     </UnitOfMeasure><QtyInPackage>לא ידוע</QtyInPackage><UnitOfMeasurePrice>0.0211</UnitOfMeasurePrice><AllowDiscount>1</AllowDiscount><ItemStatus>1</ItemStatus><ItemPrice>16.90</ItemPrice></item><item><PriceUpdateDate>2016-08-02 06:31:35</PriceUpdateDate><ItemCode>7290006741387</ItemCode><ItemType>1</ItemType><ItemName>מב מלוואח תימני בד"צ</ItemName><ManufacturerName>זוגלובק</ManufacturerName><ManufactureCountry>ישראל</ManufactureCountry><ManufacturerItemDescription>מב מלוואח תימני בד"צ</ManufacturerItemDescription><SoldByWeight/><Quantity>700.00</Quantity><UnitOfMeasure>גרם     </UnitOfMeasure><QtyInPackage>לא ידוע</QtyInPackage><UnitOfMeasurePrice>0.0241</UnitOfMeasurePrice><AllowDiscount>1</AllowDiscount><ItemStatus>1</ItemStatus><ItemPrice>16.90</ItemPrice></item><item><PriceUpdateDate>2016-08-02 06:36:27</PriceUpdateDate><ItemCode>7290006742278</ItemCode><ItemType>1</ItemType><ItemName>מב פסטרמה צלויה על ל</ItemName><ManufacturerName>זוגלובק</ManufacturerName><ManufactureCountry>ישראל</ManufactureCountry><ManufacturerItemDescription>פסטרממיה צלויה על לבנים</ManufacturerItemDescription><SoldByWeight/><Quantity>330.00</Quantity><UnitOfMeasure>גרם     </UnitOfMeasure><QtyInPackage>לא ידוע</QtyInPackage><UnitOfMeasurePrice>0.0785</UnitOfMeasurePrice><AllowDiscount>1</AllowDiscount><ItemStatus>1</ItemStatus><ItemPrice>25.90</ItemPrice></item><item><PriceUpdateDate>2016-08-02 06:36:27</PriceUpdateDate><ItemCode>7290006742292</ItemCode><ItemType>1</ItemType><ItemName>מב פסטרמה זגלובק בדב</ItemName><ManufacturerName>זוגלובק</ManufacturerName><ManufactureCountry>ישראל</ManufactureCountry><ManufacturerItemDescription>פסטרממיה בדבש 330 גרם</ManufacturerItemDescription><SoldByWeight/><Quantity>330.00</Quantity><UnitOfMeasure>גרם     </UnitOfMeasure><QtyInPackage>לא ידוע</QtyInPackage><UnitOfMeasurePrice>0.0785</UnitOfMeasurePrice><AllowDiscount>1</AllowDiscount><ItemStatus>1</ItemStatus><ItemPrice>25.90</ItemPrice></item><item><PriceUpdateDate>2016-02-01 20:41:29</PriceUpdateDate><ItemCode>7290006755469</ItemCode><ItemType>1</ItemType><ItemName>שניצל תירס לייט 630</ItemName><ManufacturerName>טבעול</ManufacturerName><ManufactureCountry>ישראל</ManufactureCountry><ManufacturerItemDescription>שניצל תירס לייט פחות 5% ש</ManufacturerItemDescription><SoldByWeight/><Quantity>630.00</Quantity><UnitOfMeasure>גרם     </UnitOfMeasure><QtyInPackage>לא ידוע</QtyInPackage><UnitOfMeasurePrice>0.0475</UnitOfMeasurePrice><AllowDiscount>1</AllowDiscount><ItemStatus>1</ItemStatus><ItemPrice>29.90</ItemPrice></item><item><PriceUpdateDate>2015-10-22 09:59:05</PriceUpdateDate><ItemCode>7290006764065</ItemCode><ItemType>1</ItemType><ItemName>בירה מאלט 500 מ''ל</ItemName><ManufacturerName>נשר מאלט</ManufacturerName><ManufactureCountry>ישראל</ManufactureCountry><ManufacturerItemDescription>בירה נשר מאלט 500 מל בקב.</ManufacturerItemDescription><SoldByWeight/><Quantity>500.00</Quantity><UnitOfMeasure>מ"ל</UnitOfMeasure><QtyInPackage>לא ידוע</QtyInPackage><UnitOfMeasurePrice>0.0114</UnitOfMeasurePrice><AllowDiscount>1</AllowDiscount><ItemStatus>1</ItemStatus><ItemPrice>5.70</ItemPrice></item><item><PriceUpdateDate>2016-05-31 09:33:52</PriceUpdateDate><ItemCode>7290006764072</ItemCode><ItemType>1</ItemType><ItemName>בירה גולדסטאר 500 מ"</ItemName><ManufacturerName>גולדסטאר</ManufacturerName><ManufactureCountry>ישראל</ManufactureCountry><ManufacturerItemDescription>בירה גולדסטאר.500 מל בק ח</ManufacturerItemDescription><SoldByWeight/><Quantity>500.00</Quantity><UnitOfMeasure>מ"ל</UnitOfMeasure><QtyInPackage>לא ידוע</QtyInPackage><UnitOfMeasurePrice>0.0138</UnitOfMeasurePrice><AllowDiscount>1</AllowDiscount><ItemStatus>1</ItemStatus><ItemPrice>6.90</ItemPrice></item><item><PriceUpdateDate>2015-11-17 07:39:40</PriceUpdateDate><ItemCode>7290006775764</ItemCode><ItemType>1</ItemType><ItemName>עוגת שוקולד ציפס ללא</ItemName><ManufacturerName>אחוה</ManufacturerName><ManufactureCountry>ישראל</ManufactureCountry><ManufacturerItemDescription>עוגת שוקולד ציפס ללא</ManufacturerItemDescription><SoldByWeight/><Quantity>400.00</Quantity><UnitOfMeasure>גרם     </UnitOfMeasure><QtyInPackage>לא ידוע</QtyInPackage><UnitOfMeasurePrice>0.0417</UnitOfMeasurePrice><AllowDiscount>1</AllowDiscount><ItemStatus>1</ItemStatus><ItemPrice>16.70</ItemPrice></item><item><PriceUpdateDate>2016-02-01 20:38:34</PriceUpdateDate><ItemCode>7290006822840</ItemCode><ItemType>1</ItemType><ItemName>בירה מאלט 1.5 ליטר</ItemName><ManufacturerName>מאלטי</ManufacturerName><ManufactureCountry>ישראל</ManufactureCountry><ManufacturerItemDescription>בירה מאלטי 1.5 ליטר</ManufacturerItemDescription><SoldByWeight/><Quantity>1500.00</Quantity><UnitOfMeasure>מ"ל</UnitOfMeasure><QtyInPackage>לא ידוע</QtyInPackage><UnitOfMeasurePrice>0.0062</UnitOfMeasurePrice><AllowDiscount>0</AllowDiscount><ItemStatus>1</ItemStatus><ItemPrice>9.30</ItemPrice></item><item><PriceUpdateDate>2016-08-02 06:31:35</PriceUpdateDate><ItemCode>7290006855206</ItemCode><ItemType>1</ItemType><ItemName>חטיף ברבריא שזיפים ק</ItemName><ManufacturerName>לא ממותג</ManufacturerName><ManufactureCountry>ישראל</ManufactureCountry><ManufacturerItemDescription>חטיף ברבריא שזיפים ק</ManufacturerItemDescription><SoldByWeight/><Quantity>108.00</Quantity><UnitOfMeasure>גרם     </UnitOfMeasure><QtyInPackage>לא ידוע</QtyInPackage><UnitOfMeasurePrice>0.1843</UnitOfMeasurePrice><AllowDiscount>1</AllowDiscount><ItemStatus>1</ItemStatus><ItemPrice>19.90</ItemPrice></item><item><PriceUpdateDate>2016-08-02 06:31:35</PriceUpdateDate><ItemCode>7290006855244</ItemCode><ItemType>1</ItemType><ItemName>חטיף ברבריא אגוזים ש</ItemName><ManufacturerName>לא ממותג</ManufacturerName><ManufactureCountry>ישראל</ManufactureCountry><ManufacturerItemDescription>מאגדת ברבריא אגוזים וצימו</ManufacturerItemDescription><SoldByWeight/><Quantity>108.00</Quantity><UnitOfMeasure>גרם     </UnitOfMeasure><QtyInPackage>לא ידוע</QtyInPackage><UnitOfMeasurePrice>0.1843</UnitOfMeasurePrice><AllowDiscount>1</AllowDiscount><ItemStatus>1</ItemStatus><ItemPrice>19.90</ItemPrice></item><item><PriceUpdateDate>2016-08-02 06:31:35</PriceUpdateDate><ItemCode>7290006855251</ItemCode><ItemType>1</ItemType><ItemName>חטיף ברבריא קשיו אגו</ItemName><ManufacturerName>לא ממותג</ManufacturerName><ManufactureCountry>ישראל</ManufactureCountry><ManufacturerItemDescription>מאגדת ברבריא קשיו וחמוציו</ManufacturerItemDescription><SoldByWeight/><Quantity>108.00</Quantity><UnitOfMeasure>גרם     </UnitOfMeasure><QtyInPackage>לא ידוע</QtyInPackage><UnitOfMeasurePrice>0.1843</UnitOfMeasurePrice><AllowDiscount>1</AllowDiscount><ItemStatus>1</ItemStatus><ItemPrice>19.90</ItemPrice></item><item><PriceUpdateDate>2016-02-11 07:49:24</PriceUpdateDate><ItemCode>7290006869449</ItemCode><ItemType>1</ItemType><ItemName>לבן 3% 150 מ"ל</ItemName><ManufacturerName>טרה</ManufacturerName><ManufactureCountry>ישראל</ManufactureCountry><ManufacturerItemDescription>לבן 3% 150 מ"ל</ManufacturerItemDescription><SoldByWeight/><Quantity>150.00</Quantity><UnitOfMeasure>מ"ל</UnitOfMeasure><QtyInPackage>לא ידוע</QtyInPackage><UnitOfMeasurePrice>0.0070</UnitOfMeasurePrice><AllowDiscount>1</AllowDiscount><ItemStatus>1</ItemStatus><ItemPrice>1.05</ItemPrice></item><item><PriceUpdateDate>2016-03-15 08:08:40</PriceUpdateDate><ItemCode>7290006941312</ItemCode><ItemType>1</ItemType><ItemName>מזלגות 100 יח' המותג</ItemName><ManufacturerName>"המותג"</ManufacturerName><ManufactureCountry>ישראל</ManufactureCountry><ManufacturerItemDescription>מזלגות 100 יח' המותג</ManufacturerItemDescription><SoldByWeight/><Quantity>100.00</Quantity><UnitOfMeasure>יח</UnitOfMeasure><QtyInPackage>לא ידוע</QtyInPackage><UnitOfMeasurePrice>0.0590</UnitOfMeasurePrice><AllowDiscount>1</AllowDiscount><ItemStatus>1</ItemStatus><ItemPrice>5.90</ItemPrice></item><item><PriceUpdateDate>2015-10-22 09:59:05</PriceUpdateDate><ItemCode>7290006983152</ItemCode><ItemType>1</ItemType><ItemName>קרוטונים מתובלים למר</ItemName><ManufacturerName>אסם</ManufacturerName><ManufactureCountry>ישראל</ManufactureCountry><ManufacturerItemDescription>קרוטונים מתובלים למר</ManufacturerItemDescription><SoldByWeight/><Quantity>400.00</Quantity><UnitOfMeasure>גרם     </UnitOfMeasure><QtyInPackage>לא ידוע</QtyInPackage><UnitOfMeasurePrice>0.0525</UnitOfMeasurePrice><AllowDiscount>1</AllowDiscount><ItemStatus>1</ItemStatus><ItemPrice>21.00</ItemPrice></item><item><PriceUpdateDate>2016-08-02 06:31:35</PriceUpdateDate><ItemCode>7290006983176</ItemCode><ItemType>1</ItemType><ItemName>לחמית שיפון  230 גרם</ItemName><ManufacturerName>לחמית</ManufacturerName><ManufactureCountry>ישראל</ManufactureCountry><ManufacturerItemDescription>לחמית עם שיפון 230 גרם</ManufacturerItemDescription><SoldByWeight/><Quantity>230.00</Quantity><UnitOfMeasure>גרם     </UnitOfMeasure><QtyInPackage>לא ידוע</QtyInPackage><UnitOfMeasurePrice>0.0430</UnitOfMeasurePrice><AllowDiscount>1</AllowDiscount><ItemStatus>1</ItemStatus><ItemPrice>9.90</ItemPrice></item><item><PriceUpdateDate>2016-05-31 09:33:53</PriceUpdateDate><ItemCode>7290006983763</ItemCode><ItemType>1</ItemType><ItemName>עוגת הבית שוקולד 400</ItemName><ManufacturerName>עוגות הבית</ManufacturerName><ManufactureCountry>ישראל</ManufactureCountry><ManufacturerItemDescription>עוגת הבית שוקולד 400 גר</ManufacturerItemDescription><SoldByWeight/><Quantity>400.00</Quantity><UnitOfMeasure>גרם     </UnitOfMeasure><QtyInPackage>לא ידוע</QtyInPackage><UnitOfMeasurePrice>0.0273</UnitOfMeasurePrice><AllowDiscount>0</AllowDiscount><ItemStatus>1</ItemStatus><ItemPrice>10.90</ItemPrice></item><item><PriceUpdateDate>2016-05-31 09:33:54</PriceUpdateDate><ItemCode>7290006983794</ItemCode><ItemType>1</ItemType><ItemName>עוגת הבית תפוז 400 ג</ItemName><ManufacturerName>עוגות הבית</ManufacturerName><ManufactureCountry>ישראל</ManufactureCountry><ManufacturerItemDescription>עוגת הבית תפוז 400 גר</ManufacturerItemDescription><SoldByWeight/><Quantity>400.00</Quantity><UnitOfMeasure>גרם     </UnitOfMeasure><QtyInPackage>לא ידוע</QtyInPackage><UnitOfMeasurePrice>0.0273</UnitOfMeasurePrice><AllowDiscount>0</AllowDiscount><ItemStatus>1</ItemStatus><ItemPrice>10.90</ItemPrice></item><item><PriceUpdateDate>2016-04-01 07:46:11</PriceUpdateDate><ItemCode>7290008021050</ItemCode><ItemType>1</ItemType><ItemName>שמפו פינוק לשיער יבש</ItemName><ManufacturerName>פינוק</ManufacturerName><ManufactureCountry>ישראל</ManufactureCountry><ManufacturerItemDescription>שמפו פינוק לשיער יבש</ManufacturerItemDescription><SoldByWeight/><Quantity>700.00</Quantity><UnitOfMeasure>מ"ל</UnitOfMeasure><QtyInPackage>לא ידוע</QtyInPackage><UnitOfMeasurePrice>0.0184</UnitOfMeasurePrice><AllowDiscount>1</AllowDiscount><ItemStatus>1</ItemStatus><ItemPrice>12.90</ItemPrice></item><item><PriceUpdateDate>2016-04-01 07:46:11</PriceUpdateDate><ItemCode>7290008021128</ItemCode><ItemType>1</ItemType><ItemName>מרכך פינוק לשיער עדי</ItemName><ManufacturerName>פינוק</ManufacturerName><ManufactureCountry>ישראל</ManufactureCountry><ManufacturerItemDescription>מרכך פינוק לשיער עדי</ManufacturerItemDescription><SoldByWeight/><Quantity>700.00</Quantity><UnitOfMeasure>מ"ל</UnitOfMeasure><QtyInPackage>לא ידוע</QtyInPackage><UnitOfMeasurePrice>0.0184</UnitOfMeasurePrice><AllowDiscount>1</AllowDiscount><ItemStatus>1</ItemStatus><ItemPrice>12.90</ItemPrice></item><item><PriceUpdateDate>2016-08-02 06:36:27</PriceUpdateDate><ItemCode>7290008175494</ItemCode><ItemType>1</ItemType><ItemName>מב ממרח חמאה לורפק ע</ItemName><ManufacturerName>לורפק</ManufacturerName><ManufactureCountry>ישראל</ManufactureCountry><ManufacturerItemDescription>ממרח חמאה 250 גר LURPAKעם</ManufacturerItemDescription><SoldByWeight/><Quantity>250.00</Quantity><UnitOfMeasure>גרם     </UnitOfMeasure><QtyInPackage>לא ידוע</QtyInPackage><UnitOfMeasurePrice>0.0480</UnitOfMeasurePrice><AllowDiscount>1</AllowDiscount><ItemStatus>1</ItemStatus><ItemPrice>12.00</ItemPrice></item><item><PriceUpdateDate>2015-11-03 10:07:13</PriceUpdateDate><ItemCode>7290008335515</ItemCode><ItemType>1</ItemType><ItemName>אגרול סיני 600 גרם ר</ItemName><ManufacturerName>שלושת האופים</ManufacturerName><ManufactureCountry>ישראל</ManufactureCountry><ManufacturerItemDescription>אגרול ברוטב חמוץ-מתוק 600</ManufacturerItemDescription><SoldByWeight/><Quantity>600.00</Quantity><UnitOfMeasure>גרם     </UnitOfMeasure><QtyInPackage>לא ידוע</QtyInPackage><UnitOfMeasurePrice>0.0182</UnitOfMeasurePrice><AllowDiscount>1</AllowDiscount><ItemStatus>1</ItemStatus><ItemPrice>10.90</ItemPrice></item><item><PriceUpdateDate>2015-11-03 10:07:13</PriceUpdateDate><ItemCode>7290008335560</ItemCode><ItemType>1</ItemType><ItemName>סיגרים 600 גרם במילו</ItemName><ManufacturerName>שלושת האופים</ManufacturerName><ManufactureCountry>ישראל</ManufactureCountry><ManufacturerItemDescription>סיגרים במילוי בשר 600 גרם</ManufacturerItemDescription><SoldByWeight/><Quantity>600.00</Quantity><UnitOfMeasure>גרם     </UnitOfMeasure><QtyInPackage>לא ידוע</QtyInPackage><UnitOfMeasurePrice>0.0182</UnitOfMeasurePrice><AllowDiscount>1</AllowDiscount><ItemStatus>1</ItemStatus><ItemPrice>10.90</ItemPrice></item><item><PriceUpdateDate>2016-05-29 06:25:03</PriceUpdateDate><ItemCode>7290008340618</ItemCode><ItemType>1</ItemType><ItemName>סלמון מעושן מצונן 10</ItemName><ManufacturerName>דלידג</ManufacturerName><ManufactureCountry>ישראל</ManufactureCountry><ManufacturerItemDescription>סלמון מעושן מצונן 100 גרם</ManufacturerItemDescription><SoldByWeight/><Quantity>100.00</Quantity><UnitOfMeasure>גרם     </UnitOfMeasure><QtyInPackage>לא ידוע</QtyInPackage><UnitOfMeasurePrice>0.1990</UnitOfMeasurePrice><AllowDiscount>1</AllowDiscount><ItemStatus>1</ItemStatus><ItemPrice>19.90</ItemPrice></item><item><PriceUpdateDate>2016-08-02 06:36:28</PriceUpdateDate><ItemCode>7290008343466</ItemCode><ItemType>1</ItemType><ItemName>מב בצק פילו 500 גרם</ItemName><ManufacturerName>שלושת האופים</ManufacturerName><ManufactureCountry>ישראל</ManufactureCountry><ManufacturerItemDescription>בצק פילו 500גר ש.האופים</ManufacturerItemDescription><SoldByWeight/><Quantity>500.00</Quantity><UnitOfMeasure>גרם     </UnitOfMeasure><QtyInPackage>לא ידוע</QtyInPackage><UnitOfMeasurePrice>0.0278</UnitOfMeasurePrice><AllowDiscount>1</AllowDiscount><ItemStatus>1</ItemStatus><ItemPrice>13.90</ItemPrice></item><item><PriceUpdateDate>2016-05-31 09:31:04</PriceUpdateDate><ItemCode>7290008345132</ItemCode><ItemType>1</ItemType><ItemName>הרינג כבוש 240 גרם</ItemName><ManufacturerName>דלישס</ManufacturerName><ManufactureCountry>ישראל</ManufactureCountry><ManufacturerItemDescription>הרינג כבוש 240 גרם</ManufacturerItemDescription><SoldByWeight/><Quantity>240.00</Quantity><UnitOfMeasure>גרם     </UnitOfMeasure><QtyInPackage>לא ידוע</QtyInPackage><UnitOfMeasurePrice>0.1042</UnitOfMeasurePrice><AllowDiscount>1</AllowDiscount><ItemStatus>1</ItemStatus><ItemPrice>25.00</ItemPrice></item><item><PriceUpdateDate>2016-05-01 07:23:31</PriceUpdateDate><ItemCode>7290008409100</ItemCode><ItemType>1</ItemType><ItemName>מב אצבעות שניצל בציפ</ItemName><ManufacturerName>מאמא עוף קפוא</ManufacturerName><ManufactureCountry>ישראל</ManufactureCountry><ManufacturerItemDescription>אצבעות שניצל ציפוי שומשום</ManufacturerItemDescription><SoldByWeight/><Quantity>700.00</Quantity><UnitOfMeasure>גרם     </UnitOfMeasure><QtyInPackage>לא ידוע</QtyInPackage><UnitOfMeasurePrice>0.0427</UnitOfMeasurePrice><AllowDiscount>1</AllowDiscount><ItemStatus>1</ItemStatus><ItemPrice>29.90</ItemPrice></item><item><PriceUpdateDate>2016-05-31 09:33:54</PriceUpdateDate><ItemCode>7290008409216</ItemCode><ItemType>1</ItemType><ItemName>שניצל דק דק פריך 700</ItemName><ManufacturerName>מאמא עוף קפוא</ManufacturerName><ManufactureCountry>ישראל</ManufactureCountry><ManufacturerItemDescription>שניצל דק דק פריך 700 גרם</ManufacturerItemDescription><SoldByWeight/><Quantity>700.00</Quantity><UnitOfMeasure>גרם     </UnitOfMeasure><QtyInPackage>לא ידוע</QtyInPackage><UnitOfMeasurePrice>0.0527</UnitOfMeasurePrice><AllowDiscount>1</AllowDiscount><ItemStatus>1</ItemStatus><ItemPrice>36.90</ItemPrice></item><item><PriceUpdateDate>2016-05-31 09:33:54</PriceUpdateDate><ItemCode>7290008409223</ItemCode><ItemType>1</ItemType><ItemName>שניצל דק מתובל 700 ג</ItemName><ManufacturerName>מאמא עוף קפוא</ManufacturerName><ManufactureCountry>ישראל</ManufactureCountry><ManufacturerItemDescription>שניצל דק דק מתובל 700 גרם</ManufacturerItemDescription><SoldByWeight/><Quantity>700.00</Quantity><UnitOfMeasure>יח'</UnitOfMeasure><QtyInPackage>לא ידוע</QtyInPackage><UnitOfMeasurePrice>0.0527</UnitOfMeasurePrice><AllowDiscount>1</AllowDiscount><ItemStatus>1</ItemStatus><ItemPrice>36.90</ItemPrice></item><item><PriceUpdateDate>2016-06-28 06:23:50</PriceUpdateDate><ItemCode>7290008409544</ItemCode><ItemType>1</ItemType><ItemName>מב שניצל עוף אמיתי מ</ItemName><ManufacturerName>מאמא עוף קפוא</ManufacturerName><ManufactureCountry>ישראל</ManufactureCountry><ManufacturerItemDescription>שניצל עוף אמיתי 700 גרם</ManufacturerItemDescription><SoldByWeight/><Quantity>700.00</Quantity><UnitOfMeasure>גרם     </UnitOfMeasure><QtyInPackage>לא ידוע</QtyInPackage><UnitOfMeasurePrice>0.0499</UnitOfMeasurePrice><AllowDiscount>1</AllowDiscount><ItemStatus>1</ItemStatus><ItemPrice>34.90</ItemPrice></item><item><PriceUpdateDate>2016-08-02 06:31:36</PriceUpdateDate><ItemCode>7290008409582</ItemCode><ItemType>1</ItemType><ItemName>מב שניצל אמיתי ביתי</ItemName><ManufacturerName>מאמא עוף קפוא</ManufacturerName><ManufactureCountry>ישראל</ManufactureCountry><ManufacturerItemDescription>שניצל אמיתי ביתי 700 גרם</ManufacturerItemDescription><SoldByWeight/><Quantity>700.00</Quantity><UnitOfMeasure>גרם     </UnitOfMeasure><QtyInPackage>לא ידוע</QtyInPackage><UnitOfMeasurePrice>0.0499</UnitOfMeasurePrice><AllowDiscount>1</AllowDiscount><ItemStatus>1</ItemStatus><ItemPrice>34.90</ItemPrice></item><item><PriceUpdateDate>2016-01-05 10:15:44</PriceUpdateDate><ItemCode>7290008415071</ItemCode><ItemType>1</ItemType><ItemName>חומוס עם טחינה צבר 1</ItemName><ManufacturerName>צבר</ManufacturerName><ManufactureCountry>ישראל</ManufactureCountry><ManufacturerItemDescription>סלט חומוס וטחינה 150 גרם</ManufacturerItemDescription><SoldByWeight/><Quantity>150.00</Quantity><UnitOfMeasure>גרם     </UnitOfMeasure><QtyInPackage>לא ידוע</QtyInPackage><UnitOfMeasurePrice>0.0367</UnitOfMeasurePrice><AllowDiscount>1</AllowDiscount><ItemStatus>1</ItemStatus><ItemPrice>5.50</ItemPrice></item><item><PriceUpdateDate>2016-08-02 06:31:36</PriceUpdateDate><ItemCode>7290008415576</ItemCode><ItemType>1</ItemType><ItemName>סלט חומוס 850 גרם צב</ItemName><ManufacturerName>צבר</ManufacturerName><ManufactureCountry>ישראל</ManufactureCountry><ManufacturerItemDescription>סלט חומוס 850 גרם צב</ManufacturerItemDescription><SoldByWeight/><Quantity>850.00</Quantity><UnitOfMeasure>גרם     </UnitOfMeasure><QtyInPackage>לא ידוע</QtyInPackage><UnitOfMeasurePrice>0.0194</UnitOfMeasurePrice><AllowDiscount>1</AllowDiscount><ItemStatus>1</ItemStatus><ItemPrice>16.50</ItemPrice></item><item><PriceUpdateDate>2016-02-08 07:25:31</PriceUpdateDate><ItemCode>7290008464024</ItemCode><ItemType>1</ItemType><ItemName>בירה גולדסטאר 500 מ'</ItemName><ManufacturerName>גולדסטאר</ManufacturerName><ManufactureCountry>ישראל</ManufactureCountry><ManufacturerItemDescription>בירה גולדסטאר לא מסונן פח</ManufacturerItemDescription><SoldByWeight/><Quantity>500.00</Quantity><UnitOfMeasure>מ"ל</UnitOfMeasure><QtyInPackage>לא ידוע</QtyInPackage><UnitOfMeasurePrice>0.0220</UnitOfMeasurePrice><AllowDiscount>1</AllowDiscount><ItemStatus>1</ItemStatus><ItemPrice>11.00</ItemPrice></item><item><PriceUpdateDate>2016-08-02 06:36:28</PriceUpdateDate><ItemCode>7290008493390</ItemCode><ItemType>1</ItemType><ItemName>מב גריסיני מקלות 200</ItemName><ManufacturerName>לא ממותג</ManufacturerName><ManufactureCountry>ישראל</ManufactureCountry><ManufacturerItemDescription>גריסיני 200 גרם</ManufacturerItemDescription><SoldByWeight/><Quantity>200.00</Quantity><UnitOfMeasure>גרם     </UnitOfMeasure><QtyInPackage>לא ידוע</QtyInPackage><UnitOfMeasurePrice>0.0395</UnitOfMeasurePrice><AllowDiscount>1</AllowDiscount><ItemStatus>1</ItemStatus><ItemPrice>7.90</ItemPrice></item><item><PriceUpdateDate>2016-08-02 06:31:37</PriceUpdateDate><ItemCode>7290008493765</ItemCode><ItemType>1</ItemType><ItemName>בייגלה שטוחל'ה צ'ילי</ItemName><ManufacturerName>מאיר את בייגל</ManufacturerName><ManufactureCountry>ישראל</ManufactureCountry><ManufacturerItemDescription>שטוחלה מלח 350גרם</ManufacturerItemDescription><SoldByWeight/><Quantity>300.00</Quantity><UnitOfMeasure>גרם     </UnitOfMeasure><QtyInPackage>לא ידוע</QtyInPackage><UnitOfMeasurePrice>0.0363</UnitOfMeasurePrice><AllowDiscount>1</AllowDiscount><ItemStatus>1</ItemStatus><ItemPrice>10.90</ItemPrice></item><item><PriceUpdateDate>2015-01-27 06:48:11</PriceUpdateDate><ItemCode>7290008634557</ItemCode><ItemType>1</ItemType><ItemName>ספוג רחצה רך עם מסג'</ItemName><ManufacturerName>לא ידוע</ManufacturerName><ManufactureCountry>ישראל</ManufactureCountry><ManufacturerItemDescription>ספוג רחצה רך עם מסג'</ManufacturerItemDescription><SoldByWeight/><Quantity>0.00</Quantity><UnitOfMeasure>יח'</UnitOfMeasure><QtyInPackage>לא ידוע</QtyInPackage><UnitOfMeasurePrice>0.0000</UnitOfMeasurePrice><AllowDiscount>1</AllowDiscount><ItemStatus>1</ItemStatus><ItemPrice>5.00</ItemPrice></item><item><PriceUpdateDate>2016-04-03 07:39:26</PriceUpdateDate><ItemCode>7290008644839</ItemCode><ItemType>1</ItemType><ItemName>חסה ערבית אייסברג יר</ItemName><ManufacturerName>שטראוס</ManufacturerName><ManufactureCountry>ישראל</ManufactureCountry><ManufacturerItemDescription>סלט חסה</ManufacturerItemDescription><SoldByWeight/><Quantity>300.00</Quantity><UnitOfMeasure>גרם     </UnitOfMeasure><QtyInPackage>לא ידוע</QtyInPackage><UnitOfMeasurePrice>0.0463</UnitOfMeasurePrice><AllowDiscount>1</AllowDiscount><ItemStatus>1</ItemStatus><ItemPrice>13.90</ItemPrice></item><item><PriceUpdateDate>2016-04-03 07:39:26</PriceUpdateDate><ItemCode>7290008644945</ItemCode><ItemType>1</ItemType><ItemName>סלט המושבה 450 גרם</ItemName><ManufacturerName>שטראוס</ManufacturerName><ManufactureCountry>ישראל</ManufactureCountry><ManufacturerItemDescription>סלט המושבה</ManufacturerItemDescription><SoldByWeight/><Quantity>450.00</Quantity><UnitOfMeasure>גרם     </UnitOfMeasure><QtyInPackage>לא ידוע</QtyInPackage><UnitOfMeasurePrice>0.0331</UnitOfMeasurePrice><AllowDiscount>1</AllowDiscount><ItemStatus>1</ItemStatus><ItemPrice>14.90</ItemPrice></item><item><PriceUpdateDate>2016-05-05 12:30:28</PriceUpdateDate><ItemCode>7290008645935</ItemCode><ItemType>1</ItemType><ItemName>סלט חומוס אחלה 750 ג</ItemName><ManufacturerName>אחלה</ManufacturerName><ManufactureCountry>ישראל</ManufactureCountry><ManufacturerItemDescription>סלט חומוס אחלה 750 ג</ManufacturerItemDescription><SoldByWeight/><Quantity>750.00</Quantity><UnitOfMeasure>גרם     </UnitOfMeasure><QtyInPackage>לא ידוע</QtyInPackage><UnitOfMeasurePrice>0.0132</UnitOfMeasurePrice><AllowDiscount>1</AllowDiscount><ItemStatus>1</ItemStatus><ItemPrice>9.90</ItemPrice></item><item><PriceUpdateDate>2016-03-16 13:26:07</PriceUpdateDate><ItemCode>7290008690164</ItemCode><ItemType>1</ItemType><ItemName>קוקה קולה לימון דיאט</ItemName><ManufacturerName>דיאט קולה לימון</ManufacturerName><ManufactureCountry>ישראל</ManufactureCountry><ManufacturerItemDescription>קוקה קולה דיאט לימון 1.5</ManufacturerItemDescription><SoldByWeight/><Quantity>1500.00</Quantity><UnitOfMeasure>מ"ל</UnitOfMeasure><QtyInPackage>לא ידוע</QtyInPackage><UnitOfMeasurePrice>0.0046</UnitOfMeasurePrice><AllowDiscount>1</AllowDiscount><ItemStatus>1</ItemStatus><ItemPrice>6.90</ItemPrice></item><item><PriceUpdateDate>2015-10-13 09:48:24</PriceUpdateDate><ItemCode>7290008693134</ItemCode><ItemType>1</ItemType><ItemName>דניאלה תות 150 מ"ל</ItemName><ManufacturerName>דניאלה</ManufacturerName><ManufactureCountry>ישראל</ManufactureCountry><ManufacturerItemDescription>דניאלה מעדן גבינה תות 150</ManufacturerItemDescription><SoldByWeight/><Quantity>150.00</Quantity><UnitOfMeasure>מ"ל</UnitOfMeasure><QtyInPackage>לא ידוע</QtyInPackage><UnitOfMeasurePrice>0.0280</UnitOfMeasurePrice><AllowDiscount>1</AllowDiscount><ItemStatus>1</ItemStatus><ItemPrice>4.20</ItemPrice></item><item><PriceUpdateDate>2015-10-01 00:27:13</PriceUpdateDate><ItemCode>7290008713184</ItemCode><ItemType>1</ItemType><ItemName>פיתות בשקית 10 יח''</ItemName><ManufacturerName>אנג'ל</ManufacturerName><ManufactureCountry>ישראל</ManufactureCountry><ManufacturerItemDescription>פיתות בשקית 10 יח''</ManufacturerItemDescription><SoldByWeight/><Quantity>1000.00</Quantity><UnitOfMeasure>גרם     </UnitOfMeasure><QtyInPackage>לא ידוע</QtyInPackage><UnitOfMeasurePrice>0.0099</UnitOfMeasurePrice><AllowDiscount>1</AllowDiscount><ItemStatus>1</ItemStatus><ItemPrice>9.90</ItemPrice></item><item><PriceUpdateDate>2016-06-27 19:06:03</PriceUpdateDate><ItemCode>7290008713696</ItemCode><ItemType>1</ItemType><ItemName>הלחמניה המלאה אנג'ל</ItemName><ManufacturerName>אנג'ל</ManufacturerName><ManufactureCountry>ישראל</ManufactureCountry><ManufacturerItemDescription>הלחמניה  המלאה מקמח מלא 4</ManufacturerItemDescription><SoldByWeight/><Quantity>450.00</Quantity><UnitOfMeasure>גרם     </UnitOfMeasure><QtyInPackage>לא ידוע</QtyInPackage><UnitOfMeasurePrice>0.0296</UnitOfMeasurePrice><AllowDiscount>1</AllowDiscount><ItemStatus>1</ItemStatus><ItemPrice>13.30</ItemPrice></item><item><PriceUpdateDate>2015-10-01 00:27:13</PriceUpdateDate><ItemCode>7290008745239</ItemCode><ItemType>1</ItemType><ItemName>תפוצ'יפס קראנצ' טבעי</ItemName><ManufacturerName>תפוצ'יפס</ManufacturerName><ManufactureCountry>ישראל</ManufactureCountry><ManufacturerItemDescription>תפוציפס קראנץ בטעם טבעי 5</ManufacturerItemDescription><SoldByWeight/><Quantity>14.00</Quantity><UnitOfMeasure>גרם     </UnitOfMeasure><QtyInPackage>לא ידוע</QtyInPackage><UnitOfMeasurePrice>0.2786</UnitOfMeasurePrice><AllowDiscount>1</AllowDiscount><ItemStatus>1</ItemStatus><ItemPrice>3.90</ItemPrice></item><item><PriceUpdateDate>2016-02-16 10:18:32</PriceUpdateDate><ItemCode>7290008747424</ItemCode><ItemType>1</ItemType><ItemName>שוקולד פרה במילוי תו</ItemName><ManufacturerName>פרה</ManufacturerName><ManufactureCountry>ישראל</ManufactureCountry><ManufacturerItemDescription>שוקולד פרה במילוי תות 100</ManufacturerItemDescription><SoldByWeight/><Quantity>100.00</Quantity><UnitOfMeasure>גרם     </UnitOfMeasure><QtyInPackage>לא ידוע</QtyInPackage><UnitOfMeasurePrice>0.0690</UnitOfMeasurePrice><AllowDiscount>0</AllowDiscount><ItemStatus>1</ItemStatus><ItemPrice>6.90</ItemPrice></item><item><PriceUpdateDate>2016-02-16 10:18:32</PriceUpdateDate><ItemCode>7290008750400</ItemCode><ItemType>1</ItemType><ItemName>שוקולד פרה לבן עם עו</ItemName><ManufacturerName>פרה</ManufacturerName><ManufactureCountry>ישראל</ManufactureCountry><ManufacturerItemDescription>שוקולד פרה לבן עם עוגיות</ManufacturerItemDescription><SoldByWeight/><Quantity>100.00</Quantity><UnitOfMeasure>גרם     </UnitOfMeasure><QtyInPackage>לא ידוע</QtyInPackage><UnitOfMeasurePrice>0.0690</UnitOfMeasurePrice><AllowDiscount>0</AllowDiscount><ItemStatus>1</ItemStatus><ItemPrice>6.90</ItemPrice></item><item><PriceUpdateDate>2015-10-01 00:27:13</PriceUpdateDate><ItemCode>7290008752244</ItemCode><ItemType>1</ItemType><ItemName>חטיף תפוציפס קראנצ'</ItemName><ManufacturerName>תפוצ'יפס</ManufacturerName><ManufactureCountry>ישראל</ManufactureCountry><ManufacturerItemDescription>תפוציפס קראנץ גריל 50 גרם</ManufacturerItemDescription><SoldByWeight/><Quantity>14.00</Quantity><UnitOfMeasure>גרם     </UnitOfMeasure><QtyInPackage>לא ידוע</QtyInPackage><UnitOfMeasurePrice>0.2786</UnitOfMeasurePrice><AllowDiscount>1</AllowDiscount><ItemStatus>1</ItemStatus><ItemPrice>3.90</ItemPrice></item><item><PriceUpdateDate>2015-10-01 00:27:13</PriceUpdateDate><ItemCode>7290008753111</ItemCode><ItemType>1</ItemType><ItemName>חטיף תפוציפס קראנצ'</ItemName><ManufacturerName>תפוצ'יפס</ManufacturerName><ManufactureCountry>ישראל</ManufactureCountry><ManufacturerItemDescription>תפוציפס קראנץ מקסיקני 50</ManufacturerItemDescription><SoldByWeight/><Quantity>14.00</Quantity><UnitOfMeasure>גרם     </UnitOfMeasure><QtyInPackage>לא ידוע</QtyInPackage><UnitOfMeasurePrice>0.2786</UnitOfMeasurePrice><AllowDiscount>1</AllowDiscount><ItemStatus>1</ItemStatus><ItemPrice>3.90</ItemPrice></item><item><PriceUpdateDate>2015-10-13 09:48:24</PriceUpdateDate><ItemCode>7290008753364</ItemCode><ItemType>1</ItemType><ItemName>חטיף דוריטוס גריל 55</ItemName><ManufacturerName>דוריטוס</ManufacturerName><ManufactureCountry>ישראל</ManufactureCountry><ManufacturerItemDescription>דוריטוס גריל 55 גרם</ManufacturerItemDescription><SoldByWeight/><Quantity>14.00</Quantity><UnitOfMeasure>גרם     </UnitOfMeasure><QtyInPackage>לא ידוע</QtyInPackage><UnitOfMeasurePrice>0.2571</UnitOfMeasurePrice><AllowDiscount>1</AllowDiscount><ItemStatus>1</ItemStatus><ItemPrice>3.60</ItemPrice></item><item><PriceUpdateDate>2015-10-13 09:48:24</PriceUpdateDate><ItemCode>7290008753371</ItemCode><ItemType>1</ItemType><ItemName>חטיף דוריטוס נאצ'ו מ</ItemName><ManufacturerName>דוריטוס</ManufacturerName><ManufactureCountry>ישראל</ManufactureCountry><ManufacturerItemDescription>דוריטוס נאצו 55 גרם</ManufacturerItemDescription><SoldByWeight/><Quantity>14.00</Quantity><UnitOfMeasure>גרם     </UnitOfMeasure><QtyInPackage>לא ידוע</QtyInPackage><UnitOfMeasurePrice>0.2571</UnitOfMeasurePrice><AllowDiscount>1</AllowDiscount><ItemStatus>1</ItemStatus><ItemPrice>3.60</ItemPrice></item><item><PriceUpdateDate>2015-10-13 09:48:24</PriceUpdateDate><ItemCode>7290008753388</ItemCode><ItemType>1</ItemType><ItemName>דוריטוס טבעי 55 גרם</ItemName><ManufacturerName>דוריטוס</ManufacturerName><ManufactureCountry>ישראל</ManufactureCountry><ManufacturerItemDescription>דוריטוס בטעם טבעי 55 גרם</ManufacturerItemDescription><SoldByWeight/><Quantity>55.00</Quantity><UnitOfMeasure>גרם     </UnitOfMeasure><QtyInPackage>לא ידוע</QtyInPackage><UnitOfMeasurePrice>0.0655</UnitOfMeasurePrice><AllowDiscount>1</AllowDiscount><ItemStatus>1</ItemStatus><ItemPrice>3.60</ItemPrice></item><item><PriceUpdateDate>2016-02-16 10:18:32</PriceUpdateDate><ItemCode>7290008753982</ItemCode><ItemType>1</ItemType><ItemName>שוקולד פרה חלב אוורי</ItemName><ManufacturerName>פרה</ManufacturerName><ManufactureCountry>ישראל</ManufactureCountry><ManufacturerItemDescription>שוקולד חלב אוורירי 85 גר</ManufacturerItemDescription><SoldByWeight/><Quantity>100.00</Quantity><UnitOfMeasure>גרם     </UnitOfMeasure><QtyInPackage>לא ידוע</QtyInPackage><UnitOfMeasurePrice>0.0690</UnitOfMeasurePrice><AllowDiscount>0</AllowDiscount><ItemStatus>1</ItemStatus><ItemPrice>6.90</ItemPrice></item><item><PriceUpdateDate>2016-01-14 11:46:24</PriceUpdateDate><ItemCode>7290008754415</ItemCode><ItemType>1</ItemType><ItemName>מסטיק מאסט מנטה עדין</ItemName><ManufacturerName>מאסט</ManufacturerName><ManufactureCountry>ישראל</ManufactureCountry><ManufacturerItemDescription>מסטיק מאסט עדיין ספירמינט</ManufacturerItemDescription><SoldByWeight/><Quantity>28.00</Quantity><UnitOfMeasure>גרם     </UnitOfMeasure><QtyInPackage>לא ידוע</QtyInPackage><UnitOfMeasurePrice>0.1607</UnitOfMeasurePrice><AllowDiscount>1</AllowDiscount><ItemStatus>1</ItemStatus><ItemPrice>4.50</ItemPrice></item><item><PriceUpdateDate>2016-01-14 11:46:24</PriceUpdateDate><ItemCode>7290008754422</ItemCode><ItemType>1</ItemType><ItemName>מסטיק מאסט קלאסי 28</ItemName><ManufacturerName>מאסט</ManufacturerName><ManufactureCountry>ישראל</ManufactureCountry><ManufacturerItemDescription>מסטיק מאסט קלאסי פפרמינט</ManufacturerItemDescription><SoldByWeight/><Quantity>0.00</Quantity><UnitOfMeasure>יח'</UnitOfMeasure><QtyInPackage>לא ידוע</QtyInPackage><UnitOfMeasurePrice>0.0000</UnitOfMeasurePrice><AllowDiscount>1</AllowDiscount><ItemStatus>1</ItemStatus><ItemPrice>4.50</ItemPrice></item><item><PriceUpdateDate>2016-05-26 17:29:09</PriceUpdateDate><ItemCode>7290008754682</ItemCode><ItemType>1</ItemType><ItemName>עוגת רולדה מצופה שוק</ItemName><ManufacturerName>עלית</ManufacturerName><ManufactureCountry>ישראל</ManufactureCountry><ManufacturerItemDescription>עוגת רולדה מצופה שוק</ManufacturerItemDescription><SoldByWeight/><Quantity>350.00</Quantity><UnitOfMeasure>גרם     </UnitOfMeasure><QtyInPackage>לא ידוע</QtyInPackage><UnitOfMeasurePrice>0.0483</UnitOfMeasurePrice><AllowDiscount>1</AllowDiscount><ItemStatus>1</ItemStatus><ItemPrice>16.90</ItemPrice></item><item><PriceUpdateDate>2016-05-31 09:33:56</PriceUpdateDate><ItemCode>7290008775816</ItemCode><ItemType>1</ItemType><ItemName>ערגליות שוקו 300 גרם</ItemName><ManufacturerName>אסם</ManufacturerName><ManufactureCountry>ישראל</ManufactureCountry><ManufacturerItemDescription>ערגליות שוקו 300 גר</ManufacturerItemDescription><SoldByWeight/><Quantity>300.00</Quantity><UnitOfMeasure>גרם     </UnitOfMeasure><QtyInPackage>לא ידוע</QtyInPackage><UnitOfMeasurePrice>0.0357</UnitOfMeasurePrice><AllowDiscount>0</AllowDiscount><ItemStatus>1</ItemStatus><ItemPrice>10.70</ItemPrice></item><item><PriceUpdateDate>2016-05-31 09:33:56</PriceUpdateDate><ItemCode>7290008801157</ItemCode><ItemType>1</ItemType><ItemName>יין סלקטד מרלו 750 מ</ItemName><ManufacturerName>סלקטד יקבי כרמל</ManufacturerName><ManufactureCountry>ישראל</ManufactureCountry><ManufacturerItemDescription>יין סלקטד מרלו 750 מל</ManufacturerItemDescription><SoldByWeight/><Quantity>750.00</Quantity><UnitOfMeasure>מ"ל</UnitOfMeasure><QtyInPackage>לא ידוע</QtyInPackage><UnitOfMeasurePrice>0.0305</UnitOfMeasurePrice><AllowDiscount>1</AllowDiscount><ItemStatus>1</ItemStatus><ItemPrice>22.90</ItemPrice></item><item><PriceUpdateDate>2016-05-31 09:33:56</PriceUpdateDate><ItemCode>7290008801454</ItemCode><ItemType>1</ItemType><ItemName>יין ישן נושן 650 מ"ל</ItemName><ManufacturerName>ישן נושן</ManufacturerName><ManufactureCountry>ישראל</ManufactureCountry><ManufacturerItemDescription>יין היובל ישן נושן 650 מל</ManufacturerItemDescription><SoldByWeight/><Quantity>650.00</Quantity><UnitOfMeasure>מ"ל</UnitOfMeasure><QtyInPackage>לא ידוע</QtyInPackage><UnitOfMeasurePrice>0.0257</UnitOfMeasurePrice><AllowDiscount>1</AllowDiscount><ItemStatus>1</ItemStatus><ItemPrice>16.70</ItemPrice></item><item><PriceUpdateDate>2016-01-15 07:00:44</PriceUpdateDate><ItemCode>7290008804769</ItemCode><ItemType>1</ItemType><ItemName>יין קברנה מרלו שיראז</ItemName><ManufacturerName>קלאסיק</ManufacturerName><ManufactureCountry>ישראל</ManufactureCountry><ManufacturerItemDescription>יין קברנה מרלו שיראז סלקט</ManufacturerItemDescription><SoldByWeight/><Quantity>750.00</Quantity><UnitOfMeasure>מ"ל</UnitOfMeasure><QtyInPackage>לא ידוע</QtyInPackage><UnitOfMeasurePrice>0.0399</UnitOfMeasurePrice><AllowDiscount>1</AllowDiscount><ItemStatus>1</ItemStatus><ItemPrice>29.90</ItemPrice></item><item><PriceUpdateDate>2016-07-25 09:28:17</PriceUpdateDate><ItemCode>7290008806268</ItemCode><ItemType>1</ItemType><ItemName>מאגדת קורנטו ביס</ItemName><ManufacturerName>קורנטו</ManufacturerName><ManufactureCountry>ישראל</ManufactureCountry><ManufacturerItemDescription>קורנטו ביס 240   גרם</ManufacturerItemDescription><SoldByWeight/><Quantity>1.00</Quantity><UnitOfMeasure>יחי</UnitOfMeasure><QtyInPackage>לא ידוע</QtyInPackage><UnitOfMeasurePrice>34.9000</UnitOfMeasurePrice><AllowDiscount>1</AllowDiscount><ItemStatus>1</ItemStatus><ItemPrice>34.90</ItemPrice></item><item><PriceUpdateDate>2016-08-02 06:31:37</PriceUpdateDate><ItemCode>7290008806909</ItemCode><ItemType>1</ItemType><ItemName>גלידות קרמיסימו שוקו</ItemName><ManufacturerName>שטראוס לייט</ManufacturerName><ManufactureCountry>ישראל</ManufactureCountry><ManufacturerItemDescription>גלידה לייט שוקו וניל</ManufacturerItemDescription><SoldByWeight/><Quantity>1330.00</Quantity><UnitOfMeasure>מ"ל</UnitOfMeasure><QtyInPackage>לא ידוע</QtyInPackage><UnitOfMeasurePrice>0.0150</UnitOfMeasurePrice><AllowDiscount>1</AllowDiscount><ItemStatus>1</ItemStatus><ItemPrice>19.90</ItemPrice></item><item><PriceUpdateDate>2016-05-05 12:30:02</PriceUpdateDate><ItemCode>7290008846219</ItemCode><ItemType>1</ItemType><ItemName>שמן זית חלוצה 750 מ'</ItemName><ManufacturerName>לא ממותג</ManufacturerName><ManufactureCountry>ישראל</ManufactureCountry><ManufacturerItemDescription>שמן זית כתית מעולה 750 מל</ManufacturerItemDescription><SoldByWeight/><Quantity>750.00</Quantity><UnitOfMeasure>גרם     </UnitOfMeasure><QtyInPackage>לא ידוע</QtyInPackage><UnitOfMeasurePrice>0.0599</UnitOfMeasurePrice><AllowDiscount>1</AllowDiscount><ItemStatus>1</ItemStatus><ItemPrice>44.90</ItemPrice></item><item><PriceUpdateDate>2016-06-27 19:06:03</PriceUpdateDate><ItemCode>7290008858045</ItemCode><ItemType>1</ItemType><ItemName>עלים לקרמשניט 400 גר</ItemName><ManufacturerName>רון פוד</ManufacturerName><ManufactureCountry>ישראל</ManufactureCountry><ManufacturerItemDescription>עלים לקרמשניט 400 גר</ManufacturerItemDescription><SoldByWeight/><Quantity>400.00</Quantity><UnitOfMeasure>גרם     </UnitOfMeasure><QtyInPackage>לא ידוע</QtyInPackage><UnitOfMeasurePrice>0.0642</UnitOfMeasurePrice><AllowDiscount>1</AllowDiscount><ItemStatus>1</ItemStatus><ItemPrice>25.70</ItemPrice></item><item><PriceUpdateDate>2016-03-16 13:25:42</PriceUpdateDate><ItemCode>7290008909440</ItemCode><ItemType>1</ItemType><ItemName>פאנטה אורנג' מנגו 1.</ItemName><ManufacturerName>פאנטה אורנג</ManufacturerName><ManufactureCountry>ישראל</ManufactureCountry><ManufacturerItemDescription>פאנטה אורנג' מנגו 1.</ManufacturerItemDescription><SoldByWeight/><Quantity>1500.00</Quantity><UnitOfMeasure>מ"ל</UnitOfMeasure><QtyInPackage>לא ידוע</QtyInPackage><UnitOfMeasurePrice>0.0046</UnitOfMeasurePrice><AllowDiscount>1</AllowDiscount><ItemStatus>1</ItemStatus><ItemPrice>6.90</ItemPrice></item><item><PriceUpdateDate>2015-10-13 09:48:25</PriceUpdateDate><ItemCode>7290008909853</ItemCode><ItemType>1</ItemType><ItemName>קוקה קולה זירו 0.5 ל</ItemName><ManufacturerName>zero קוקה קולה</ManufacturerName><ManufactureCountry>ישראל</ManufactureCountry><ManufacturerItemDescription>קוקה קולה זירו 500 מל</ManufacturerItemDescription><SoldByWeight/><Quantity>500.00</Quantity><UnitOfMeasure>מ"ל</UnitOfMeasure><QtyInPackage>לא ידוע</QtyInPackage><UnitOfMeasurePrice>0.0146</UnitOfMeasurePrice><AllowDiscount>1</AllowDiscount><ItemStatus>1</ItemStatus><ItemPrice>7.30</ItemPrice></item><item><PriceUpdateDate>2016-03-16 13:26:07</PriceUpdateDate><ItemCode>7290008909860</ItemCode><ItemType>1</ItemType><ItemName>קוקה קולה זירו 1.5 ל</ItemName><ManufacturerName>zero קוקה קולה</ManufacturerName><ManufactureCountry>ישראל</ManufactureCountry><ManufacturerItemDescription>קוקה קולה זירו 1.5 ל</ManufacturerItemDescription><SoldByWeight/><Quantity>1500.00</Quantity><UnitOfMeasure>מ"ל</UnitOfMeasure><QtyInPackage>לא ידוע</QtyInPackage><UnitOfMeasurePrice>0.0046</UnitOfMeasurePrice><AllowDiscount>1</AllowDiscount><ItemStatus>1</ItemStatus><ItemPrice>6.90</ItemPrice></item><item><PriceUpdateDate>2016-03-16 13:26:07</PriceUpdateDate><ItemCode>7290008909877</ItemCode><ItemType>1</ItemType><ItemName>קולה זירו שישיות 1.5</ItemName><ManufacturerName>zero קוקה קולה</ManufacturerName><ManufactureCountry>ישראל</ManufactureCountry><ManufacturerItemDescription>קוקה קולה זירו 1.5 1/6 ל</ManufacturerItemDescription><SoldByWeight/><Quantity>9000.00</Quantity><UnitOfMeasure>מ"ל</UnitOfMeasure><QtyInPackage>לא ידוע</QtyInPackage><UnitOfMeasurePrice>0.0041</UnitOfMeasurePrice><AllowDiscount>1</AllowDiscount><ItemStatus>1</ItemStatus><ItemPrice>36.90</ItemPrice></item><item><PriceUpdateDate>2015-11-17 07:39:50</PriceUpdateDate><ItemCode>7290010018086</ItemCode><ItemType>1</ItemType><ItemName>גולש 400 גרם</ItemName><ManufacturerName>כפרי וביתי</ManufacturerName><ManufactureCountry>ישראל</ManufactureCountry><ManufacturerItemDescription>גולש 400 גרם</ManufacturerItemDescription><SoldByWeight/><Quantity>400.00</Quantity><UnitOfMeasure>גרם     </UnitOfMeasure><QtyInPackage>לא ידוע</QtyInPackage><UnitOfMeasurePrice>0.0572</UnitOfMeasurePrice><AllowDiscount>1</AllowDiscount><ItemStatus>1</ItemStatus><ItemPrice>22.90</ItemPrice></item><item><PriceUpdateDate>2016-08-02 06:31:37</PriceUpdateDate><ItemCode>7290010045037</ItemCode><ItemType>1</ItemType><ItemName>עוגיות לחמי שוקולד צ</ItemName><ManufacturerName>לחמי</ManufacturerName><ManufactureCountry>ישראל</ManufactureCountry><ManufacturerItemDescription>עוגיות שוקולד ציפס 250 גר</ManufacturerItemDescription><SoldByWeight/><Quantity>250.00</Quantity><UnitOfMeasure>גרם     </UnitOfMeasure><QtyInPackage>לא ידוע</QtyInPackage><UnitOfMeasurePrice>0.0796</UnitOfMeasurePrice><AllowDiscount>1</AllowDiscount><ItemStatus>1</ItemStatus><ItemPrice>19.90</ItemPrice></item><item><PriceUpdateDate>2016-08-02 06:31:38</PriceUpdateDate><ItemCode>7290010045068</ItemCode><ItemType>1</ItemType><ItemName>עוגיות לחמי הנסיכה 2</ItemName><ManufacturerName>לא ידוע</ManufacturerName><ManufactureCountry>ישראל</ManufactureCountry><ManufacturerItemDescription>עוגיות הנסיכה 250 גר</ManufacturerItemDescription><SoldByWeight/><Quantity>250.00</Quantity><UnitOfMeasure>גרם     </UnitOfMeasure><QtyInPackage>לא ידוע</QtyInPackage><UnitOfMeasurePrice>0.0796</UnitOfMeasurePrice><AllowDiscount>1</AllowDiscount><ItemStatus>1</ItemStatus><ItemPrice>19.90</ItemPrice></item><item><PriceUpdateDate>2015-11-17 07:39:51</PriceUpdateDate><ItemCode>7290010049011</ItemCode><ItemType>1</ItemType><ItemName>תרכיז מרמולייט תפוזי</ItemName><ManufacturerName>מרמולייט</ManufacturerName><ManufactureCountry>ישראל</ManufactureCountry><ManufacturerItemDescription>תרכיז מרמולייט תפוזי</ManufacturerItemDescription><SoldByWeight/><Quantity>1000.00</Quantity><UnitOfMeasure>מ"ל</UnitOfMeasure><QtyInPackage>לא ידוע</QtyInPackage><UnitOfMeasurePrice>0.0132</UnitOfMeasurePrice><AllowDiscount>1</AllowDiscount><ItemStatus>1</ItemStatus><ItemPrice>13.20</ItemPrice></item><item><PriceUpdateDate>2015-12-01 06:47:54</PriceUpdateDate><ItemCode>7290010072057</ItemCode><ItemType>1</ItemType><ItemName>שמרים קקאו</ItemName><ManufacturerName>אנג'ל</ManufacturerName><ManufactureCountry>לא ידוע</ManufactureCountry><ManufacturerItemDescription>שמרים קקאו</ManufacturerItemDescription><SoldByWeight/><Quantity>500.00</Quantity><UnitOfMeasure>גרם     </UnitOfMeasure><QtyInPackage>לא ידוע</QtyInPackage><UnitOfMeasurePrice>0.0298</UnitOfMeasurePrice><AllowDiscount>1</AllowDiscount><ItemStatus>1</ItemStatus><ItemPrice>14.90</ItemPrice></item><item><PriceUpdateDate>2016-02-16 10:18:32</PriceUpdateDate><ItemCode>7290010116898</ItemCode><ItemType>1</ItemType><ItemName>שוקולד פרה מריר אוור</ItemName><ManufacturerName>פרה</ManufacturerName><ManufactureCountry>ישראל</ManufactureCountry><ManufacturerItemDescription>שוקולד אוורירי מריר 85 גר</ManufacturerItemDescription><SoldByWeight/><Quantity>85.00</Quantity><UnitOfMeasure>גרם     </UnitOfMeasure><QtyInPackage>לא ידוע</QtyInPackage><UnitOfMeasurePrice>0.0812</UnitOfMeasurePrice><AllowDiscount>0</AllowDiscount><ItemStatus>1</ItemStatus><ItemPrice>6.90</ItemPrice></item><item><PriceUpdateDate>2015-10-13 09:48:25</PriceUpdateDate><ItemCode>7290010116959</ItemCode><ItemType>1</ItemType><ItemName>צ'יטוס קראנצ' גבינה</ItemName><ManufacturerName>צ'יטוס</ManufacturerName><ManufactureCountry>ישראל</ManufactureCountry><ManufacturerItemDescription>חטיף ציטוס גבינה 80 גרם</ManufacturerItemDescription><SoldByWeight/><Quantity>80.00</Quantity><UnitOfMeasure>גרם     </UnitOfMeasure><QtyInPackage>לא ידוע</QtyInPackage><UnitOfMeasurePrice>0.0625</UnitOfMeasurePrice><AllowDiscount>1</AllowDiscount><ItemStatus>1</ItemStatus><ItemPrice>5.00</ItemPrice></item><item><PriceUpdateDate>2016-05-31 09:31:06</PriceUpdateDate><ItemCode>7290010116980</ItemCode><ItemType>1</ItemType><ItemName>שוקולית 850 גרם בשקי</ItemName><ManufacturerName>שוקולית</ManufacturerName><ManufactureCountry>ישראל</ManufactureCountry><ManufacturerItemDescription>שוקולית 850 גרם בשקי</ManufacturerItemDescription><SoldByWeight/><Quantity>850.00</Quantity><UnitOfMeasure>גרם     </UnitOfMeasure><QtyInPackage>לא ידוע</QtyInPackage><UnitOfMeasurePrice>0.0234</UnitOfMeasurePrice><AllowDiscount>1</AllowDiscount><ItemStatus>1</ItemStatus><ItemPrice>19.90</ItemPrice></item><item><PriceUpdateDate>2016-05-23 07:15:08</PriceUpdateDate><ItemCode>7290010117970</ItemCode><ItemType>1</ItemType><ItemName>בוטנים אמריקאים עלית</ItemName><ManufacturerName>סבבה</ManufacturerName><ManufactureCountry>ישראל</ManufactureCountry><ManufacturerItemDescription>סבבה בוטנים אמריקאים</ManufacturerItemDescription><SoldByWeight/><Quantity>50.00</Quantity><UnitOfMeasure>גרם     </UnitOfMeasure><QtyInPackage>לא ידוע</QtyInPackage><UnitOfMeasurePrice>0.0500</UnitOfMeasurePrice><AllowDiscount>1</AllowDiscount><ItemStatus>1</ItemStatus><ItemPrice>2.50</ItemPrice></item><item><PriceUpdateDate>2015-10-13 09:48:25</PriceUpdateDate><ItemCode>7290010119950</ItemCode><ItemType>1</ItemType><ItemName>חטיף דוריטוס חמוץ חר</ItemName><ManufacturerName>דוריטוס</ManufacturerName><ManufactureCountry>ישראל</ManufactureCountry><ManufacturerItemDescription>דוריטוס חמוץ חריף 55 גרם</ManufacturerItemDescription><SoldByWeight/><Quantity>55.00</Quantity><UnitOfMeasure>גרם     </UnitOfMeasure><QtyInPackage>לא ידוע</QtyInPackage><UnitOfMeasurePrice>0.0655</UnitOfMeasurePrice><AllowDiscount>1</AllowDiscount><ItemStatus>1</ItemStatus><ItemPrice>3.60</ItemPrice></item><item><PriceUpdateDate>2016-08-02 06:36:29</PriceUpdateDate><ItemCode>7290010153527</ItemCode><ItemType>1</ItemType><ItemName>מב גיריש 500 גרם</ItemName><ManufacturerName>מיה</ManufacturerName><ManufactureCountry>ישראל</ManufactureCountry><ManufacturerItemDescription>גריש 500 גרם</ManufacturerItemDescription><SoldByWeight/><Quantity>500.00</Quantity><UnitOfMeasure>גרם     </UnitOfMeasure><QtyInPackage>לא ידוע</QtyInPackage><UnitOfMeasurePrice>0.0078</UnitOfMeasurePrice><AllowDiscount>1</AllowDiscount><ItemStatus>1</ItemStatus><ItemPrice>3.90</ItemPrice></item><item><PriceUpdateDate>2016-06-28 06:23:51</PriceUpdateDate><ItemCode>7290010153909</ItemCode><ItemType>1</ItemType><ItemName>מב אורז בסמטי 1 ק"ג</ItemName><ManufacturerName>לא ממותג</ManufacturerName><ManufactureCountry>ישראל</ManufactureCountry><ManufacturerItemDescription>אורז בסמטי הודי 1 קג</ManufacturerItemDescription><SoldByWeight/><Quantity>1000.00</Quantity><UnitOfMeasure>גרם     </UnitOfMeasure><QtyInPackage>לא ידוע</QtyInPackage><UnitOfMeasurePrice>0.0109</UnitOfMeasurePrice><AllowDiscount>1</AllowDiscount><ItemStatus>1</ItemStatus><ItemPrice>10.90</ItemPrice></item><item><PriceUpdateDate>2015-10-13 09:48:25</PriceUpdateDate><ItemCode>7290010154005</ItemCode><ItemType>1</ItemType><ItemName>סחוג תימני ביטון 250</ItemName><ManufacturerName>תבליני ביטון יוחאי</ManufacturerName><ManufactureCountry>ישראל</ManufactureCountry><ManufacturerItemDescription>סחוג תימני 250 גרם</ManufacturerItemDescription><SoldByWeight/><Quantity>250.00</Quantity><UnitOfMeasure>גרם     </UnitOfMeasure><QtyInPackage>לא ידוע</QtyInPackage><UnitOfMeasurePrice>0.0648</UnitOfMeasurePrice><AllowDiscount>1</AllowDiscount><ItemStatus>1</ItemStatus><ItemPrice>16.20</ItemPrice></item><item><PriceUpdateDate>2015-10-13 09:48:25</PriceUpdateDate><ItemCode>7290010154012</ItemCode><ItemType>1</ItemType><ItemName>לימון כבוש ביטון 250</ItemName><ManufacturerName>תבליני ביטון יוחאי</ManufacturerName><ManufactureCountry>ישראל</ManufactureCountry><ManufacturerItemDescription>לימון בלאדי 250 גר</ManufacturerItemDescription><SoldByWeight/><Quantity>250.00</Quantity><UnitOfMeasure>גרם     </UnitOfMeasure><QtyInPackage>לא ידוע</QtyInPackage><UnitOfMeasurePrice>0.0648</UnitOfMeasurePrice><AllowDiscount>1</AllowDiscount><ItemStatus>1</ItemStatus><ItemPrice>16.20</ItemPrice></item><item><PriceUpdateDate>2015-10-13 09:48:25</PriceUpdateDate><ItemCode>7290010154036</ItemCode><ItemType>1</ItemType><ItemName>עמבה ביטון 250 גרם</ItemName><ManufacturerName>תבליני ביטון יוחאי</ManufacturerName><ManufactureCountry>ישראל</ManufactureCountry><ManufacturerItemDescription>עמבה 250 גר</ManufacturerItemDescription><SoldByWeight/><Quantity>250.00</Quantity><UnitOfMeasure>גרם     </UnitOfMeasure><QtyInPackage>לא ידוע</QtyInPackage><UnitOfMeasurePrice>0.0648</UnitOfMeasurePrice><AllowDiscount>1</AllowDiscount><ItemStatus>1</ItemStatus><ItemPrice>16.20</ItemPrice></item><item><PriceUpdateDate>2016-08-10 11:21:43</PriceUpdateDate><ItemCode>7290010154418</ItemCode><ItemType>1</ItemType><ItemName>סחוג אדום 130 גרם</ItemName><ManufacturerName>תבליני ביטון יוחאי</ManufacturerName><ManufactureCountry>ישראל</ManufactureCountry><ManufacturerItemDescription>סחוג אדום 130 גרם</ManufacturerItemDescription><SoldByWeight/><Quantity>130.00</Quantity><UnitOfMeasure>גרם     </UnitOfMeasure><QtyInPackage>לא ידוע</QtyInPackage><UnitOfMeasurePrice>0.0838</UnitOfMeasurePrice><AllowDiscount>1</AllowDiscount><ItemStatus>1</ItemStatus><ItemPrice>10.90</ItemPrice></item><item><PriceUpdateDate>2016-08-10 11:21:43</PriceUpdateDate><ItemCode>7290010154425</ItemCode><ItemType>1</ItemType><ItemName>סחוג ירוק 130 גרם</ItemName><ManufacturerName>תבליני ביטון יוחאי</ManufacturerName><ManufactureCountry>ישראל</ManufactureCountry><ManufacturerItemDescription>סחוג ירוק 130 גרם</ManufacturerItemDescription><SoldByWeight/><Quantity>130.00</Quantity><UnitOfMeasure>גרם     </UnitOfMeasure><QtyInPackage>לא ידוע</QtyInPackage><UnitOfMeasurePrice>0.0838</UnitOfMeasurePrice><AllowDiscount>1</AllowDiscount><ItemStatus>1</ItemStatus><ItemPrice>10.90</ItemPrice></item><item><PriceUpdateDate>2016-05-05 12:30:29</PriceUpdateDate><ItemCode>7290010237623</ItemCode><ItemType>1</ItemType><ItemName>בירה נשר מאלט 1.5 לי</ItemName><ManufacturerName>נשר מאלט</ManufacturerName><ManufactureCountry>ישראל</ManufactureCountry><ManufacturerItemDescription>בירה נשר מאלט 1.5 ל</ManufacturerItemDescription><SoldByWeight/><Quantity>1500.00</Quantity><UnitOfMeasure>מ"ל</UnitOfMeasure><QtyInPackage>לא ידוע</QtyInPackage><UnitOfMeasurePrice>0.0039</UnitOfMeasurePrice><AllowDiscount>1</AllowDiscount><ItemStatus>1</ItemStatus><ItemPrice>5.90</ItemPrice></item><item><PriceUpdateDate>2016-05-01 07:23:33</PriceUpdateDate><ItemCode>7290010237692</ItemCode><ItemType>1</ItemType><ItemName>שישיית בירה היינקן 2</ItemName><ManufacturerName>הייניקן</ManufacturerName><ManufactureCountry>ישראל</ManufactureCountry><ManufacturerItemDescription>בירה היינקן בקבוק 250 1/6</ManufacturerItemDescription><SoldByWeight/><Quantity>1500.00</Quantity><UnitOfMeasure>מ"ל</UnitOfMeasure><QtyInPackage>לא ידוע</QtyInPackage><UnitOfMeasurePrice>0.0366</UnitOfMeasurePrice><AllowDiscount>1</AllowDiscount><ItemStatus>1</ItemStatus><ItemPrice>54.90</ItemPrice></item><item><PriceUpdateDate>2015-10-22 09:59:45</PriceUpdateDate><ItemCode>7290010237890</ItemCode><ItemType>1</ItemType><ItemName>בירה היינקן 500 מ"ל</ItemName><ManufacturerName>הייניקן</ManufacturerName><ManufactureCountry>ישראל</ManufactureCountry><ManufacturerItemDescription>בירה היינקן.500 מל בקבוק</ManufacturerItemDescription><SoldByWeight/><Quantity>500.00</Quantity><UnitOfMeasure>מ"ל</UnitOfMeasure><QtyInPackage>לא ידוע</QtyInPackage><UnitOfMeasurePrice>0.0178</UnitOfMeasurePrice><AllowDiscount>1</AllowDiscount><ItemStatus>1</ItemStatus><ItemPrice>8.90</ItemPrice></item><item><PriceUpdateDate>2015-02-23 07:24:25</PriceUpdateDate><ItemCode>7290010256273</ItemCode><ItemType>1</ItemType><ItemName>מפות שולחן 8 יח' 135</ItemName><ManufacturerName>"המותג"</ManufacturerName><ManufactureCountry>ישראל</ManufactureCountry><ManufacturerItemDescription>מפות שולחן 8 יח' 135</ManufacturerItemDescription><SoldByWeight/><Quantity>8.00</Quantity><UnitOfMeasure>יח</UnitOfMeasure><QtyInPackage>לא ידוע</QtyInPackage><UnitOfMeasurePrice>0.6125</UnitOfMeasurePrice><AllowDiscount>1</AllowDiscount><ItemStatus>1</ItemStatus><ItemPrice>4.90</ItemPrice></item><item><PriceUpdateDate>2016-08-02 06:36:29</PriceUpdateDate><ItemCode>7290010259045</ItemCode><ItemType>1</ItemType><ItemName>מב ממרח עשיר בחמאה ד</ItemName><ManufacturerName>לורפק</ManufacturerName><ManufactureCountry>ישראל</ManufactureCountry><ManufacturerItemDescription>ממרח לוראפק לייטר 250גרם</ManufacturerItemDescription><SoldByWeight/><Quantity>250.00</Quantity><UnitOfMeasure>גרם     </UnitOfMeasure><QtyInPackage>לא ידוע</QtyInPackage><UnitOfMeasurePrice>0.0596</UnitOfMeasurePrice><AllowDiscount>1</AllowDiscount><ItemStatus>1</ItemStatus><ItemPrice>14.90</ItemPrice></item><item><PriceUpdateDate>2016-05-31 09:31:06</PriceUpdateDate><ItemCode>7290010314140</ItemCode><ItemType>1</ItemType><ItemName>חזה בגריל מן הצומח 6</ItemName><ManufacturerName>טבעול</ManufacturerName><ManufactureCountry>ישראל</ManufactureCountry><ManufacturerItemDescription>חזה בגריל צמחי</ManufacturerItemDescription><SoldByWeight/><Quantity>630.00</Quantity><UnitOfMeasure>גרם     </UnitOfMeasure><QtyInPackage>לא ידוע</QtyInPackage><UnitOfMeasurePrice>0.0624</UnitOfMeasurePrice><AllowDiscount>1</AllowDiscount><ItemStatus>1</ItemStatus><ItemPrice>39.30</ItemPrice></item><item><PriceUpdateDate>2016-06-27 19:06:04</PriceUpdateDate><ItemCode>7290010328253</ItemCode><ItemType>1</ItemType><ItemName>טחינה גולמית אחוה 50</ItemName><ManufacturerName>אחווה</ManufacturerName><ManufactureCountry>ישראל</ManufactureCountry><ManufacturerItemDescription>טחינה גולמית אחווה 500 גר</ManufacturerItemDescription><SoldByWeight/><Quantity>500.00</Quantity><UnitOfMeasure>גרם     </UnitOfMeasure><QtyInPackage>לא ידוע</QtyInPackage><UnitOfMeasurePrice>0.0278</UnitOfMeasurePrice><AllowDiscount>1</AllowDiscount><ItemStatus>1</ItemStatus><ItemPrice>13.90</ItemPrice></item><item><PriceUpdateDate>2016-03-16 13:25:42</PriceUpdateDate><ItemCode>7290010471669</ItemCode><ItemType>1</ItemType><ItemName>דנונה בר תות קורנפלק</ItemName><ManufacturerName>דנונה</ManufacturerName><ManufactureCountry>ישראל</ManufactureCountry><ManufacturerItemDescription>דנונהבר תות קורנפלקס מצופ</ManufacturerItemDescription><SoldByWeight/><Quantity>175.00</Quantity><UnitOfMeasure>מ"ל</UnitOfMeasure><QtyInPackage>לא ידוע</QtyInPackage><UnitOfMeasurePrice>0.0257</UnitOfMeasurePrice><AllowDiscount>1</AllowDiscount><ItemStatus>1</ItemStatus><ItemPrice>4.50</ItemPrice></item><item><PriceUpdateDate>2016-02-18 08:08:15</PriceUpdateDate><ItemCode>7290010472390</ItemCode><ItemType>1</ItemType><ItemName>מארז שמינייה דני שוק</ItemName><ManufacturerName>דני</ManufacturerName><ManufactureCountry>ישראל</ManufactureCountry><ManufacturerItemDescription>מארז שמינייה דני שוק</ManufacturerItemDescription><SoldByWeight/><Quantity>1000.00</Quantity><UnitOfMeasure>גרם     </UnitOfMeasure><QtyInPackage>לא ידוע</QtyInPackage><UnitOfMeasurePrice>0.0169</UnitOfMeasurePrice><AllowDiscount>1</AllowDiscount><ItemStatus>1</ItemStatus><ItemPrice>16.90</ItemPrice></item><item><PriceUpdateDate>2016-03-01 06:24:40</PriceUpdateDate><ItemCode>7290010472765</ItemCode><ItemType>1</ItemType><ItemName>מארז גמדים תות 4*100</ItemName><ManufacturerName>גמדים</ManufacturerName><ManufactureCountry>ישראל</ManufactureCountry><ManufacturerItemDescription>מארז גמדים תות 4*100</ManufacturerItemDescription><SoldByWeight/><Quantity>400.00</Quantity><UnitOfMeasure>מ"ל</UnitOfMeasure><QtyInPackage>לא ידוע</QtyInPackage><UnitOfMeasurePrice>0.0285</UnitOfMeasurePrice><AllowDiscount>0</AllowDiscount><ItemStatus>1</ItemStatus><ItemPrice>11.40</ItemPrice></item><item><PriceUpdateDate>2016-06-28 06:23:51</PriceUpdateDate><ItemCode>7290010613908</ItemCode><ItemType>1</ItemType><ItemName>מב אקונומיקה לימון 4</ItemName><ManufacturerName>"המותג"</ManufacturerName><ManufactureCountry>ישראל</ManufactureCountry><ManufacturerItemDescription>מב אקונומיקה לימון 4</ManufacturerItemDescription><SoldByWeight/><Quantity>4000.00</Quantity><UnitOfMeasure>מ"ל</UnitOfMeasure><QtyInPackage>לא ידוע</QtyInPackage><UnitOfMeasurePrice>0.0022</UnitOfMeasurePrice><AllowDiscount>1</AllowDiscount><ItemStatus>1</ItemStatus><ItemPrice>8.90</ItemPrice></item><item><PriceUpdateDate>2015-02-19 07:35:52</PriceUpdateDate><ItemCode>7290010613922</ItemCode><ItemType>1</ItemType><ItemName>נוזל כלים 18% שלישיי</ItemName><ManufacturerName>"המותג"</ManufacturerName><ManufactureCountry>ישראל</ManufactureCountry><ManufacturerItemDescription>נוזל כלים 18% שלישיי</ManufacturerItemDescription><SoldByWeight/><Quantity>2250.00</Quantity><UnitOfMeasure>מ"ל</UnitOfMeasure><QtyInPackage>לא ידוע</QtyInPackage><UnitOfMeasurePrice>0.0080</UnitOfMeasurePrice><AllowDiscount>1</AllowDiscount><ItemStatus>1</ItemStatus><ItemPrice>17.90</ItemPrice></item><item><PriceUpdateDate>2015-11-17 07:39:53</PriceUpdateDate><ItemCode>7290010632787</ItemCode><ItemType>1</ItemType><ItemName>צימרונים לאוזניים  מ</ItemName><ManufacturerName>לא ידוע</ManufacturerName><ManufactureCountry>ישראל</ManufactureCountry><ManufacturerItemDescription>צימרונים לאוזניים  מ</ManufacturerItemDescription><SoldByWeight/><Quantity>300.00</Quantity><UnitOfMeasure>יח'</UnitOfMeasure><QtyInPackage>לא ידוע</QtyInPackage><UnitOfMeasurePrice>0.0143</UnitOfMeasurePrice><AllowDiscount>1</AllowDiscount><ItemStatus>1</ItemStatus><ItemPrice>4.30</ItemPrice></item><item><PriceUpdateDate>2016-03-29 06:06:36</PriceUpdateDate><ItemCode>7290010711383</ItemCode><ItemType>1</ItemType><ItemName>כריות מתכת 4 יח' המו</ItemName><ManufacturerName>"המותג"</ManufacturerName><ManufactureCountry>ישראל</ManufactureCountry><ManufacturerItemDescription>כריות מתכת 4 יח' המו</ManufacturerItemDescription><SoldByWeight/><Quantity>4.00</Quantity><UnitOfMeasure>יח'</UnitOfMeasure><QtyInPackage>לא ידוע</QtyInPackage><UnitOfMeasurePrice>1.4750</UnitOfMeasurePrice><AllowDiscount>1</AllowDiscount><ItemStatus>1</ItemStatus><ItemPrice>5.90</ItemPrice></item><item><PriceUpdateDate>2015-10-15 07:17:42</PriceUpdateDate><ItemCode>7290010711857</ItemCode><ItemType>1</ItemType><ItemName>אטבי כביסה פרימיום 2</ItemName><ManufacturerName>"המותג"</ManufacturerName><ManufactureCountry>ישראל</ManufactureCountry><ManufacturerItemDescription>אטבי כביסה פרימיום 2</ManufacturerItemDescription><SoldByWeight/><Quantity>20.00</Quantity><UnitOfMeasure>יח'</UnitOfMeasure><QtyInPackage>לא ידוע</QtyInPackage><UnitOfMeasurePrice>0.3450</UnitOfMeasurePrice><AllowDiscount>1</AllowDiscount><ItemStatus>1</ItemStatus><ItemPrice>6.90</ItemPrice></item><item><PriceUpdateDate>2016-05-31 09:31:07</PriceUpdateDate><ItemCode>7290010838219</ItemCode><ItemType>1</ItemType><ItemName>סטיביה-ממתיק על בסיס</ItemName><ManufacturerName>לא ממותג</ManufacturerName><ManufactureCountry>ישראל</ManufactureCountry><ManufacturerItemDescription>ממתיק על בסיס סטיביה 100</ManufacturerItemDescription><SoldByWeight/><Quantity>100.00</Quantity><UnitOfMeasure>גרם     </UnitOfMeasure><QtyInPackage>לא ידוע</QtyInPackage><UnitOfMeasurePrice>0.3490</UnitOfMeasurePrice><AllowDiscount>1</AllowDiscount><ItemStatus>1</ItemStatus><ItemPrice>34.90</ItemPrice></item><item><PriceUpdateDate>2016-06-27 19:06:05</PriceUpdateDate><ItemCode>7290010838806</ItemCode><ItemType>1</ItemType><ItemName>אל סבון נוזלי פמלי ש</ItemName><ManufacturerName>פמילי</ManufacturerName><ManufactureCountry>ישראל</ManufactureCountry><ManufacturerItemDescription>אל סבון נוזלי פמלי ש</ManufacturerItemDescription><SoldByWeight/><Quantity>1500.00</Quantity><UnitOfMeasure>מ"ל</UnitOfMeasure><QtyInPackage>לא ידוע</QtyInPackage><UnitOfMeasurePrice>0.0119</UnitOfMeasurePrice><AllowDiscount>1</AllowDiscount><ItemStatus>1</ItemStatus><ItemPrice>17.90</ItemPrice></item><item><PriceUpdateDate>2016-06-27 19:06:06</PriceUpdateDate><ItemCode>7290010903993</ItemCode><ItemType>1</ItemType><ItemName>טבעות בצל 600 גרם המ</ItemName><ManufacturerName>"המותג"</ManufacturerName><ManufactureCountry>ישראל</ManufactureCountry><ManufacturerItemDescription>טבעות בצל 600 גרם המ</ManufacturerItemDescription><SoldByWeight/><Quantity>600.00</Quantity><UnitOfMeasure>גרם     </UnitOfMeasure><QtyInPackage>לא ידוע</QtyInPackage><UnitOfMeasurePrice>0.0265</UnitOfMeasurePrice><AllowDiscount>1</AllowDiscount><ItemStatus>1</ItemStatus><ItemPrice>15.90</ItemPrice></item><item><PriceUpdateDate>2015-11-11 11:53:06</PriceUpdateDate><ItemCode>7290010945146</ItemCode><ItemType>1</ItemType><ItemName>קוטג' 3% טרה 250 גרם</ItemName><ManufacturerName>טרה</ManufacturerName><ManufactureCountry>ישראל</ManufactureCountry><ManufacturerItemDescription>קוטג מועשר 250 3% גרם</ManufacturerItemDescription><SoldByWeight/><Quantity>250.00</Quantity><UnitOfMeasure>גרם     </UnitOfMeasure><QtyInPackage>לא ידוע</QtyInPackage><UnitOfMeasurePrice>0.0228</UnitOfMeasurePrice><AllowDiscount>1</AllowDiscount><ItemStatus>1</ItemStatus><ItemPrice>5.70</ItemPrice></item><item><PriceUpdateDate>2016-08-02 06:36:30</PriceUpdateDate><ItemCode>7290010945450</ItemCode><ItemType>1</ItemType><ItemName>מב גבינה לבנה 3% טרה</ItemName><ManufacturerName>טרה</ManufacturerName><ManufactureCountry>ישראל</ManufactureCountry><ManufacturerItemDescription>גבינה לבנה 250 3% גרם מהד</ManufacturerItemDescription><SoldByWeight/><Quantity>250.00</Quantity><UnitOfMeasure>גרם     </UnitOfMeasure><QtyInPackage>לא ידוע</QtyInPackage><UnitOfMeasurePrice>0.0176</UnitOfMeasurePrice><AllowDiscount>1</AllowDiscount><ItemStatus>1</ItemStatus><ItemPrice>4.40</ItemPrice></item><item><PriceUpdateDate>2016-03-16 13:25:42</PriceUpdateDate><ItemCode>7290011017606</ItemCode><ItemType>1</ItemType><ItemName>פאנטה לימונדה 1.5 לי</ItemName><ManufacturerName>פאנטה אורנג</ManufacturerName><ManufactureCountry>ישראל</ManufactureCountry><ManufacturerItemDescription>פאנטה לימונדה 1.5 לי</ManufacturerItemDescription><SoldByWeight/><Quantity>1500.00</Quantity><UnitOfMeasure>מ"ל</UnitOfMeasure><QtyInPackage>לא ידוע</QtyInPackage><UnitOfMeasurePrice>0.0046</UnitOfMeasurePrice><AllowDiscount>1</AllowDiscount><ItemStatus>1</ItemStatus><ItemPrice>6.90</ItemPrice></item><item><PriceUpdateDate>2015-11-17 07:39:56</PriceUpdateDate><ItemCode>7290011018184</ItemCode><ItemType>1</ItemType><ItemName>FUZE TEA אפרסק 0.5 ל</ItemName><ManufacturerName>לא ממותג</ManufacturerName><ManufactureCountry>ישראל</ManufactureCountry><ManufacturerItemDescription>תה קר FUZE TEA אפרסק 500</ManufacturerItemDescription><SoldByWeight/><Quantity>500.00</Quantity><UnitOfMeasure>מ"ל</UnitOfMeasure><QtyInPackage>לא ידוע</QtyInPackage><UnitOfMeasurePrice>0.0148</UnitOfMeasurePrice><AllowDiscount>1</AllowDiscount><ItemStatus>1</ItemStatus><ItemPrice>7.40</ItemPrice></item><item><PriceUpdateDate>2016-05-31 09:33:59</PriceUpdateDate><ItemCode>7290011018276</ItemCode><ItemType>1</ItemType><ItemName>FUZA TEA אקזוטי עם ת</ItemName><ManufacturerName>לא ממותג</ManufacturerName><ManufactureCountry>ישראל</ManufactureCountry><ManufacturerItemDescription>תה קר FUZE TEA אקזוטי 1.5</ManufacturerItemDescription><SoldByWeight/><Quantity>1500.00</Quantity><UnitOfMeasure>מ"ל</UnitOfMeasure><QtyInPackage>לא ידוע</QtyInPackage><UnitOfMeasurePrice>0.0046</UnitOfMeasurePrice><AllowDiscount>1</AllowDiscount><ItemStatus>1</ItemStatus><ItemPrice>6.90</ItemPrice></item><item><PriceUpdateDate>2016-05-31 09:33:59</PriceUpdateDate><ItemCode>7290011018283</ItemCode><ItemType>1</ItemType><ItemName>FUZA TEA משקה אפרסק</ItemName><ManufacturerName>לא ממותג</ManufacturerName><ManufactureCountry>ישראל</ManufactureCountry><ManufacturerItemDescription>תה קר FUZE TEA אפרסק 1.5</ManufacturerItemDescription><SoldByWeight/><Quantity>1500.00</Quantity><UnitOfMeasure>מ"ל</UnitOfMeasure><QtyInPackage>לא ידוע</QtyInPackage><UnitOfMeasurePrice>0.0046</UnitOfMeasurePrice><AllowDiscount>1</AllowDiscount><ItemStatus>1</ItemStatus><ItemPrice>6.90</ItemPrice></item><item><PriceUpdateDate>2016-05-31 09:33:59</PriceUpdateDate><ItemCode>7290011018306</ItemCode><ItemType>1</ItemType><ItemName>FUZA TEA דיאט אפרסק</ItemName><ManufacturerName>לא ממותג</ManufacturerName><ManufactureCountry>ישראל</ManufactureCountry><ManufacturerItemDescription>תה קר דיאט FUZE TEA אפרסק</ManufacturerItemDescription><SoldByWeight/><Quantity>1500.00</Quantity><UnitOfMeasure>מ"ל</UnitOfMeasure><QtyInPackage>לא ידוע</QtyInPackage><UnitOfMeasurePrice>0.0046</UnitOfMeasurePrice><AllowDiscount>1</AllowDiscount><ItemStatus>1</ItemStatus><ItemPrice>6.90</ItemPrice></item><item><PriceUpdateDate>2016-08-10 11:21:43</PriceUpdateDate><ItemCode>7290011018917</ItemCode><ItemType>1</ItemType><ItemName>מארז פחיות קוקה קולה</ItemName><ManufacturerName>קוקה קולה</ManufacturerName><ManufactureCountry>ישראל</ManufactureCountry><ManufacturerItemDescription>מארז פחיות קוקה קולה</ManufacturerItemDescription><SoldByWeight/><Quantity>1980.00</Quantity><UnitOfMeasure>מ"ל</UnitOfMeasure><QtyInPackage>לא ידוע</QtyInPackage><UnitOfMeasurePrice>0.0145</UnitOfMeasurePrice><AllowDiscount>1</AllowDiscount><ItemStatus>1</ItemStatus><ItemPrice>28.70</ItemPrice></item><item><PriceUpdateDate>2015-11-06 06:50:44</PriceUpdateDate><ItemCode>7290011051365</ItemCode><ItemType>1</ItemType><ItemName>שוופס סודה לימון רבי</ItemName><ManufacturerName>שוופס</ManufacturerName><ManufactureCountry>ישראל</ManufactureCountry><ManufacturerItemDescription>סודה שוופס לימון 1.5 ל</ManufacturerItemDescription><SoldByWeight/><Quantity>6000.00</Quantity><UnitOfMeasure>מ"ל</UnitOfMeasure><QtyInPackage>לא ידוע</QtyInPackage><UnitOfMeasurePrice>0.0018</UnitOfMeasurePrice><AllowDiscount>1</AllowDiscount><ItemStatus>1</ItemStatus><ItemPrice>11.00</ItemPrice></item><item><PriceUpdateDate>2016-05-31 09:31:07</PriceUpdateDate><ItemCode>7290011051372</ItemCode><ItemType>1</ItemType><ItemName>שוופס תפוח מוגז עדין</ItemName><ManufacturerName>שוופס</ManufacturerName><ManufactureCountry>ישראל</ManufactureCountry><ManufacturerItemDescription>שוופס מוגז עדין תפוח ליים</ManufacturerItemDescription><SoldByWeight/><Quantity>1500.00</Quantity><UnitOfMeasure>מ"ל</UnitOfMeasure><QtyInPackage>לא ידוע</QtyInPackage><UnitOfMeasurePrice>0.0053</UnitOfMeasurePrice><AllowDiscount>1</AllowDiscount><ItemStatus>1</ItemStatus><ItemPrice>7.90</ItemPrice></item><item><PriceUpdateDate>2016-05-31 09:31:07</PriceUpdateDate><ItemCode>7290011051389</ItemCode><ItemType>1</ItemType><ItemName>שוופס מוגז עדין פירו</ItemName><ManufacturerName>שוופס</ManufacturerName><ManufactureCountry>ישראל</ManufactureCountry><ManufacturerItemDescription>שוופס מוגז עדין פירות יער</ManufacturerItemDescription><SoldByWeight/><Quantity>1500.00</Quantity><UnitOfMeasure>מ"ל</UnitOfMeasure><QtyInPackage>לא ידוע</QtyInPackage><UnitOfMeasurePrice>0.0053</UnitOfMeasurePrice><AllowDiscount>1</AllowDiscount><ItemStatus>1</ItemStatus><ItemPrice>7.90</ItemPrice></item><item><PriceUpdateDate>2016-05-31 09:31:07</PriceUpdateDate><ItemCode>7290011051396</ItemCode><ItemType>1</ItemType><ItemName>שוופס מוגז עדין אפרס</ItemName><ManufacturerName>שוופס</ManufacturerName><ManufactureCountry>ישראל</ManufactureCountry><ManufacturerItemDescription>שוופס מוגז עדין אפרסק 1.5</ManufacturerItemDescription><SoldByWeight/><Quantity>1500.00</Quantity><UnitOfMeasure>מ"ל</UnitOfMeasure><QtyInPackage>לא ידוע</QtyInPackage><UnitOfMeasurePrice>0.0053</UnitOfMeasurePrice><AllowDiscount>1</AllowDiscount><ItemStatus>1</ItemStatus><ItemPrice>7.90</ItemPrice></item><item><PriceUpdateDate>2016-02-26 06:48:16</PriceUpdateDate><ItemCode>7290011051488</ItemCode><ItemType>1</ItemType><ItemName>ספרינג טי אפרסק 1.5</ItemName><ManufacturerName>ספרינג טי</ManufacturerName><ManufactureCountry>ישראל</ManufactureCountry><ManufacturerItemDescription>תה קר SPRING TEA אפרסק 1.</ManufacturerItemDescription><SoldByWeight/><Quantity>1500.00</Quantity><UnitOfMeasure>מ"ל</UnitOfMeasure><QtyInPackage>לא ידוע</QtyInPackage><UnitOfMeasurePrice>0.0046</UnitOfMeasurePrice><AllowDiscount>1</AllowDiscount><ItemStatus>1</ItemStatus><ItemPrice>6.90</ItemPrice></item><item><PriceUpdateDate>2016-02-26 06:48:16</PriceUpdateDate><ItemCode>7290011051495</ItemCode><ItemType>1</ItemType><ItemName>ספרינג טי תה ירוק לי</ItemName><ManufacturerName>ספרינג טי</ManufacturerName><ManufactureCountry>ישראל</ManufactureCountry><ManufacturerItemDescription>תה ירוק SPRING לימון לואי</ManufacturerItemDescription><SoldByWeight/><Quantity>1500.00</Quantity><UnitOfMeasure>מ"ל</UnitOfMeasure><QtyInPackage>לא ידוע</QtyInPackage><UnitOfMeasurePrice>0.0046</UnitOfMeasurePrice><AllowDiscount>1</AllowDiscount><ItemStatus>1</ItemStatus><ItemPrice>6.90</ItemPrice></item><item><PriceUpdateDate>2016-05-31 09:31:07</PriceUpdateDate><ItemCode>7290011051655</ItemCode><ItemType>1</ItemType><ItemName>שוופס מוגז עדין ריזל</ItemName><ManufacturerName>שוופס</ManufacturerName><ManufactureCountry>ישראל</ManufactureCountry><ManufacturerItemDescription>שוופס מוגז ענבים ריזלינג</ManufacturerItemDescription><SoldByWeight/><Quantity>1500.00</Quantity><UnitOfMeasure>מ"ל</UnitOfMeasure><QtyInPackage>לא ידוע</QtyInPackage><UnitOfMeasurePrice>0.0053</UnitOfMeasurePrice><AllowDiscount>1</AllowDiscount><ItemStatus>1</ItemStatus><ItemPrice>7.90</ItemPrice></item><item><PriceUpdateDate>2016-08-02 06:31:39</PriceUpdateDate><ItemCode>7290011081690</ItemCode><ItemType>1</ItemType><ItemName>גלידות קרמיסימו וניל</ItemName><ManufacturerName>קרמיסימו</ManufacturerName><ManufactureCountry>ישראל</ManufactureCountry><ManufacturerItemDescription>גלידות קרמיסימו וניל</ManufacturerItemDescription><SoldByWeight/><Quantity>1330.00</Quantity><UnitOfMeasure>מ"ל</UnitOfMeasure><QtyInPackage>לא ידוע</QtyInPackage><UnitOfMeasurePrice>0.0150</UnitOfMeasurePrice><AllowDiscount>1</AllowDiscount><ItemStatus>1</ItemStatus><ItemPrice>19.90</ItemPrice></item><item><PriceUpdateDate>2016-08-02 06:36:30</PriceUpdateDate><ItemCode>7290011126209</ItemCode><ItemType>1</ItemType><ItemName>מב תפוח וקינמון- סיי</ItemName><ManufacturerName>גן הקסום</ManufacturerName><ManufactureCountry>ישראל</ManufactureCountry><ManufacturerItemDescription>מב תפוח וקינמון- סיי</ManufacturerItemDescription><SoldByWeight/><Quantity>14.00</Quantity><UnitOfMeasure>גרם     </UnitOfMeasure><QtyInPackage>לא ידוע</QtyInPackage><UnitOfMeasurePrice>1.0643</UnitOfMeasurePrice><AllowDiscount>1</AllowDiscount><ItemStatus>1</ItemStatus><ItemPrice>14.90</ItemPrice></item><item><PriceUpdateDate>2016-06-27 19:06:06</PriceUpdateDate><ItemCode>7290011131371</ItemCode><ItemType>1</ItemType><ItemName>מיזלי קראנצ'י אגוזים</ItemName><ManufacturerName>גרין</ManufacturerName><ManufactureCountry>ישראל</ManufactureCountry><ManufacturerItemDescription>מיזלי שקדים     ם 1 ק"ג</ManufacturerItemDescription><SoldByWeight/><Quantity>1000.00</Quantity><UnitOfMeasure>גרם     </UnitOfMeasure><QtyInPackage>לא ידוע</QtyInPackage><UnitOfMeasurePrice>0.0285</UnitOfMeasurePrice><AllowDiscount>1</AllowDiscount><ItemStatus>1</ItemStatus><ItemPrice>28.50</ItemPrice></item><item><PriceUpdateDate>2016-06-27 19:06:06</PriceUpdateDate><ItemCode>7290011131395</ItemCode><ItemType>1</ItemType><ItemName>מיזלי קראנצ'י 30% פי</ItemName><ManufacturerName>גרין</ManufacturerName><ManufactureCountry>ישראל</ManufactureCountry><ManufacturerItemDescription>מיזלי קראנץ     ירות 1 ק</ManufacturerItemDescription><SoldByWeight/><Quantity>1000.00</Quantity><UnitOfMeasure>גרם     </UnitOfMeasure><QtyInPackage>לא ידוע</QtyInPackage><UnitOfMeasurePrice>0.0285</UnitOfMeasurePrice><AllowDiscount>1</AllowDiscount><ItemStatus>1</ItemStatus><ItemPrice>28.50</ItemPrice></item><item><PriceUpdateDate>2015-12-14 13:26:23</PriceUpdateDate><ItemCode>7290011154301</ItemCode><ItemType>1</ItemType><ItemName>ממרח תמרים 450 גרם</ItemName><ManufacturerName>תמרלית</ManufacturerName><ManufactureCountry>ישראל</ManufactureCountry><ManufacturerItemDescription>ממרח תמרים 450 גר</ManufacturerItemDescription><SoldByWeight/><Quantity>450.00</Quantity><UnitOfMeasure>גרם     </UnitOfMeasure><QtyInPackage>לא ידוע</QtyInPackage><UnitOfMeasurePrice>0.0198</UnitOfMeasurePrice><AllowDiscount>1</AllowDiscount><ItemStatus>1</ItemStatus><ItemPrice>8.90</ItemPrice></item><item><PriceUpdateDate>2015-10-13 09:48:27</PriceUpdateDate><ItemCode>7290011194215</ItemCode><ItemType>1</ItemType><ItemName>דניאלה בננה 150 מ"ל</ItemName><ManufacturerName>דניאלה</ManufacturerName><ManufactureCountry>ישראל</ManufactureCountry><ManufacturerItemDescription>דניאלה בננה 150 מ"ל</ManufacturerItemDescription><SoldByWeight/><Quantity>150.00</Quantity><UnitOfMeasure>מ"ל</UnitOfMeasure><QtyInPackage>לא ידוע</QtyInPackage><UnitOfMeasurePrice>0.0280</UnitOfMeasurePrice><AllowDiscount>1</AllowDiscount><ItemStatus>1</ItemStatus><ItemPrice>4.20</ItemPrice></item><item><PriceUpdateDate>2015-11-11 11:53:06</PriceUpdateDate><ItemCode>7290011194246</ItemCode><ItemType>1</ItemType><ItemName>קוטג' 5% 250 גרם שטר</ItemName><ManufacturerName>קוטג שטראוס</ManufacturerName><ManufactureCountry>ישראל</ManufactureCountry><ManufacturerItemDescription>קוטג+5% סידן 250 גרם</ManufacturerItemDescription><SoldByWeight/><Quantity>250.00</Quantity><UnitOfMeasure>גרם     </UnitOfMeasure><QtyInPackage>לא ידוע</QtyInPackage><UnitOfMeasurePrice>0.0236</UnitOfMeasurePrice><AllowDiscount>1</AllowDiscount><ItemStatus>1</ItemStatus><ItemPrice>5.90</ItemPrice></item><item><PriceUpdateDate>2015-12-28 07:43:27</PriceUpdateDate><ItemCode>7290011194291</ItemCode><ItemType>1</ItemType><ItemName>דנונה קפוצינו 0% 150</ItemName><ManufacturerName>דנונה</ManufacturerName><ManufactureCountry>ישראל</ManufactureCountry><ManufacturerItemDescription>דנונה קפוצינו 0% 150</ManufacturerItemDescription><SoldByWeight/><Quantity>150.00</Quantity><UnitOfMeasure>גרם     </UnitOfMeasure><QtyInPackage>לא ידוע</QtyInPackage><UnitOfMeasurePrice>0.0333</UnitOfMeasurePrice><AllowDiscount>1</AllowDiscount><ItemStatus>1</ItemStatus><ItemPrice>5.00</ItemPrice></item><item><PriceUpdateDate>2016-06-27 19:06:07</PriceUpdateDate><ItemCode>7290011223038</ItemCode><ItemType>1</ItemType><ItemName>עלים לקרמשניט 300 גר</ItemName><ManufacturerName>לא ידוע</ManufacturerName><ManufactureCountry>ישראל</ManufactureCountry><ManufacturerItemDescription>עלים לקרמשניט 300 גר</ManufacturerItemDescription><SoldByWeight/><Quantity>300.00</Quantity><UnitOfMeasure>גרם     </UnitOfMeasure><QtyInPackage>לא ידוע</QtyInPackage><UnitOfMeasurePrice>0.0537</UnitOfMeasurePrice><AllowDiscount>1</AllowDiscount><ItemStatus>1</ItemStatus><ItemPrice>16.10</ItemPrice></item><item><PriceUpdateDate>2016-05-31 09:31:08</PriceUpdateDate><ItemCode>7290011223045</ItemCode><ItemType>1</ItemType><ItemName>בישקוטים בונומי 200</ItemName><ManufacturerName>Bonomi</ManufacturerName><ManufactureCountry>איטליה</ManufactureCountry><ManufacturerItemDescription>בישקוטים בונומי 200 גרם</ManufacturerItemDescription><SoldByWeight/><Quantity>200.00</Quantity><UnitOfMeasure>גרם     </UnitOfMeasure><QtyInPackage>לא ידוע</QtyInPackage><UnitOfMeasurePrice>0.0425</UnitOfMeasurePrice><AllowDiscount>1</AllowDiscount><ItemStatus>1</ItemStatus><ItemPrice>8.50</ItemPrice></item><item><PriceUpdateDate>2016-06-06 06:47:01</PriceUpdateDate><ItemCode>7290011223205</ItemCode><ItemType>1</ItemType><ItemName>ריבת חלב 454 גרם</ItemName><ManufacturerName>דולצה דה ליצה</ManufacturerName><ManufactureCountry>ישראל</ManufactureCountry><ManufacturerItemDescription>ריבת חלב 454 גרם</ManufacturerItemDescription><SoldByWeight/><Quantity>454.00</Quantity><UnitOfMeasure>גרם     </UnitOfMeasure><QtyInPackage>לא ידוע</QtyInPackage><UnitOfMeasurePrice>0.0394</UnitOfMeasurePrice><AllowDiscount>1</AllowDiscount><ItemStatus>1</ItemStatus><ItemPrice>17.90</ItemPrice></item><item><PriceUpdateDate>2016-06-27 19:06:07</PriceUpdateDate><ItemCode>7290011223786</ItemCode><ItemType>1</ItemType><ItemName>אל סבון נוזלי פמלי ש</ItemName><ManufacturerName>פמילי</ManufacturerName><ManufactureCountry>ישראל</ManufactureCountry><ManufacturerItemDescription>אל סבון נוזלי פמלי ש</ManufacturerItemDescription><SoldByWeight/><Quantity>1500.00</Quantity><UnitOfMeasure>מ"ל</UnitOfMeasure><QtyInPackage>לא ידוע</QtyInPackage><UnitOfMeasurePrice>0.0119</UnitOfMeasurePrice><AllowDiscount>1</AllowDiscount><ItemStatus>1</ItemStatus><ItemPrice>17.90</ItemPrice></item><item><PriceUpdateDate>2016-08-10 11:22:00</PriceUpdateDate><ItemCode>7290011249090</ItemCode><ItemType>1</ItemType><ItemName>וופל בלגי בטעם שוקול</ItemName><ManufacturerName>"המותג"</ManufacturerName><ManufactureCountry>לא ידוע</ManufactureCountry><ManufacturerItemDescription>וופל בלגי בטעם שוקול</ManufacturerItemDescription><SoldByWeight/><Quantity>200.00</Quantity><UnitOfMeasure>גרם     </UnitOfMeasure><QtyInPackage>לא ידוע</QtyInPackage><UnitOfMeasurePrice>0.0220</UnitOfMeasurePrice><AllowDiscount>1</AllowDiscount><ItemStatus>1</ItemStatus><ItemPrice>4.40</ItemPrice></item><item><PriceUpdateDate>2016-08-10 11:22:00</PriceUpdateDate><ItemCode>7290011249106</ItemCode><ItemType>1</ItemType><ItemName>וופל בלגי בטעם לימון</ItemName><ManufacturerName>"המותג"</ManufacturerName><ManufactureCountry>לא ידוע</ManufactureCountry><ManufacturerItemDescription>וופל בלגי בטעם לימון</ManufacturerItemDescription><SoldByWeight/><Quantity>200.00</Quantity><UnitOfMeasure>גרם     </UnitOfMeasure><QtyInPackage>לא ידוע</QtyInPackage><UnitOfMeasurePrice>0.0220</UnitOfMeasurePrice><AllowDiscount>1</AllowDiscount><ItemStatus>1</ItemStatus><ItemPrice>4.40</ItemPrice></item><item><PriceUpdateDate>2016-06-28 06:23:52</PriceUpdateDate><ItemCode>7290011282936</ItemCode><ItemType>1</ItemType><ItemName>מב מרכך כביסה סגול</ItemName><ManufacturerName>"המותג"</ManufacturerName><ManufactureCountry>ישראל</ManufactureCountry><ManufacturerItemDescription>מב מרכך כביסה סגול</ManufacturerItemDescription><SoldByWeight/><Quantity>4000.00</Quantity><UnitOfMeasure>מ"ל</UnitOfMeasure><QtyInPackage>לא ידוע</QtyInPackage><UnitOfMeasurePrice>0.0032</UnitOfMeasurePrice><AllowDiscount>1</AllowDiscount><ItemStatus>1</ItemStatus><ItemPrice>12.90</ItemPrice></item><item><PriceUpdateDate>2016-05-01 07:23:35</PriceUpdateDate><ItemCode>7290011308780</ItemCode><ItemType>1</ItemType><ItemName>מב בייגלה טבעות שומש</ItemName><ManufacturerName>בייגל בייגל</ManufacturerName><ManufactureCountry>ישראל</ManufactureCountry><ManufacturerItemDescription>מב בייגלה טבעות שומש</ManufacturerItemDescription><SoldByWeight/><Quantity>300.00</Quantity><UnitOfMeasure>גרם     </UnitOfMeasure><QtyInPackage>לא ידוע</QtyInPackage><UnitOfMeasurePrice>0.0330</UnitOfMeasurePrice><AllowDiscount>0</AllowDiscount><ItemStatus>1</ItemStatus><ItemPrice>9.90</ItemPrice></item><item><PriceUpdateDate>2016-05-01 07:23:35</PriceUpdateDate><ItemCode>7290011378257</ItemCode><ItemType>1</ItemType><ItemName>מאגדת 6 יחידות חטיף</ItemName><ManufacturerName>בארכה</ManufacturerName><ManufactureCountry>ישראל</ManufactureCountry><ManufacturerItemDescription>מאגדת חלבה בתוספת פיסטוק</ManufacturerItemDescription><SoldByWeight/><Quantity>120.00</Quantity><UnitOfMeasure>גרם     </UnitOfMeasure><QtyInPackage>לא ידוע</QtyInPackage><UnitOfMeasurePrice>0.1158</UnitOfMeasurePrice><AllowDiscount>1</AllowDiscount><ItemStatus>1</ItemStatus><ItemPrice>13.90</ItemPrice></item><item><PriceUpdateDate>2016-05-10 16:56:12</PriceUpdateDate><ItemCode>7290011435356</ItemCode><ItemType>1</ItemType><ItemName>מעדן פטל 100% פרי 25</ItemName><ManufacturerName>יד מרדכי</ManufacturerName><ManufactureCountry>ישראל</ManufactureCountry><ManufacturerItemDescription>מעדן פטל 100% פרי 250 גרם</ManufacturerItemDescription><SoldByWeight/><Quantity>250.00</Quantity><UnitOfMeasure>גרם     </UnitOfMeasure><QtyInPackage>לא ידוע</QtyInPackage><UnitOfMeasurePrice>0.0596</UnitOfMeasurePrice><AllowDiscount>1</AllowDiscount><ItemStatus>1</ItemStatus><ItemPrice>14.90</ItemPrice></item><item><PriceUpdateDate>2015-11-12 11:29:36</PriceUpdateDate><ItemCode>7290011438142</ItemCode><ItemType>1</ItemType><ItemName>משקה חלב אייס קפה 35</ItemName><ManufacturerName>יטבתה</ManufacturerName><ManufactureCountry>ישראל</ManufactureCountry><ManufacturerItemDescription>משקה חלב קפה 350 מל</ManufacturerItemDescription><SoldByWeight/><Quantity>350.00</Quantity><UnitOfMeasure>מ"ל</UnitOfMeasure><QtyInPackage>לא ידוע</QtyInPackage><UnitOfMeasurePrice>0.0189</UnitOfMeasurePrice><AllowDiscount>1</AllowDiscount><ItemStatus>1</ItemStatus><ItemPrice>6.60</ItemPrice></item><item><PriceUpdateDate>2015-10-22 09:59:08</PriceUpdateDate><ItemCode>7290011438487</ItemCode><ItemType>1</ItemType><ItemName>מילקשייק וניל עם סיר</ItemName><ManufacturerName>יטבתה</ManufacturerName><ManufactureCountry>ישראל</ManufactureCountry><ManufacturerItemDescription>מילקשייק וניל עם סיר</ManufacturerItemDescription><SoldByWeight/><Quantity>350.00</Quantity><UnitOfMeasure>מ"ל</UnitOfMeasure><QtyInPackage>לא ידוע</QtyInPackage><UnitOfMeasurePrice>0.0203</UnitOfMeasurePrice><AllowDiscount>1</AllowDiscount><ItemStatus>1</ItemStatus><ItemPrice>7.10</ItemPrice></item><item><PriceUpdateDate>2016-03-16 13:26:07</PriceUpdateDate><ItemCode>7290011447373</ItemCode><ItemType>1</ItemType><ItemName>מטרנה מהדרין שלב 2 7</ItemName><ManufacturerName>מטרנה</ManufacturerName><ManufactureCountry>ישראל</ManufactureCountry><ManufacturerItemDescription>מטרנה מהדרין שלב 2 7</ManufacturerItemDescription><SoldByWeight/><Quantity>700.00</Quantity><UnitOfMeasure>גרם     </UnitOfMeasure><QtyInPackage>לא ידוע</QtyInPackage><UnitOfMeasurePrice>0.0741</UnitOfMeasurePrice><AllowDiscount>1</AllowDiscount><ItemStatus>1</ItemStatus><ItemPrice>51.90</ItemPrice></item><item><PriceUpdateDate>2016-03-01 06:24:41</PriceUpdateDate><ItemCode>7290011501037</ItemCode><ItemType>1</ItemType><ItemName>צימוק חום 400 גרם המ</ItemName><ManufacturerName>"המותג"</ManufacturerName><ManufactureCountry>לא ידוע</ManufactureCountry><ManufacturerItemDescription>צימוק חום 400 גרם המ</ManufacturerItemDescription><SoldByWeight/><Quantity>400.00</Quantity><UnitOfMeasure>גרם     </UnitOfMeasure><QtyInPackage>לא ידוע</QtyInPackage><UnitOfMeasurePrice>0.0298</UnitOfMeasurePrice><AllowDiscount>1</AllowDiscount><ItemStatus>1</ItemStatus><ItemPrice>11.90</ItemPrice></item><item><PriceUpdateDate>2016-03-01 07:07:38</PriceUpdateDate><ItemCode>7290011501082</ItemCode><ItemType>1</ItemType><ItemName>תמר מג'הול 400 גרם ה</ItemName><ManufacturerName>"המותג"</ManufacturerName><ManufactureCountry>לא ידוע</ManufactureCountry><ManufacturerItemDescription>תמר מג'הול 400 גרם ה</ManufacturerItemDescription><SoldByWeight/><Quantity>400.00</Quantity><UnitOfMeasure>גרם     </UnitOfMeasure><QtyInPackage>לא ידוע</QtyInPackage><UnitOfMeasurePrice>0.0348</UnitOfMeasurePrice><AllowDiscount>1</AllowDiscount><ItemStatus>1</ItemStatus><ItemPrice>13.90</ItemPrice></item><item><PriceUpdateDate>2016-04-15 11:49:42</PriceUpdateDate><ItemCode>7290011524722</ItemCode><ItemType>1</ItemType><ItemName>סטייק צ'יפס 2 ק"ג "ה</ItemName><ManufacturerName>"המותג"</ManufacturerName><ManufactureCountry>ישראל</ManufactureCountry><ManufacturerItemDescription>סטייק צ'יפס 2 ק"ג "ה</ManufacturerItemDescription><SoldByWeight/><Quantity>2000.00</Quantity><UnitOfMeasure>גרם     </UnitOfMeasure><QtyInPackage>לא ידוע</QtyInPackage><UnitOfMeasurePrice>0.0109</UnitOfMeasurePrice><AllowDiscount>1</AllowDiscount><ItemStatus>1</ItemStatus><ItemPrice>21.90</ItemPrice></item><item><PriceUpdateDate>2016-05-31 09:31:09</PriceUpdateDate><ItemCode>7290011524951</ItemCode><ItemType>1</ItemType><ItemName>פולי סויה 450 גרם</ItemName><ManufacturerName>.N.Y.C</ManufacturerName><ManufactureCountry>לא ידוע</ManufactureCountry><ManufacturerItemDescription>פולי סויה 450 גרם</ManufacturerItemDescription><SoldByWeight/><Quantity>450.00</Quantity><UnitOfMeasure>גרם     </UnitOfMeasure><QtyInPackage>לא ידוע</QtyInPackage><UnitOfMeasurePrice>0.0176</UnitOfMeasurePrice><AllowDiscount>1</AllowDiscount><ItemStatus>1</ItemStatus><ItemPrice>7.90</ItemPrice></item><item><PriceUpdateDate>2015-11-17 07:40:01</PriceUpdateDate><ItemCode>7290011587093</ItemCode><ItemType>1</ItemType><ItemName>תירס גמדי 400 גרם</ItemName><ManufacturerName>תומר</ManufacturerName><ManufactureCountry>ישראל</ManufactureCountry><ManufacturerItemDescription>תירס גמדי 400 גרם</ManufacturerItemDescription><SoldByWeight/><Quantity>200.00</Quantity><UnitOfMeasure>גרם     </UnitOfMeasure><QtyInPackage>לא ידוע</QtyInPackage><UnitOfMeasurePrice>0.0355</UnitOfMeasurePrice><AllowDiscount>1</AllowDiscount><ItemStatus>1</ItemStatus><ItemPrice>7.10</ItemPrice></item><item><PriceUpdateDate>2016-04-25 06:56:35</PriceUpdateDate><ItemCode>7290011587123</ItemCode><ItemType>1</ItemType><ItemName>קרם קוקוס 400 גרם</ItemName><ManufacturerName>תומר</ManufacturerName><ManufactureCountry>ישראל</ManufactureCountry><ManufacturerItemDescription>קרם קוקוס 400 גרם</ManufacturerItemDescription><SoldByWeight/><Quantity>400.00</Quantity><UnitOfMeasure>גרם     </UnitOfMeasure><QtyInPackage>לא ידוע</QtyInPackage><UnitOfMeasurePrice>0.0217</UnitOfMeasurePrice><AllowDiscount>1</AllowDiscount><ItemStatus>1</ItemStatus><ItemPrice>8.70</ItemPrice></item><item><PriceUpdateDate>2015-11-17 07:40:01</PriceUpdateDate><ItemCode>7290011587598</ItemCode><ItemType>1</ItemType><ItemName>פילה אנשובי 45 גרם ת</ItemName><ManufacturerName>תומר</ManufacturerName><ManufactureCountry>ישראל</ManufactureCountry><ManufacturerItemDescription>פילה אנשובי 45 גרם ת</ManufacturerItemDescription><SoldByWeight/><Quantity>45.00</Quantity><UnitOfMeasure>גרם     </UnitOfMeasure><QtyInPackage>לא ידוע</QtyInPackage><UnitOfMeasurePrice>0.1978</UnitOfMeasurePrice><AllowDiscount>1</AllowDiscount><ItemStatus>1</ItemStatus><ItemPrice>8.90</ItemPrice></item><item><PriceUpdateDate>2016-03-02 07:00:14</PriceUpdateDate><ItemCode>7290011587703</ItemCode><ItemType>1</ItemType><ItemName>ממרח עגבניות מיובשות</ItemName><ManufacturerName>לא ממותג</ManufacturerName><ManufactureCountry>ישראל</ManufactureCountry><ManufacturerItemDescription>ממרח עגבניות מיובשות</ManufacturerItemDescription><SoldByWeight/><Quantity>360.00</Quantity><UnitOfMeasure>גרם     </UnitOfMeasure><QtyInPackage>לא ידוע</QtyInPackage><UnitOfMeasurePrice>0.0386</UnitOfMeasurePrice><AllowDiscount>1</AllowDiscount><ItemStatus>1</ItemStatus><ItemPrice>13.90</ItemPrice></item><item><PriceUpdateDate>2015-11-17 07:40:01</PriceUpdateDate><ItemCode>7290011587840</ItemCode><ItemType>1</ItemType><ItemName>עגבניות מיובשות קצוצ</ItemName><ManufacturerName>תומר</ManufacturerName><ManufactureCountry>ישראל</ManufactureCountry><ManufacturerItemDescription>עגבניות מיובשות קצוצ</ManufacturerItemDescription><SoldByWeight/><Quantity>340.00</Quantity><UnitOfMeasure>גרם     </UnitOfMeasure><QtyInPackage>לא ידוע</QtyInPackage><UnitOfMeasurePrice>0.0444</UnitOfMeasurePrice><AllowDiscount>1</AllowDiscount><ItemStatus>1</ItemStatus><ItemPrice>15.10</ItemPrice></item><item><PriceUpdateDate>2015-01-27 06:48:32</PriceUpdateDate><ItemCode>7290011587857</ItemCode><ItemType>1</ItemType><ItemName>עגבניות מיובשות 250</ItemName><ManufacturerName>תומר</ManufacturerName><ManufactureCountry>ישראל</ManufactureCountry><ManufacturerItemDescription>עגבניות מיובשות 250</ManufacturerItemDescription><SoldByWeight/><Quantity>250.00</Quantity><UnitOfMeasure>גרם     </UnitOfMeasure><QtyInPackage>לא ידוע</QtyInPackage><UnitOfMeasurePrice>0.0444</UnitOfMeasurePrice><AllowDiscount>1</AllowDiscount><ItemStatus>1</ItemStatus><ItemPrice>11.10</ItemPrice></item><item><PriceUpdateDate>2015-11-17 07:40:01</PriceUpdateDate><ItemCode>7290011593087</ItemCode><ItemType>1</ItemType><ItemName>שמן זית כתית מעולה 7</ItemName><ManufacturerName>לא ממותג</ManufacturerName><ManufactureCountry>ישראל</ManufactureCountry><ManufacturerItemDescription>שמן זית כתית מעולה 750 מל</ManufacturerItemDescription><SoldByWeight/><Quantity>690.00</Quantity><UnitOfMeasure>גרם     </UnitOfMeasure><QtyInPackage>לא ידוע</QtyInPackage><UnitOfMeasurePrice>0.0546</UnitOfMeasurePrice><AllowDiscount>1</AllowDiscount><ItemStatus>1</ItemStatus><ItemPrice>37.70</ItemPrice></item><item><PriceUpdateDate>2016-05-01 07:23:35</PriceUpdateDate><ItemCode>7290011607197</ItemCode><ItemType>1</ItemType><ItemName>אבקת כביסה קולון 101</ItemName><ManufacturerName>קולון</ManufacturerName><ManufactureCountry>ישראל</ManufactureCountry><ManufacturerItemDescription>אבקת כביסה קולון 101</ManufacturerItemDescription><SoldByWeight/><Quantity>5000.00</Quantity><UnitOfMeasure>גרם     </UnitOfMeasure><QtyInPackage>לא ידוע</QtyInPackage><UnitOfMeasurePrice>0.0080</UnitOfMeasurePrice><AllowDiscount>1</AllowDiscount><ItemStatus>1</ItemStatus><ItemPrice>39.90</ItemPrice></item><item><PriceUpdateDate>2016-06-28 06:23:53</PriceUpdateDate><ItemCode>7290011668587</ItemCode><ItemType>1</ItemType><ItemName>מב גרנולה טעם עשיר 5</ItemName><ManufacturerName>לא ידוע</ManufacturerName><ManufactureCountry>ישראל</ManufactureCountry><ManufacturerItemDescription>גרנולה טעם עשיר 500 גרם</ManufacturerItemDescription><SoldByWeight/><Quantity>500.00</Quantity><UnitOfMeasure>גרם     </UnitOfMeasure><QtyInPackage>לא ידוע</QtyInPackage><UnitOfMeasurePrice>0.0458</UnitOfMeasurePrice><AllowDiscount>1</AllowDiscount><ItemStatus>1</ItemStatus><ItemPrice>22.90</ItemPrice></item><item><PriceUpdateDate>2016-02-11 07:49:24</PriceUpdateDate><ItemCode>7290011778118</ItemCode><ItemType>1</ItemType><ItemName>ביציםL בארותיים 12 י</ItemName><ManufacturerName>מן הטבע</ManufacturerName><ManufactureCountry>ישראל</ManufactureCountry><ManufacturerItemDescription>ביציםL בארותיים 12 י</ManufacturerItemDescription><SoldByWeight/><Quantity>0.00</Quantity><UnitOfMeasure>יח'</UnitOfMeasure><QtyInPackage>לא ידוע</QtyInPackage><UnitOfMeasurePrice>0.0000</UnitOfMeasurePrice><AllowDiscount>1</AllowDiscount><ItemStatus>1</ItemStatus><ItemPrice>11.45</ItemPrice></item><item><PriceUpdateDate>2016-02-11 07:49:24</PriceUpdateDate><ItemCode>7290011778132</ItemCode><ItemType>1</ItemType><ItemName>ביציםXL בארותיים 12</ItemName><ManufacturerName>מן הטבע</ManufacturerName><ManufactureCountry>ישראל</ManufactureCountry><ManufacturerItemDescription>ביציםXL בארותיים 12</ManufacturerItemDescription><SoldByWeight/><Quantity>0.00</Quantity><UnitOfMeasure>יח'</UnitOfMeasure><QtyInPackage>לא ידוע</QtyInPackage><UnitOfMeasurePrice>0.0000</UnitOfMeasurePrice><AllowDiscount>1</AllowDiscount><ItemStatus>1</ItemStatus><ItemPrice>12.50</ItemPrice></item><item><PriceUpdateDate>2016-02-11 07:49:24</PriceUpdateDate><ItemCode>7290011778200</ItemCode><ItemType>1</ItemType><ItemName>ביציםM בארותיים 30 י</ItemName><ManufacturerName>מן הטבע</ManufacturerName><ManufactureCountry>ישראל</ManufactureCountry><ManufacturerItemDescription>ביציםM בארותיים 30 י</ManufacturerItemDescription><SoldByWeight/><Quantity>0.00</Quantity><UnitOfMeasure>יח'</UnitOfMeasure><QtyInPackage>לא ידוע</QtyInPackage><UnitOfMeasurePrice>0.0000</UnitOfMeasurePrice><AllowDiscount>1</AllowDiscount><ItemStatus>1</ItemStatus><ItemPrice>26.38</ItemPrice></item><item><PriceUpdateDate>2016-08-02 06:31:41</PriceUpdateDate><ItemCode>7290011800703</ItemCode><ItemType>1</ItemType><ItemName>סלט פלפלים מרוקאים ר</ItemName><ManufacturerName>צבר</ManufacturerName><ManufactureCountry>ישראל</ManufactureCountry><ManufacturerItemDescription>סלט פלפלים מרוקאים ר</ManufacturerItemDescription><SoldByWeight/><Quantity>400.00</Quantity><UnitOfMeasure>גרם     </UnitOfMeasure><QtyInPackage>לא ידוע</QtyInPackage><UnitOfMeasurePrice>0.0413</UnitOfMeasurePrice><AllowDiscount>1</AllowDiscount><ItemStatus>1</ItemStatus><ItemPrice>16.50</ItemPrice></item><item><PriceUpdateDate>2016-08-02 06:31:41</PriceUpdateDate><ItemCode>7290011800840</ItemCode><ItemType>1</ItemType><ItemName>סלט טחינה לבנה רפי כ</ItemName><ManufacturerName>צבר</ManufacturerName><ManufactureCountry>ישראל</ManufactureCountry><ManufacturerItemDescription>טחינה לבנה רפי</ManufacturerItemDescription><SoldByWeight/><Quantity>400.00</Quantity><UnitOfMeasure>גרם     </UnitOfMeasure><QtyInPackage>לא ידוע</QtyInPackage><UnitOfMeasurePrice>0.0413</UnitOfMeasurePrice><AllowDiscount>1</AllowDiscount><ItemStatus>1</ItemStatus><ItemPrice>16.50</ItemPrice></item><item><PriceUpdateDate>2016-06-28 06:23:53</PriceUpdateDate><ItemCode>7290011877859</ItemCode><ItemType>1</ItemType><ManufacturerName>סנו</ManufacturerName><ManufactureCountry>ישראל</ManufactureCountry><ManufacturerItemDescription>פותח סתימות אינסטלטור 200</ManufacturerItemDescription><SoldByWeight/><Quantity>200.00</Quantity><UnitOfMeasure>מ"ל</UnitOfMeasure><QtyInPackage>לא ידוע</QtyInPackage><UnitOfMeasurePrice>0.0445</UnitOfMeasurePrice><AllowDiscount>1</AllowDiscount><ItemStatus>1</ItemStatus><ItemPrice>8.90</ItemPrice></item><item><PriceUpdateDate>2016-08-10 11:22:00</PriceUpdateDate><ItemCode>7290011915346</ItemCode><ItemType>1</ItemType><ItemName>טורטיות 8 יח' - 330</ItemName><ManufacturerName>"המותג"</ManufacturerName><ManufactureCountry>לא ידוע</ManufactureCountry><ManufacturerItemDescription>טורטיות 8 יח' - 330</ManufacturerItemDescription><SoldByWeight/><Quantity>330.00</Quantity><UnitOfMeasure>גרם     </UnitOfMeasure><QtyInPackage>לא ידוע</QtyInPackage><UnitOfMeasurePrice>0.0358</UnitOfMeasurePrice><AllowDiscount>1</AllowDiscount><ItemStatus>1</ItemStatus><ItemPrice>11.80</ItemPrice></item><item><PriceUpdateDate>2015-10-08 14:47:22</PriceUpdateDate><ItemCode>7290011947316</ItemCode><ItemType>1</ItemType><ItemName>זית קלמטה</ItemName><ManufacturerName>זיתא</ManufacturerName><ManufactureCountry>ישראל</ManufactureCountry><ManufacturerItemDescription>זית קלמטה</ManufacturerItemDescription><SoldByWeight/><Quantity>215.00</Quantity><UnitOfMeasure>גרם     </UnitOfMeasure><QtyInPackage>לא ידוע</QtyInPackage><UnitOfMeasurePrice>0.0786</UnitOfMeasurePrice><AllowDiscount>1</AllowDiscount><ItemStatus>1</ItemStatus><ItemPrice>16.90</ItemPrice></item><item><PriceUpdateDate>2016-08-10 11:22:00</PriceUpdateDate><ItemCode>7290011969141</ItemCode><ItemType>1</ItemType><ItemName>מגבוני בד לחים לתינו</ItemName><ManufacturerName>לא ממותג</ManufacturerName><ManufactureCountry>ישראל</ManufactureCountry><ManufacturerItemDescription>מגבון בייבי בודד</ManufacturerItemDescription><SoldByWeight/><Quantity>1.00</Quantity><UnitOfMeasure>יח'</UnitOfMeasure><QtyInPackage>לא ידוע</QtyInPackage><UnitOfMeasurePrice>4.9000</UnitOfMeasurePrice><AllowDiscount>1</AllowDiscount><ItemStatus>1</ItemStatus><ItemPrice>4.90</ItemPrice></item><item><PriceUpdateDate>2016-05-31 09:31:11</PriceUpdateDate><ItemCode>7290012001994</ItemCode><ItemType>1</ItemType><ItemName>חרדל דיג'ון גרגירים</ItemName><ManufacturerName>לא ממותג</ManufacturerName><ManufactureCountry>צרפת</ManufactureCountry><ManufacturerItemDescription>חרדל דיגון גרעינים 350 גר</ManufacturerItemDescription><SoldByWeight/><Quantity>350.00</Quantity><UnitOfMeasure>גרם     </UnitOfMeasure><QtyInPackage>לא ידוע</QtyInPackage><UnitOfMeasurePrice>0.0423</UnitOfMeasurePrice><AllowDiscount>1</AllowDiscount><ItemStatus>1</ItemStatus><ItemPrice>14.80</ItemPrice></item><item><PriceUpdateDate>2016-06-27 19:06:09</PriceUpdateDate><ItemCode>7290012019258</ItemCode><ItemType>1</ItemType><ItemName>רסק תפו''ע 4 יח*113</ItemName><ManufacturerName>לא ממותג</ManufacturerName><ManufactureCountry>ארצות הברית</ManufactureCountry><ManufacturerItemDescription>דאודורנט רקסונה טלק 50 ג</ManufacturerItemDescription><SoldByWeight/><Quantity>452.00</Quantity><UnitOfMeasure>גרם     </UnitOfMeasure><QtyInPackage>לא ידוע</QtyInPackage><UnitOfMeasurePrice>0.0332</UnitOfMeasurePrice><AllowDiscount>1</AllowDiscount><ItemStatus>1</ItemStatus><ItemPrice>15.00</ItemPrice></item><item><PriceUpdateDate>2015-01-27 06:48:32</PriceUpdateDate><ItemCode>7290012019753</ItemCode><ItemType>1</ItemType><ItemName>מיץ עגבניות 1 ליטר</ItemName><ManufacturerName>תומר</ManufacturerName><ManufactureCountry>ישראל</ManufactureCountry><ManufacturerItemDescription>מיץ עגבניות 1 ליטר</ManufacturerItemDescription><SoldByWeight/><Quantity>1000.00</Quantity><UnitOfMeasure>מ"ל</UnitOfMeasure><QtyInPackage>לא ידוע</QtyInPackage><UnitOfMeasurePrice>0.0122</UnitOfMeasurePrice><AllowDiscount>1</AllowDiscount><ItemStatus>1</ItemStatus><ItemPrice>12.20</ItemPrice></item><item><PriceUpdateDate>2016-02-08 07:25:32</PriceUpdateDate><ItemCode>7290012116735</ItemCode><ItemType>1</ItemType><ItemName>נייר טואלט סנו סופט</ItemName><ManufacturerName>סנו סופט</ManufacturerName><ManufactureCountry>ישראל</ManufactureCountry><ManufacturerItemDescription>נייר טואלט סנו סופט</ManufacturerItemDescription><SoldByWeight/><Quantity>900.00</Quantity><UnitOfMeasure>מטר</UnitOfMeasure><QtyInPackage>לא ידוע</QtyInPackage><UnitOfMeasurePrice>0.0443</UnitOfMeasurePrice><AllowDiscount>1</AllowDiscount><ItemStatus>1</ItemStatus><ItemPrice>39.90</ItemPrice></item><item><PriceUpdateDate>2016-05-31 09:31:11</PriceUpdateDate><ItemCode>7290012117534</ItemCode><ItemType>1</ItemType><ItemName>מב מרכך כביסה מקסימה</ItemName><ManufacturerName>סנו מקסימה</ManufacturerName><ManufactureCountry>ישראל</ManufactureCountry><ManufacturerItemDescription>מב מרכך כביסה מקסימה</ManufacturerItemDescription><SoldByWeight/><Quantity>1000.00</Quantity><UnitOfMeasure>מ"ל</UnitOfMeasure><QtyInPackage>לא ידוע</QtyInPackage><UnitOfMeasurePrice>0.0159</UnitOfMeasurePrice><AllowDiscount>1</AllowDiscount><ItemStatus>1</ItemStatus><ItemPrice>15.90</ItemPrice></item><item><PriceUpdateDate>2016-05-31 09:31:11</PriceUpdateDate><ItemCode>7290012117558</ItemCode><ItemType>1</ItemType><ItemName>מב מרכך כביסה מקסימה</ItemName><ManufacturerName>סנו מקסימה</ManufacturerName><ManufactureCountry>ישראל</ManufactureCountry><ManufacturerItemDescription>מקסימה מרכך כביסה מרוכז מ</ManufacturerItemDescription><SoldByWeight/><Quantity>1000.00</Quantity><UnitOfMeasure>מ"ל</UnitOfMeasure><QtyInPackage>לא ידוע</QtyInPackage><UnitOfMeasurePrice>0.0159</UnitOfMeasurePrice><AllowDiscount>1</AllowDiscount><ItemStatus>1</ItemStatus><ItemPrice>15.90</ItemPrice></item><item><PriceUpdateDate>2016-05-31 09:31:11</PriceUpdateDate><ItemCode>7290012117916</ItemCode><ItemType>1</ItemType><ItemName>סנו אינסטלטור פותח ס</ItemName><ManufacturerName>לא ידוע</ManufacturerName><ManufactureCountry>ישראל</ManufactureCountry><ManufacturerItemDescription>סנו אינסטלטור פותח ס</ManufacturerItemDescription><SoldByWeight/><Quantity>1000.00</Quantity><UnitOfMeasure>מ"ל</UnitOfMeasure><QtyInPackage>לא ידוע</QtyInPackage><UnitOfMeasurePrice>0.0299</UnitOfMeasurePrice><AllowDiscount>1</AllowDiscount><ItemStatus>1</ItemStatus><ItemPrice>29.90</ItemPrice></item><item><PriceUpdateDate>2016-06-28 06:23:53</PriceUpdateDate><ItemCode>7290012151958</ItemCode><ItemType>1</ItemType><ItemName>מב אקונומיקה כחול 4</ItemName><ManufacturerName>"המותג"</ManufacturerName><ManufactureCountry>ישראל</ManufactureCountry><ManufacturerItemDescription>מב אקונומיקה כחול 4</ManufacturerItemDescription><SoldByWeight/><Quantity>4000.00</Quantity><UnitOfMeasure>מ"ל</UnitOfMeasure><QtyInPackage>לא ידוע</QtyInPackage><UnitOfMeasurePrice>0.0022</UnitOfMeasurePrice><AllowDiscount>1</AllowDiscount><ItemStatus>1</ItemStatus><ItemPrice>8.90</ItemPrice></item><item><PriceUpdateDate>2015-01-27 06:49:13</PriceUpdateDate><ItemCode>7290012173103</ItemCode><ItemType>1</ItemType><ItemName>סוכריות אולסורט 150</ItemName><ManufacturerName>זארובי</ManufacturerName><ManufactureCountry>ישראל</ManufactureCountry><ManufacturerItemDescription>סוכריות אולסורט 150</ManufacturerItemDescription><SoldByWeight/><Quantity>150.00</Quantity><UnitOfMeasure>גרם     </UnitOfMeasure><QtyInPackage>לא ידוע</QtyInPackage><UnitOfMeasurePrice>0.0607</UnitOfMeasurePrice><AllowDiscount>1</AllowDiscount><ItemStatus>1</ItemStatus><ItemPrice>9.10</ItemPrice></item><item><PriceUpdateDate>2016-05-15 07:09:27</PriceUpdateDate><ItemCode>7290012173141</ItemCode><ItemType>1</ItemType><ItemName>מיקס חמוציות פקאן טב</ItemName><ManufacturerName>זארובי</ManufacturerName><ManufactureCountry>ישראל</ManufactureCountry><ManufacturerItemDescription>מיקס חמוציות פקאן טב</ManufacturerItemDescription><SoldByWeight/><Quantity>170.00</Quantity><UnitOfMeasure>גרם     </UnitOfMeasure><QtyInPackage>לא ידוע</QtyInPackage><UnitOfMeasurePrice>0.0759</UnitOfMeasurePrice><AllowDiscount>1</AllowDiscount><ItemStatus>1</ItemStatus><ItemPrice>12.90</ItemPrice></item><item><PriceUpdateDate>2015-01-27 06:49:13</PriceUpdateDate><ItemCode>7290012173264</ItemCode><ItemType>1</ItemType><ItemName>משמש 350 גרם</ItemName><ManufacturerName>זארובי</ManufacturerName><ManufactureCountry>ישראל</ManufactureCountry><ManufacturerItemDescription>משמש 350 גרם</ManufacturerItemDescription><SoldByWeight/><Quantity>350.00</Quantity><UnitOfMeasure>גרם     </UnitOfMeasure><QtyInPackage>לא ידוע</QtyInPackage><UnitOfMeasurePrice>0.0369</UnitOfMeasurePrice><AllowDiscount>1</AllowDiscount><ItemStatus>1</ItemStatus><ItemPrice>12.90</ItemPrice></item><item><PriceUpdateDate>2015-01-27 06:49:13</PriceUpdateDate><ItemCode>7290012173608</ItemCode><ItemType>1</ItemType><ItemName>סוכריות תותי פרוטי 1</ItemName><ManufacturerName>זארובי</ManufacturerName><ManufactureCountry>ישראל</ManufactureCountry><ManufacturerItemDescription>סוכריות תותי פרוטי 1</ManufacturerItemDescription><SoldByWeight/><Quantity>150.00</Quantity><UnitOfMeasure>גרם     </UnitOfMeasure><QtyInPackage>לא ידוע</QtyInPackage><UnitOfMeasurePrice>0.0673</UnitOfMeasurePrice><AllowDiscount>1</AllowDiscount><ItemStatus>1</ItemStatus><ItemPrice>10.10</ItemPrice></item><item><PriceUpdateDate>2015-01-27 06:49:13</PriceUpdateDate><ItemCode>7290012173615</ItemCode><ItemType>1</ItemType><ItemName>פקאן סיני 150 גרם</ItemName><ManufacturerName>זארובי</ManufacturerName><ManufactureCountry>ישראל</ManufactureCountry><ManufacturerItemDescription>פקאן סיני 150 גרם</ManufacturerItemDescription><SoldByWeight/><Quantity>150.00</Quantity><UnitOfMeasure>גרם     </UnitOfMeasure><QtyInPackage>לא ידוע</QtyInPackage><UnitOfMeasurePrice>0.0993</UnitOfMeasurePrice><AllowDiscount>1</AllowDiscount><ItemStatus>1</ItemStatus><ItemPrice>14.90</ItemPrice></item><item><PriceUpdateDate>2015-11-17 14:35:42</PriceUpdateDate><ItemCode>7290012173660</ItemCode><ItemType>1</ItemType><ItemName>סוכריות תקליט שחור 1</ItemName><ManufacturerName>זארובי</ManufacturerName><ManufactureCountry>ישראל</ManufactureCountry><ManufacturerItemDescription>סוכריות תקליט שחור 1</ManufacturerItemDescription><SoldByWeight/><Quantity>120.00</Quantity><UnitOfMeasure>גרם     </UnitOfMeasure><QtyInPackage>לא ידוע</QtyInPackage><UnitOfMeasurePrice>0.0592</UnitOfMeasurePrice><AllowDiscount>1</AllowDiscount><ItemStatus>1</ItemStatus><ItemPrice>7.10</ItemPrice></item><item><PriceUpdateDate>2015-11-17 14:35:42</PriceUpdateDate><ItemCode>7290012173684</ItemCode><ItemType>1</ItemType><ItemName>סוכריות גומי בננה 10</ItemName><ManufacturerName>זארובי</ManufacturerName><ManufactureCountry>ישראל</ManufactureCountry><ManufacturerItemDescription>סוכריות גומי בננה 10</ManufacturerItemDescription><SoldByWeight/><Quantity>100.00</Quantity><UnitOfMeasure>גרם     </UnitOfMeasure><QtyInPackage>לא ידוע</QtyInPackage><UnitOfMeasurePrice>0.0710</UnitOfMeasurePrice><AllowDiscount>1</AllowDiscount><ItemStatus>1</ItemStatus><ItemPrice>7.10</ItemPrice></item><item><PriceUpdateDate>2015-01-27 06:49:13</PriceUpdateDate><ItemCode>7290012173820</ItemCode><ItemType>1</ItemType><ItemName>פיסטוק קלוי 150 גרם</ItemName><ManufacturerName>זארובי</ManufacturerName><ManufactureCountry>ישראל</ManufactureCountry><ManufacturerItemDescription>פיסטוק קלוי 150 גרם</ManufacturerItemDescription><SoldByWeight/><Quantity>150.00</Quantity><UnitOfMeasure>גרם     </UnitOfMeasure><QtyInPackage>לא ידוע</QtyInPackage><UnitOfMeasurePrice>0.0993</UnitOfMeasurePrice><AllowDiscount>1</AllowDiscount><ItemStatus>1</ItemStatus><ItemPrice>14.90</ItemPrice></item><item><PriceUpdateDate>2015-10-23 07:50:29</PriceUpdateDate><ItemCode>7290012173912</ItemCode><ItemType>1</ItemType><ItemName>חמוציות 300 גרם</ItemName><ManufacturerName>זארובי</ManufacturerName><ManufactureCountry>ישראל</ManufactureCountry><ManufacturerItemDescription>חמוציות 300 גרם</ManufacturerItemDescription><SoldByWeight/><Quantity>300.00</Quantity><UnitOfMeasure>גרם     </UnitOfMeasure><QtyInPackage>לא ידוע</QtyInPackage><UnitOfMeasurePrice>0.0430</UnitOfMeasurePrice><AllowDiscount>1</AllowDiscount><ItemStatus>1</ItemStatus><ItemPrice>12.90</ItemPrice></item><item><PriceUpdateDate>2016-05-31 09:31:11</PriceUpdateDate><ItemCode>7290012193125</ItemCode><ItemType>1</ItemType><ItemName>מרמולייט סוכרלוז 150</ItemName><ManufacturerName>מרמולייט</ManufacturerName><ManufactureCountry>ישראל</ManufactureCountry><ManufacturerItemDescription>סוכרלוז מרמולייט 150 יחיד</ManufacturerItemDescription><SoldByWeight/><Quantity>150.00</Quantity><UnitOfMeasure>גרם     </UnitOfMeasure><QtyInPackage>לא ידוע</QtyInPackage><UnitOfMeasurePrice>0.1993</UnitOfMeasurePrice><AllowDiscount>1</AllowDiscount><ItemStatus>1</ItemStatus><ItemPrice>29.90</ItemPrice></item><item><PriceUpdateDate>2016-08-02 06:31:42</PriceUpdateDate><ItemCode>7290012193163</ItemCode><ItemType>1</ItemType><ItemName>מב אל סבון נוזלי פמל</ItemName><ManufacturerName>פמילי</ManufacturerName><ManufactureCountry>ישראל</ManufactureCountry><ManufacturerItemDescription>מב אל סבון נוזלי פמל</ManufacturerItemDescription><SoldByWeight/><Quantity>1000.00</Quantity><UnitOfMeasure>מ"ל</UnitOfMeasure><QtyInPackage>לא ידוע</QtyInPackage><UnitOfMeasurePrice>0.0129</UnitOfMeasurePrice><AllowDiscount>1</AllowDiscount><ItemStatus>1</ItemStatus><ItemPrice>12.90</ItemPrice></item><item><PriceUpdateDate>2016-08-02 06:36:32</PriceUpdateDate><ItemCode>7290012226120</ItemCode><ItemType>1</ItemType><ItemName>מב קבנוס 135 גרם</ItemName><ManufacturerName>זוגלובק</ManufacturerName><ManufactureCountry>ישראל</ManufactureCountry><ManufacturerItemDescription>קבנוס 135 גרם</ManufacturerItemDescription><SoldByWeight/><Quantity>135.00</Quantity><UnitOfMeasure>גרם     </UnitOfMeasure><QtyInPackage>לא ידוע</QtyInPackage><UnitOfMeasurePrice>0.0659</UnitOfMeasurePrice><AllowDiscount>1</AllowDiscount><ItemStatus>1</ItemStatus><ItemPrice>8.90</ItemPrice></item><item><PriceUpdateDate>2016-08-02 06:36:32</PriceUpdateDate><ItemCode>7290012226922</ItemCode><ItemType>1</ItemType><ItemName>מב קבנוס בטעם שום 13</ItemName><ManufacturerName>זוגלובק</ManufacturerName><ManufactureCountry>ישראל</ManufactureCountry><ManufacturerItemDescription>קבנוס עם שום 135 גר</ManufacturerItemDescription><SoldByWeight/><Quantity>135.00</Quantity><UnitOfMeasure>גרם     </UnitOfMeasure><QtyInPackage>לא ידוע</QtyInPackage><UnitOfMeasurePrice>0.0659</UnitOfMeasurePrice><AllowDiscount>1</AllowDiscount><ItemStatus>1</ItemStatus><ItemPrice>8.90</ItemPrice></item><item><PriceUpdateDate>2016-08-02 06:36:32</PriceUpdateDate><ItemCode>7290012226939</ItemCode><ItemType>1</ItemType><ItemName>מב קבנוס בטעם צ'ילי</ItemName><ManufacturerName>זוגלובק</ManufacturerName><ManufactureCountry>ישראל</ManufactureCountry><ManufacturerItemDescription>קבנוס עם צלי חריף 135 גר</ManufacturerItemDescription><SoldByWeight/><Quantity>135.00</Quantity><UnitOfMeasure>גרם     </UnitOfMeasure><QtyInPackage>לא ידוע</QtyInPackage><UnitOfMeasurePrice>0.0659</UnitOfMeasurePrice><AllowDiscount>1</AllowDiscount><ItemStatus>1</ItemStatus><ItemPrice>8.90</ItemPrice></item><item><PriceUpdateDate>2016-05-31 09:34:02</PriceUpdateDate><ItemCode>7290012227905</ItemCode><ItemType>1</ItemType><ItemName>המבורגר מסעדות 360 ג</ItemName><ManufacturerName>זוגלובק</ManufacturerName><ManufactureCountry>ישראל</ManufactureCountry><ManufacturerItemDescription>המבורגר זהב 400 גר</ManufacturerItemDescription><SoldByWeight/><Quantity>360.00</Quantity><UnitOfMeasure>גרם     </UnitOfMeasure><QtyInPackage>לא ידוע</QtyInPackage><UnitOfMeasurePrice>0.0553</UnitOfMeasurePrice><AllowDiscount>1</AllowDiscount><ItemStatus>1</ItemStatus><ItemPrice>19.90</ItemPrice></item><item><PriceUpdateDate>2015-10-13 09:48:29</PriceUpdateDate><ItemCode>7290012275401</ItemCode><ItemType>1</ItemType><ItemName>בירה מולר 500 מ"ל בק</ItemName><ManufacturerName>לא ממותג</ManufacturerName><ManufactureCountry>פולין</ManufactureCountry><ManufacturerItemDescription>בירה מולר 500 מל</ManufacturerItemDescription><SoldByWeight/><Quantity>500.00</Quantity><UnitOfMeasure>מ"ל</UnitOfMeasure><QtyInPackage>לא ידוע</QtyInPackage><UnitOfMeasurePrice>0.0122</UnitOfMeasurePrice><AllowDiscount>1</AllowDiscount><ItemStatus>1</ItemStatus><ItemPrice>6.10</ItemPrice></item><item><PriceUpdateDate>2016-03-24 06:59:31</PriceUpdateDate><ItemCode>7290012309519</ItemCode><ItemType>1</ItemType><ItemName>אגוז מלך גרוס 100 גר</ItemName><ManufacturerName>"המותג"</ManufacturerName><ManufactureCountry>לא ידוע</ManufactureCountry><ManufacturerItemDescription>אגוז מלך גרוס 100 גר</ManufacturerItemDescription><SoldByWeight/><Quantity>100.00</Quantity><UnitOfMeasure>גרם     </UnitOfMeasure><QtyInPackage>לא ידוע</QtyInPackage><UnitOfMeasurePrice>0.1190</UnitOfMeasurePrice><AllowDiscount>1</AllowDiscount><ItemStatus>1</ItemStatus><ItemPrice>11.90</ItemPrice></item><item><PriceUpdateDate>2016-05-01 07:23:36</PriceUpdateDate><ItemCode>7290012309540</ItemCode><ItemType>1</ItemType><ItemName>שקד מולבן משובב 100</ItemName><ManufacturerName>"המותג"</ManufacturerName><ManufactureCountry>לא ידוע</ManufactureCountry><ManufacturerItemDescription>שקד מולבן משובב 100</ManufacturerItemDescription><SoldByWeight/><Quantity>100.00</Quantity><UnitOfMeasure>גרם     </UnitOfMeasure><QtyInPackage>לא ידוע</QtyInPackage><UnitOfMeasurePrice>0.1190</UnitOfMeasurePrice><AllowDiscount>1</AllowDiscount><ItemStatus>1</ItemStatus><ItemPrice>11.90</ItemPrice></item><item><PriceUpdateDate>2015-12-04 07:07:56</PriceUpdateDate><ItemCode>7290012317255</ItemCode><ItemType>1</ItemType><ItemName>קובה ירושלמי למרק 1</ItemName><ManufacturerName>יסמין</ManufacturerName><ManufactureCountry>ישראל</ManufactureCountry><ManufacturerItemDescription>קובה ירושלמי למרק 1</ManufacturerItemDescription><SoldByWeight/><Quantity>1000.00</Quantity><UnitOfMeasure>גרם     </UnitOfMeasure><QtyInPackage>לא ידוע</QtyInPackage><UnitOfMeasurePrice>0.0449</UnitOfMeasurePrice><AllowDiscount>1</AllowDiscount><ItemStatus>1</ItemStatus><ItemPrice>44.90</ItemPrice></item><item><PriceUpdateDate>2016-08-02 06:36:33</PriceUpdateDate><ItemCode>7290012333675</ItemCode><ItemType>1</ItemType><ItemName>מב מיזלי פריך עם צימ</ItemName><ManufacturerName>"המותג"</ManufacturerName><ManufactureCountry>לא ידוע</ManufactureCountry><ManufacturerItemDescription>מב מיזלי פריך עם צימ</ManufacturerItemDescription><SoldByWeight/><Quantity>375.00</Quantity><UnitOfMeasure>גרם     </UnitOfMeasure><QtyInPackage>לא ידוע</QtyInPackage><UnitOfMeasurePrice>0.0317</UnitOfMeasurePrice><AllowDiscount>1</AllowDiscount><ItemStatus>1</ItemStatus><ItemPrice>11.90</ItemPrice></item><item><PriceUpdateDate>2016-06-20 17:04:07</PriceUpdateDate><ItemCode>7290012333866</ItemCode><ItemType>1</ItemType><ItemName>פסטה בצורת כובע 500</ItemName><ManufacturerName>"המותג"</ManufacturerName><ManufactureCountry>איטליה</ManufactureCountry><ManufacturerItemDescription>ג'לי קולה       25 גרם</ManufacturerItemDescription><SoldByWeight/><Quantity>500.00</Quantity><UnitOfMeasure>גרם     </UnitOfMeasure><QtyInPackage>לא ידוע</QtyInPackage><UnitOfMeasurePrice>0.0078</UnitOfMeasurePrice><AllowDiscount>1</AllowDiscount><ItemStatus>1</ItemStatus><ItemPrice>3.90</ItemPrice></item><item><PriceUpdateDate>2016-06-20 17:04:07</PriceUpdateDate><ItemCode>7290012333910</ItemCode><ItemType>1</ItemType><ItemName>פסטה בצורת צדף 500 ג</ItemName><ManufacturerName>"המותג"</ManufacturerName><ManufactureCountry>איטליה</ManufactureCountry><ManufacturerItemDescription>ג'לי קולה       25 גרם</ManufacturerItemDescription><SoldByWeight/><Quantity>500.00</Quantity><UnitOfMeasure>גרם     </UnitOfMeasure><QtyInPackage>לא ידוע</QtyInPackage><UnitOfMeasurePrice>0.0078</UnitOfMeasurePrice><AllowDiscount>1</AllowDiscount><ItemStatus>1</ItemStatus><ItemPrice>3.90</ItemPrice></item><item><PriceUpdateDate>2016-06-20 17:04:08</PriceUpdateDate><ItemCode>7290012333965</ItemCode><ItemType>1</ItemType><ItemName>פסטה בצורה מסולסלת ג</ItemName><ManufacturerName>"המותג"</ManufacturerName><ManufactureCountry>איטליה</ManufactureCountry><ManufacturerItemDescription>ג'לי קולה       25 גרם</ManufacturerItemDescription><SoldByWeight/><Quantity>500.00</Quantity><UnitOfMeasure>גרם     </UnitOfMeasure><QtyInPackage>לא ידוע</QtyInPackage><UnitOfMeasurePrice>0.0078</UnitOfMeasurePrice><AllowDiscount>1</AllowDiscount><ItemStatus>1</ItemStatus><ItemPrice>3.90</ItemPrice></item><item><PriceUpdateDate>2016-05-31 09:31:12</PriceUpdateDate><ItemCode>7290012404160</ItemCode><ItemType>1</ItemType><ItemName>שוופס פרוט אשכולית א</ItemName><ManufacturerName>שוופס</ManufacturerName><ManufactureCountry>ישראל</ManufactureCountry><ManufacturerItemDescription>שוופס פירות אשכולית אדומה</ManufacturerItemDescription><SoldByWeight/><Quantity>1500.00</Quantity><UnitOfMeasure>מ"ל</UnitOfMeasure><QtyInPackage>לא ידוע</QtyInPackage><UnitOfMeasurePrice>0.0053</UnitOfMeasurePrice><AllowDiscount>1</AllowDiscount><ItemStatus>1</ItemStatus><ItemPrice>7.90</ItemPrice></item><item><PriceUpdateDate>2015-11-17 14:35:43</PriceUpdateDate><ItemCode>7290012522581</ItemCode><ItemType>1</ItemType><ItemName>טבעול שניצל תירס ללא</ItemName><ManufacturerName>טבעול</ManufacturerName><ManufactureCountry>ישראל</ManufactureCountry><ManufacturerItemDescription>שניצל תירס ללא גלוטן 660</ManufacturerItemDescription><SoldByWeight/><Quantity>664.00</Quantity><UnitOfMeasure>גרם     </UnitOfMeasure><QtyInPackage>לא ידוע</QtyInPackage><UnitOfMeasurePrice>0.0361</UnitOfMeasurePrice><AllowDiscount>1</AllowDiscount><ItemStatus>1</ItemStatus><ItemPrice>24.00</ItemPrice></item><item><PriceUpdateDate>2015-11-17 14:35:43</PriceUpdateDate><ItemCode>7290012522734</ItemCode><ItemType>1</ItemType><ItemName>טבעול טחון מן הצומח</ItemName><ManufacturerName>טבעול</ManufacturerName><ManufactureCountry>ישראל</ManufactureCountry><ManufacturerItemDescription>טבעול טחון מן הצומח</ManufacturerItemDescription><SoldByWeight/><Quantity>400.00</Quantity><UnitOfMeasure>גרם     </UnitOfMeasure><QtyInPackage>לא ידוע</QtyInPackage><UnitOfMeasurePrice>0.0672</UnitOfMeasurePrice><AllowDiscount>1</AllowDiscount><ItemStatus>1</ItemStatus><ItemPrice>26.90</ItemPrice></item><item><PriceUpdateDate>2015-11-17 14:35:43</PriceUpdateDate><ItemCode>7290012642364</ItemCode><ItemType>1</ItemType><ItemName>פלפל ממולא באורז באו</ItemName><ManufacturerName>תומר</ManufacturerName><ManufactureCountry>ישראל</ManufactureCountry><ManufacturerItemDescription>פלפל ממולא באורז באו</ManufacturerItemDescription><SoldByWeight/><Quantity>400.00</Quantity><UnitOfMeasure>גרם     </UnitOfMeasure><QtyInPackage>לא ידוע</QtyInPackage><UnitOfMeasurePrice>0.0380</UnitOfMeasurePrice><AllowDiscount>1</AllowDiscount><ItemStatus>1</ItemStatus><ItemPrice>15.20</ItemPrice></item><item><PriceUpdateDate>2015-10-20 14:59:36</PriceUpdateDate><ItemCode>7290012642586</ItemCode><ItemType>1</ItemType><ItemName>ערמונים קלופים 100 ג</ItemName><ManufacturerName>לא ממותג</ManufacturerName><ManufactureCountry>ישראל</ManufactureCountry><ManufacturerItemDescription>ערמונים קלופים 100 ג</ManufacturerItemDescription><SoldByWeight/><Quantity>100.00</Quantity><UnitOfMeasure>גרם     </UnitOfMeasure><QtyInPackage>לא ידוע</QtyInPackage><UnitOfMeasurePrice>0.0740</UnitOfMeasurePrice><AllowDiscount>1</AllowDiscount><ItemStatus>1</ItemStatus><ItemPrice>7.40</ItemPrice></item><item><PriceUpdateDate>2015-10-22 09:59:10</PriceUpdateDate><ItemCode>7290012696824</ItemCode><ItemType>1</ItemType><ItemName>זוג שקיות אוכל בקופס</ItemName><ManufacturerName>"המותג"</ManufacturerName><ManufactureCountry>ישראל</ManufactureCountry><ManufacturerItemDescription>זוג שקיות אוכל בקופס</ManufacturerItemDescription><SoldByWeight/><Quantity>300.00</Quantity><UnitOfMeasure>יח'</UnitOfMeasure><QtyInPackage>לא ידוע</QtyInPackage><UnitOfMeasurePrice>0.0373</UnitOfMeasurePrice><AllowDiscount>1</AllowDiscount><ItemStatus>1</ItemStatus><ItemPrice>11.20</ItemPrice></item><item><PriceUpdateDate>2015-12-01 06:47:57</PriceUpdateDate><ItemCode>7290012823541</ItemCode><ItemType>1</ItemType><ItemName>ריצפז פרש מטליות ריצ</ItemName><ManufacturerName>ריצפז</ManufacturerName><ManufactureCountry>ישראל</ManufactureCountry><ManufacturerItemDescription>ריצפז מטליות לחות לרצפה 1</ManufacturerItemDescription><SoldByWeight/><Quantity>10.00</Quantity><UnitOfMeasure>בודד</UnitOfMeasure><QtyInPackage>לא ידוע</QtyInPackage><UnitOfMeasurePrice>1.7700</UnitOfMeasurePrice><AllowDiscount>1</AllowDiscount><ItemStatus>1</ItemStatus><ItemPrice>17.70</ItemPrice></item><item><PriceUpdateDate>2016-06-27 19:06:11</PriceUpdateDate><ItemCode>7290012823558</ItemCode><ItemType>1</ItemType><ItemName>סנו סושי מגבונים לרי</ItemName><ManufacturerName>סנו סושי</ManufacturerName><ManufactureCountry>ישראל</ManufactureCountry><ManufacturerItemDescription>סנו סושי מטליות לחות לריצ</ManufacturerItemDescription><SoldByWeight/><Quantity>10.00</Quantity><UnitOfMeasure>בודד</UnitOfMeasure><QtyInPackage>לא ידוע</QtyInPackage><UnitOfMeasurePrice>1.2900</UnitOfMeasurePrice><AllowDiscount>1</AllowDiscount><ItemStatus>1</ItemStatus><ItemPrice>12.90</ItemPrice></item><item><PriceUpdateDate>2016-08-10 11:22:00</PriceUpdateDate><ItemCode>7290012899065</ItemCode><ItemType>1</ItemType><ItemName>מלפפון במלח 7-9 A2 ה</ItemName><ManufacturerName>"המותג"</ManufacturerName><ManufactureCountry>ישראל</ManufactureCountry><ManufacturerItemDescription>מלפפון במלח 7-9 A2 ה</ManufacturerItemDescription><SoldByWeight/><Quantity>540.00</Quantity><UnitOfMeasure>גרם     </UnitOfMeasure><QtyInPackage>לא ידוע</QtyInPackage><UnitOfMeasurePrice>0.0100</UnitOfMeasurePrice><AllowDiscount>1</AllowDiscount><ItemStatus>1</ItemStatus><ItemPrice>5.40</ItemPrice></item><item><PriceUpdateDate>2016-03-16 13:26:07</PriceUpdateDate><ItemCode>7290012899096</ItemCode><ItemType>1</ItemType><ItemName>מלפפון 10-12 במלח המ</ItemName><ManufacturerName>"המותג"</ManufacturerName><ManufactureCountry>ישראל</ManufactureCountry><ManufacturerItemDescription>מלפפון 10-12 במלח המ</ManufacturerItemDescription><SoldByWeight/><Quantity>540.00</Quantity><UnitOfMeasure>גרם     </UnitOfMeasure><QtyInPackage>לא ידוע</QtyInPackage><UnitOfMeasurePrice>0.0109</UnitOfMeasurePrice><AllowDiscount>1</AllowDiscount><ItemStatus>1</ItemStatus><ItemPrice>5.90</ItemPrice></item><item><PriceUpdateDate>2016-03-16 13:26:07</PriceUpdateDate><ItemCode>7290012899102</ItemCode><ItemType>1</ItemType><ItemName>מלפפון 10-12 בחומץ ה</ItemName><ManufacturerName>"המותג"</ManufacturerName><ManufactureCountry>ישראל</ManufactureCountry><ManufacturerItemDescription>מלפפון 10-12 בחומץ ה</ManufacturerItemDescription><SoldByWeight/><Quantity>540.00</Quantity><UnitOfMeasure>גרם     </UnitOfMeasure><QtyInPackage>לא ידוע</QtyInPackage><UnitOfMeasurePrice>0.0109</UnitOfMeasurePrice><AllowDiscount>1</AllowDiscount><ItemStatus>1</ItemStatus><ItemPrice>5.90</ItemPrice></item><item><PriceUpdateDate>2015-11-17 14:35:45</PriceUpdateDate><ItemCode>7290012899157</ItemCode><ItemType>1</ItemType><ItemName>זיתים מבוקעים 560 גר</ItemName><ManufacturerName>"המותג"</ManufacturerName><ManufactureCountry>ישראל</ManufactureCountry><ManufacturerItemDescription>זיתים מבוקעים 560 גר</ManufacturerItemDescription><SoldByWeight/><Quantity>560.00</Quantity><UnitOfMeasure>גרם     </UnitOfMeasure><QtyInPackage>לא ידוע</QtyInPackage><UnitOfMeasurePrice>0.0130</UnitOfMeasurePrice><AllowDiscount>1</AllowDiscount><ItemStatus>1</ItemStatus><ItemPrice>7.30</ItemPrice></item><item><PriceUpdateDate>2015-06-01 13:44:52</PriceUpdateDate><ItemCode>7290012899164</ItemCode><ItemType>1</ItemType><ItemName>זיתים ללא גלעין 560</ItemName><ManufacturerName>"המותג"</ManufacturerName><ManufactureCountry>ישראל</ManufactureCountry><ManufacturerItemDescription>זיתים ללא גלעין 560</ManufacturerItemDescription><SoldByWeight/><Quantity>560.00</Quantity><UnitOfMeasure>גרם     </UnitOfMeasure><QtyInPackage>לא ידוע</QtyInPackage><UnitOfMeasurePrice>0.0141</UnitOfMeasurePrice><AllowDiscount>1</AllowDiscount><ItemStatus>1</ItemStatus><ItemPrice>7.90</ItemPrice></item><item><PriceUpdateDate>2016-03-16 13:26:07</PriceUpdateDate><ItemCode>7290012899294</ItemCode><ItemType>1</ItemType><ItemName>חריסה 545 גרם המותג</ItemName><ManufacturerName>"המותג"</ManufacturerName><ManufactureCountry>ישראל</ManufactureCountry><ManufacturerItemDescription>חריסה 545 גרם המותג</ManufacturerItemDescription><SoldByWeight/><Quantity>545.00</Quantity><UnitOfMeasure>גרם     </UnitOfMeasure><QtyInPackage>לא ידוע</QtyInPackage><UnitOfMeasurePrice>0.0108</UnitOfMeasurePrice><AllowDiscount>1</AllowDiscount><ItemStatus>1</ItemStatus><ItemPrice>5.90</ItemPrice></item><item><PriceUpdateDate>2016-08-02 06:36:33</PriceUpdateDate><ItemCode>7290012901232</ItemCode><ItemType>1</ItemType><ItemName>מב חמאת בוטנים קרימי</ItemName><ManufacturerName>לא ממותג</ManufacturerName><ManufactureCountry>ישראל</ManufactureCountry><ManufacturerItemDescription>מב חמאת בוטנים קרימי</ManufacturerItemDescription><SoldByWeight/><Quantity>510.00</Quantity><UnitOfMeasure>גרם     </UnitOfMeasure><QtyInPackage>לא ידוע</QtyInPackage><UnitOfMeasurePrice>0.0273</UnitOfMeasurePrice><AllowDiscount>1</AllowDiscount><ItemStatus>1</ItemStatus><ItemPrice>13.90</ItemPrice></item><item><PriceUpdateDate>2016-06-27 19:06:11</PriceUpdateDate><ItemCode>7290012931338</ItemCode><ItemType>1</ItemType><ItemName>שלישיית מטליות מיקרו</ItemName><ManufacturerName>"המותג"</ManufacturerName><ManufactureCountry>ישראל</ManufactureCountry><ManufacturerItemDescription>שלישיית מטליות מיקרו</ManufacturerItemDescription><SoldByWeight/><Quantity>3.00</Quantity><UnitOfMeasure>יח'</UnitOfMeasure><QtyInPackage>לא ידוע</QtyInPackage><UnitOfMeasurePrice>8.3000</UnitOfMeasurePrice><AllowDiscount>1</AllowDiscount><ItemStatus>1</ItemStatus><ItemPrice>24.90</ItemPrice></item><item><PriceUpdateDate>2015-10-15 07:17:42</PriceUpdateDate><ItemCode>7290012931376</ItemCode><ItemType>1</ItemType><ItemName>אטבי כביסה הדור החדש</ItemName><ManufacturerName>"המותג"</ManufacturerName><ManufactureCountry>ישראל</ManufactureCountry><ManufacturerItemDescription>אטבי כביסה הדור החדש</ManufacturerItemDescription><SoldByWeight/><Quantity>10.00</Quantity><UnitOfMeasure>יח'</UnitOfMeasure><QtyInPackage>לא ידוע</QtyInPackage><UnitOfMeasurePrice>0.6900</UnitOfMeasurePrice><AllowDiscount>1</AllowDiscount><ItemStatus>1</ItemStatus><ItemPrice>6.90</ItemPrice></item><item><PriceUpdateDate>2015-10-15 07:17:42</PriceUpdateDate><ItemCode>7290012931833</ItemCode><ItemType>1</ItemType><ItemName>נייר טואלט לח שלישיי</ItemName><ManufacturerName>"המותג"</ManufacturerName><ManufactureCountry>ישראל</ManufactureCountry><ManufacturerItemDescription>נייר טואלט לח שלישיי</ManufacturerItemDescription><SoldByWeight/><Quantity>3.00</Quantity><UnitOfMeasure>יח'</UnitOfMeasure><QtyInPackage>לא ידוע</QtyInPackage><UnitOfMeasurePrice>4.3000</UnitOfMeasurePrice><AllowDiscount>1</AllowDiscount><ItemStatus>1</ItemStatus><ItemPrice>12.90</ItemPrice></item><item><PriceUpdateDate>2016-02-01 20:38:43</PriceUpdateDate><ItemCode>7290013027016</ItemCode><ItemType>1</ItemType><ItemName>לחם אנג''ל 100</ItemName><ManufacturerName>אנג'ל</ManufacturerName><ManufactureCountry>ישראל</ManufactureCountry><ManufacturerItemDescription>לחם 100% קמח מלא דגנים גר</ManufacturerItemDescription><SoldByWeight/><Quantity>750.00</Quantity><UnitOfMeasure>גרם     </UnitOfMeasure><QtyInPackage>לא ידוע</QtyInPackage><UnitOfMeasurePrice>0.0233</UnitOfMeasurePrice><AllowDiscount>1</AllowDiscount><ItemStatus>1</ItemStatus><ItemPrice>17.50</ItemPrice></item><item><PriceUpdateDate>2016-03-29 06:06:39</PriceUpdateDate><ItemCode>7290013027399</ItemCode><ItemType>1</ItemType><ItemName>לחם אנג'ל 100 קל 750</ItemName><ManufacturerName>אנג'ל</ManufacturerName><ManufactureCountry>ישראל</ManufactureCountry><ManufacturerItemDescription>לחם 100% קמח מלא קל בתוספ</ManufacturerItemDescription><SoldByWeight/><Quantity>750.00</Quantity><UnitOfMeasure>גרם     </UnitOfMeasure><QtyInPackage>לא ידוע</QtyInPackage><UnitOfMeasurePrice>0.0239</UnitOfMeasurePrice><AllowDiscount>1</AllowDiscount><ItemStatus>1</ItemStatus><ItemPrice>17.90</ItemPrice></item><item><PriceUpdateDate>2015-10-22 09:59:10</PriceUpdateDate><ItemCode>7290013027405</ItemCode><ItemType>1</ItemType><ItemName>חלה קטנה 100 גרם</ItemName><ManufacturerName>אנג'ל</ManufacturerName><ManufactureCountry>ישראל</ManufactureCountry><ManufacturerItemDescription>חלה קטנה 100 גרם</ManufacturerItemDescription><SoldByWeight/><Quantity>100.00</Quantity><UnitOfMeasure>גרם     </UnitOfMeasure><QtyInPackage>לא ידוע</QtyInPackage><UnitOfMeasurePrice>0.0370</UnitOfMeasurePrice><AllowDiscount>1</AllowDiscount><ItemStatus>1</ItemStatus><ItemPrice>3.70</ItemPrice></item><item><PriceUpdateDate>2016-08-02 06:36:34</PriceUpdateDate><ItemCode>7290013117212</ItemCode><ItemType>1</ItemType><ItemName>מב בורקס פילו מילוי</ItemName><ManufacturerName>מעדנות</ManufacturerName><ManufactureCountry>ישראל</ManufactureCountry><ManufacturerItemDescription>בורקס פילו במילוי גבינה 6</ManufacturerItemDescription><SoldByWeight/><Quantity>600.00</Quantity><UnitOfMeasure>גרם     </UnitOfMeasure><QtyInPackage>לא ידוע</QtyInPackage><UnitOfMeasurePrice>0.0282</UnitOfMeasurePrice><AllowDiscount>1</AllowDiscount><ItemStatus>1</ItemStatus><ItemPrice>16.90</ItemPrice></item><item><PriceUpdateDate>2016-08-02 06:36:34</PriceUpdateDate><ItemCode>7290013117441</ItemCode><ItemType>1</ItemType><ItemName>מב בורקס פילו פטריות</ItemName><ManufacturerName>מעדנות</ManufacturerName><ManufactureCountry>ישראל</ManufactureCountry><ManufacturerItemDescription>מב בורקס פילו פטריות</ManufacturerItemDescription><SoldByWeight/><Quantity>600.00</Quantity><UnitOfMeasure>גרם     </UnitOfMeasure><QtyInPackage>לא ידוע</QtyInPackage><UnitOfMeasurePrice>0.0282</UnitOfMeasurePrice><AllowDiscount>1</AllowDiscount><ItemStatus>1</ItemStatus><ItemPrice>16.90</ItemPrice></item><item><PriceUpdateDate>2015-10-26 07:06:36</PriceUpdateDate><ItemCode>7290013126771</ItemCode><ItemType>1</ItemType><ItemName>תירוש ענבים טבעי 750</ItemName><ManufacturerName>קואופ שופ</ManufacturerName><ManufactureCountry>ישראל</ManufactureCountry><ManufacturerItemDescription>תירוש ענבים טבעי 750</ManufacturerItemDescription><SoldByWeight/><Quantity>750.00</Quantity><UnitOfMeasure>מ"ל</UnitOfMeasure><QtyInPackage>לא ידוע</QtyInPackage><UnitOfMeasurePrice>0.0176</UnitOfMeasurePrice><AllowDiscount>1</AllowDiscount><ItemStatus>1</ItemStatus><ItemPrice>13.20</ItemPrice></item><item><PriceUpdateDate>2016-05-31 09:31:13</PriceUpdateDate><ItemCode>7290013268037</ItemCode><ItemType>1</ItemType><ItemName>מב מרכך כביסה מקסימה</ItemName><ManufacturerName>סנו מקסימה</ManufacturerName><ManufactureCountry>ישראל</ManufactureCountry><ManufacturerItemDescription>מקסימה מרכך כביסה מרוכז פ</ManufacturerItemDescription><SoldByWeight/><Quantity>1000.00</Quantity><UnitOfMeasure>מ"ל</UnitOfMeasure><QtyInPackage>לא ידוע</QtyInPackage><UnitOfMeasurePrice>0.0159</UnitOfMeasurePrice><AllowDiscount>1</AllowDiscount><ItemStatus>1</ItemStatus><ItemPrice>15.90</ItemPrice></item><item><PriceUpdateDate>2015-01-27 06:48:03</PriceUpdateDate><ItemCode>7290013268822</ItemCode><ItemType>1</ItemType><ItemName>משחת שיניים אורביטול</ItemName><ManufacturerName>אורביטול</ManufacturerName><ManufactureCountry>ישראל</ManufactureCountry><ManufacturerItemDescription>משחת שיניים אורביטול</ManufacturerItemDescription><SoldByWeight/><Quantity>145.00</Quantity><UnitOfMeasure>גרם     </UnitOfMeasure><QtyInPackage>לא ידוע</QtyInPackage><UnitOfMeasurePrice>0.1469</UnitOfMeasurePrice><AllowDiscount>1</AllowDiscount><ItemStatus>1</ItemStatus><ItemPrice>21.30</ItemPrice></item><item><PriceUpdateDate>2016-05-31 09:31:13</PriceUpdateDate><ItemCode>7290013269560</ItemCode><ItemType>1</ItemType><ItemName>מב תחליב רחצה קרמה מ</ItemName><ManufacturerName>קרמה</ManufacturerName><ManufactureCountry>ישראל</ManufactureCountry><ManufacturerItemDescription>מב תחליב רחצה קרמה מ</ManufacturerItemDescription><SoldByWeight/><Quantity>750.00</Quantity><UnitOfMeasure>מ"ל</UnitOfMeasure><QtyInPackage>לא ידוע</QtyInPackage><UnitOfMeasurePrice>0.0225</UnitOfMeasurePrice><AllowDiscount>1</AllowDiscount><ItemStatus>1</ItemStatus><ItemPrice>16.90</ItemPrice></item><item><PriceUpdateDate>2016-01-05 06:04:19</PriceUpdateDate><ItemCode>7290013358486</ItemCode><ItemType>1</ItemType><ItemName>מאסטר שף פירורי לחם</ItemName><ManufacturerName>לא ממותג</ManufacturerName><ManufactureCountry>ישראל</ManufactureCountry><ManufacturerItemDescription>פירורי לחם ללא צורך בביצה</ManufacturerItemDescription><SoldByWeight/><Quantity>300.00</Quantity><UnitOfMeasure>גרם     </UnitOfMeasure><QtyInPackage>לא ידוע</QtyInPackage><UnitOfMeasurePrice>0.0397</UnitOfMeasurePrice><AllowDiscount>1</AllowDiscount><ItemStatus>1</ItemStatus><ItemPrice>11.90</ItemPrice></item><item><PriceUpdateDate>2015-10-13 09:48:30</PriceUpdateDate><ItemCode>7290013358868</ItemCode><ItemType>1</ItemType><ItemName>מנה פריכיות אורז בטע</ItemName><ManufacturerName>מנה</ManufacturerName><ManufactureCountry>ישראל</ManufactureCountry><ManufacturerItemDescription>פריכיות בטעם שום ע.תיבול</ManufacturerItemDescription><SoldByWeight/><Quantity>85.00</Quantity><UnitOfMeasure>גרם     </UnitOfMeasure><QtyInPackage>לא ידוע</QtyInPackage><UnitOfMeasurePrice>0.0847</UnitOfMeasurePrice><AllowDiscount>1</AllowDiscount><ItemStatus>1</ItemStatus><ItemPrice>7.20</ItemPrice></item><item><PriceUpdateDate>2015-02-17 08:58:09</PriceUpdateDate><ItemCode>7290013361806</ItemCode><ItemType>1</ItemType><ItemName>קטשופ 750 גרם המותג</ItemName><ManufacturerName>"המותג"</ManufacturerName><ManufactureCountry>ישראל</ManufactureCountry><ManufacturerItemDescription>קטשופ 750 גרם המותג</ManufacturerItemDescription><SoldByWeight/><Quantity>750.00</Quantity><UnitOfMeasure>גרם     </UnitOfMeasure><QtyInPackage>לא ידוע</QtyInPackage><UnitOfMeasurePrice>0.0119</UnitOfMeasurePrice><AllowDiscount>1</AllowDiscount><ItemStatus>1</ItemStatus><ItemPrice>8.90</ItemPrice></item><item><PriceUpdateDate>2015-01-27 06:48:32</PriceUpdateDate><ItemCode>7290013389077</ItemCode><ItemType>1</ItemType><ItemName>טורטיה בטעם חיטה 420</ItemName><ManufacturerName>לא ממותג</ManufacturerName><ManufactureCountry>ישראל</ManufactureCountry><ManufacturerItemDescription>טורטיה בטעם חיטה 420</ManufacturerItemDescription><SoldByWeight/><Quantity>420.00</Quantity><UnitOfMeasure>גרם     </UnitOfMeasure><QtyInPackage>לא ידוע</QtyInPackage><UnitOfMeasurePrice>0.0386</UnitOfMeasurePrice><AllowDiscount>1</AllowDiscount><ItemStatus>1</ItemStatus><ItemPrice>16.20</ItemPrice></item><item><PriceUpdateDate>2016-03-29 06:06:40</PriceUpdateDate><ItemCode>7290013389121</ItemCode><ItemType>1</ItemType><ItemName>ניוקי תרד 500 גרם</ItemName><ManufacturerName>לא ממותג</ManufacturerName><ManufactureCountry>ישראל</ManufactureCountry><ManufacturerItemDescription>ניוקי תרד 500 גרם</ManufacturerItemDescription><SoldByWeight/><Quantity>500.00</Quantity><UnitOfMeasure>גרם     </UnitOfMeasure><QtyInPackage>לא ידוע</QtyInPackage><UnitOfMeasurePrice>0.0206</UnitOfMeasurePrice><AllowDiscount>1</AllowDiscount><ItemStatus>1</ItemStatus><ItemPrice>10.30</ItemPrice></item><item><PriceUpdateDate>2016-03-29 06:06:40</PriceUpdateDate><ItemCode>7290013389145</ItemCode><ItemType>1</ItemType><ItemName>מיני ניוקי 500 גרם</ItemName><ManufacturerName>לא ממותג</ManufacturerName><ManufactureCountry>ישראל</ManufactureCountry><ManufacturerItemDescription>מיני ניוקי 500 גרם</ManufacturerItemDescription><SoldByWeight/><Quantity>500.00</Quantity><UnitOfMeasure>גרם     </UnitOfMeasure><QtyInPackage>לא ידוע</QtyInPackage><UnitOfMeasurePrice>0.0206</UnitOfMeasurePrice><AllowDiscount>1</AllowDiscount><ItemStatus>1</ItemStatus><ItemPrice>10.30</ItemPrice></item><item><PriceUpdateDate>2016-08-02 06:31:45</PriceUpdateDate><ItemCode>7290013440648</ItemCode><ItemType>1</ItemType><ItemName>גלידה מאגדת אבטיח 5</ItemName><ManufacturerName>גלידות נסטלה</ManufacturerName><ManufactureCountry>ישראל</ManufactureCountry><ManufacturerItemDescription>מאגדת שלגוני אבטיח 5 יח</ManufacturerItemDescription><SoldByWeight/><Quantity>1.00</Quantity><UnitOfMeasure>גרם     </UnitOfMeasure><QtyInPackage>לא ידוע</QtyInPackage><UnitOfMeasurePrice>28.5000</UnitOfMeasurePrice><AllowDiscount>1</AllowDiscount><ItemStatus>1</ItemStatus><ItemPrice>28.50</ItemPrice></item><item><PriceUpdateDate>2015-02-02 07:52:33</PriceUpdateDate><ItemCode>7290013472328</ItemCode><ItemType>1</ItemType><ItemName>מקרלים בשמן צמחי 120</ItemName><ManufacturerName>לא ממותג</ManufacturerName><ManufactureCountry>ישראל</ManufactureCountry><ManufacturerItemDescription>מקרלים בשמן צמחי 120</ManufacturerItemDescription><SoldByWeight/><Quantity>120.00</Quantity><UnitOfMeasure>גרם     </UnitOfMeasure><QtyInPackage>לא ידוע</QtyInPackage><UnitOfMeasurePrice>0.0508</UnitOfMeasurePrice><AllowDiscount>1</AllowDiscount><ItemStatus>1</ItemStatus><ItemPrice>6.10</ItemPrice></item><item><PriceUpdateDate>2016-08-10 11:22:00</PriceUpdateDate><ItemCode>7290013525253</ItemCode><ItemType>1</ItemType><ItemName>סלט טחינה מיוחדת 160</ItemName><ManufacturerName>סלטי שמיר</ManufacturerName><ManufactureCountry>ישראל</ManufactureCountry><ManufacturerItemDescription>טחינה מיוחדת 160</ManufacturerItemDescription><SoldByWeight/><Quantity>160.00</Quantity><UnitOfMeasure>גרם     </UnitOfMeasure><QtyInPackage>לא ידוע</QtyInPackage><UnitOfMeasurePrice>0.0306</UnitOfMeasurePrice><AllowDiscount>1</AllowDiscount><ItemStatus>1</ItemStatus><ItemPrice>4.90</ItemPrice></item><item><PriceUpdateDate>2016-08-10 11:22:00</PriceUpdateDate><ItemCode>7290013525260</ItemCode><ItemType>1</ItemType><ItemName>סלט חציל במיונז 160</ItemName><ManufacturerName>סלטי שמיר</ManufacturerName><ManufactureCountry>ישראל</ManufactureCountry><ManufacturerItemDescription>חציל במיונז 160 גר</ManufacturerItemDescription><SoldByWeight/><Quantity>160.00</Quantity><UnitOfMeasure>גרם     </UnitOfMeasure><QtyInPackage>לא ידוע</QtyInPackage><UnitOfMeasurePrice>0.0306</UnitOfMeasurePrice><AllowDiscount>1</AllowDiscount><ItemStatus>1</ItemStatus><ItemPrice>4.90</ItemPrice></item><item><PriceUpdateDate>2016-08-10 11:22:00</PriceUpdateDate><ItemCode>7290013525277</ItemCode><ItemType>1</ItemType><ItemName>סלט מטבוחה 160 גרם</ItemName><ManufacturerName>סלטי שמיר</ManufacturerName><ManufactureCountry>ישראל</ManufactureCountry><ManufacturerItemDescription>סלט מטבוחה 160 גרם</ManufacturerItemDescription><SoldByWeight/><Quantity>160.00</Quantity><UnitOfMeasure>גרם     </UnitOfMeasure><QtyInPackage>לא ידוע</QtyInPackage><UnitOfMeasurePrice>0.0306</UnitOfMeasurePrice><AllowDiscount>1</AllowDiscount><ItemStatus>1</ItemStatus><ItemPrice>4.90</ItemPrice></item><item><PriceUpdateDate>2016-08-10 11:22:00</PriceUpdateDate><ItemCode>7290013525710</ItemCode><ItemType>1</ItemType><ItemName>חומוס עם טחינה שמיר</ItemName><ManufacturerName>סלטי שמיר</ManufacturerName><ManufactureCountry>ישראל</ManufactureCountry><ManufacturerItemDescription>סלט חומוס עם טחינה 160 גר</ManufacturerItemDescription><SoldByWeight/><Quantity>160.00</Quantity><UnitOfMeasure>גרם     </UnitOfMeasure><QtyInPackage>לא ידוע</QtyInPackage><UnitOfMeasurePrice>0.0306</UnitOfMeasurePrice><AllowDiscount>1</AllowDiscount><ItemStatus>1</ItemStatus><ItemPrice>4.90</ItemPrice></item><item><PriceUpdateDate>2016-08-10 11:22:00</PriceUpdateDate><ItemCode>7290013525727</ItemCode><ItemType>1</ItemType><ItemName>חומוס מסבחה שמיר 160</ItemName><ManufacturerName>סלטי שמיר</ManufacturerName><ManufactureCountry>ישראל</ManufactureCountry><ManufacturerItemDescription>סלט חומוס מסבחה  160 גרם</ManufacturerItemDescription><SoldByWeight/><Quantity>160.00</Quantity><UnitOfMeasure>גרם     </UnitOfMeasure><QtyInPackage>לא ידוע</QtyInPackage><UnitOfMeasurePrice>0.0306</UnitOfMeasurePrice><AllowDiscount>1</AllowDiscount><ItemStatus>1</ItemStatus><ItemPrice>4.90</ItemPrice></item><item><PriceUpdateDate>2016-08-10 11:22:00</PriceUpdateDate><ItemCode>7290013525741</ItemCode><ItemType>1</ItemType><ItemName>חומוס אבו גוש  חריף</ItemName><ManufacturerName>סלטי שמיר</ManufacturerName><ManufactureCountry>ישראל</ManufactureCountry><ManufacturerItemDescription>סלט חומוס אבו גוש חריף 16</ManufacturerItemDescription><SoldByWeight/><Quantity>160.00</Quantity><UnitOfMeasure>גרם     </UnitOfMeasure><QtyInPackage>לא ידוע</QtyInPackage><UnitOfMeasurePrice>0.0306</UnitOfMeasurePrice><AllowDiscount>1</AllowDiscount><ItemStatus>1</ItemStatus><ItemPrice>4.90</ItemPrice></item><item><PriceUpdateDate>2016-05-01 07:23:40</PriceUpdateDate><ItemCode>7290013535207</ItemCode><ItemType>1</ItemType><ItemName>נוזל כלים תפוח 1.5 ל</ItemName><ManufacturerName>"המותג"</ManufacturerName><ManufactureCountry>ישראל</ManufactureCountry><ManufacturerItemDescription>נוזל כלים תפוח 1.5 ל</ManufacturerItemDescription><SoldByWeight/><Quantity>1500.00</Quantity><UnitOfMeasure>מ"ל</UnitOfMeasure><QtyInPackage>לא ידוע</QtyInPackage><UnitOfMeasurePrice>0.0067</UnitOfMeasurePrice><AllowDiscount>1</AllowDiscount><ItemStatus>1</ItemStatus><ItemPrice>10.10</ItemPrice></item><item><PriceUpdateDate>2016-05-01 07:23:40</PriceUpdateDate><ItemCode>7290013535214</ItemCode><ItemType>1</ItemType><ItemName>נוזל כלים לימון 1.5</ItemName><ManufacturerName>"המותג"</ManufacturerName><ManufactureCountry>ישראל</ManufactureCountry><ManufacturerItemDescription>נוזל כלים לימון 1.5</ManufacturerItemDescription><SoldByWeight/><Quantity>1500.00</Quantity><UnitOfMeasure>מ"ל</UnitOfMeasure><QtyInPackage>לא ידוע</QtyInPackage><UnitOfMeasurePrice>0.0067</UnitOfMeasurePrice><AllowDiscount>1</AllowDiscount><ItemStatus>1</ItemStatus><ItemPrice>10.10</ItemPrice></item><item><PriceUpdateDate>2016-03-16 13:26:08</PriceUpdateDate><ItemCode>7290013584175</ItemCode><ItemType>1</ItemType><ItemName>ספרייט שישייה. 1.5 ל</ItemName><ManufacturerName>ספרייט</ManufacturerName><ManufactureCountry>ישראל</ManufactureCountry><ManufacturerItemDescription>ספרייט שישייה 1.5 ליטר</ManufacturerItemDescription><SoldByWeight/><Quantity>9000.00</Quantity><UnitOfMeasure>מ"ל</UnitOfMeasure><QtyInPackage>לא ידוע</QtyInPackage><UnitOfMeasurePrice>0.0041</UnitOfMeasurePrice><AllowDiscount>1</AllowDiscount><ItemStatus>1</ItemStatus><ItemPrice>36.90</ItemPrice></item><item><PriceUpdateDate>2016-05-31 09:34:05</PriceUpdateDate><ItemCode>7290013584182</ItemCode><ItemType>1</ItemType><ItemName>ספרייט 1.5 ליטר 40%</ItemName><ManufacturerName>ספרייט</ManufacturerName><ManufactureCountry>ישראל</ManufactureCountry><ManufacturerItemDescription>ספרייט 1.5 ליטר</ManufacturerItemDescription><SoldByWeight/><Quantity>1500.00</Quantity><UnitOfMeasure>מ"ל</UnitOfMeasure><QtyInPackage>לא ידוע</QtyInPackage><UnitOfMeasurePrice>0.0045</UnitOfMeasurePrice><AllowDiscount>1</AllowDiscount><ItemStatus>1</ItemStatus><ItemPrice>6.80</ItemPrice></item><item><PriceUpdateDate>2016-05-31 09:34:05</PriceUpdateDate><ItemCode>7290013584816</ItemCode><ItemType>1</ItemType><ItemName>מיץ פריגת לימונענע 1</ItemName><ManufacturerName>פריגת</ManufacturerName><ManufactureCountry>ישראל</ManufactureCountry><ManufacturerItemDescription>מיץ פריגת לימונענע 1</ManufacturerItemDescription><SoldByWeight/><Quantity>1500.00</Quantity><UnitOfMeasure>מ"ל</UnitOfMeasure><QtyInPackage>לא ידוע</QtyInPackage><UnitOfMeasurePrice>0.0045</UnitOfMeasurePrice><AllowDiscount>0</AllowDiscount><ItemStatus>1</ItemStatus><ItemPrice>6.80</ItemPrice></item><item><PriceUpdateDate>2016-05-31 09:34:05</PriceUpdateDate><ItemCode>7290013585240</ItemCode><ItemType>1</ItemType><ItemName>ספרייט ZERO בקבוק 1.</ItemName><ManufacturerName>דיאט ספרייט</ManufacturerName><ManufactureCountry>ישראל</ManufactureCountry><ManufacturerItemDescription>ספרייט דיאט 1.5 ל</ManufacturerItemDescription><SoldByWeight/><Quantity>1500.00</Quantity><UnitOfMeasure>מ"ל</UnitOfMeasure><QtyInPackage>לא ידוע</QtyInPackage><UnitOfMeasurePrice>0.0045</UnitOfMeasurePrice><AllowDiscount>1</AllowDiscount><ItemStatus>1</ItemStatus><ItemPrice>6.80</ItemPrice></item><item><PriceUpdateDate>2016-03-16 13:26:08</PriceUpdateDate><ItemCode>7290013585271</ItemCode><ItemType>1</ItemType><ItemName>ספרייט שישייה. ZERO</ItemName><ManufacturerName>דיאט ספרייט</ManufacturerName><ManufactureCountry>ישראל</ManufactureCountry><ManufacturerItemDescription>ספרייט דיאט 1.5 ל</ManufacturerItemDescription><SoldByWeight/><Quantity>9000.00</Quantity><UnitOfMeasure>מ"ל</UnitOfMeasure><QtyInPackage>לא ידוע</QtyInPackage><UnitOfMeasurePrice>0.0041</UnitOfMeasurePrice><AllowDiscount>1</AllowDiscount><ItemStatus>1</ItemStatus><ItemPrice>36.90</ItemPrice></item><item><PriceUpdateDate>2016-05-31 09:34:05</PriceUpdateDate><ItemCode>7290013585356</ItemCode><ItemType>1</ItemType><ItemName>FUZA TEA פירות יער 1</ItemName><ManufacturerName>לא ממותג</ManufacturerName><ManufactureCountry>ישראל</ManufactureCountry><ManufacturerItemDescription>תה קר FUZE TEA מנגו אננס</ManufacturerItemDescription><SoldByWeight/><Quantity>1500.00</Quantity><UnitOfMeasure>מ"ל</UnitOfMeasure><QtyInPackage>לא ידוע</QtyInPackage><UnitOfMeasurePrice>0.0046</UnitOfMeasurePrice><AllowDiscount>1</AllowDiscount><ItemStatus>1</ItemStatus><ItemPrice>6.90</ItemPrice></item><item><PriceUpdateDate>2015-10-22 09:59:11</PriceUpdateDate><ItemCode>7290013585387</ItemCode><ItemType>1</ItemType><ItemName>קולה זירו 1 ליטר</ItemName><ManufacturerName>קוקה קולה</ManufacturerName><ManufactureCountry>ישראל</ManufactureCountry><ManufacturerItemDescription>קולה 1 ZERO ליטר</ManufacturerItemDescription><SoldByWeight/><Quantity>1000.00</Quantity><UnitOfMeasure>מ"ל</UnitOfMeasure><QtyInPackage>לא ידוע</QtyInPackage><UnitOfMeasurePrice>0.0061</UnitOfMeasurePrice><AllowDiscount>1</AllowDiscount><ItemStatus>1</ItemStatus><ItemPrice>6.10</ItemPrice></item><item><PriceUpdateDate>2015-10-13 09:48:31</PriceUpdateDate><ItemCode>7290013585394</ItemCode><ItemType>1</ItemType><ItemName>קוקה קולה 1 ליטר</ItemName><ManufacturerName>קוקה קולה</ManufacturerName><ManufactureCountry>ישראל</ManufactureCountry><ManufacturerItemDescription>קוקה קולה 1 ליטר</ManufacturerItemDescription><SoldByWeight/><Quantity>1000.00</Quantity><UnitOfMeasure>מ"ל</UnitOfMeasure><QtyInPackage>לא ידוע</QtyInPackage><UnitOfMeasurePrice>0.0061</UnitOfMeasurePrice><AllowDiscount>1</AllowDiscount><ItemStatus>1</ItemStatus><ItemPrice>6.10</ItemPrice></item><item><PriceUpdateDate>2016-06-27 19:06:14</PriceUpdateDate><ItemCode>7290013652799</ItemCode><ItemType>1</ItemType><ItemName>נטורל קר קרם לחות לש</ItemName><ManufacturerName>ד"ר פישר</ManufacturerName><ManufactureCountry>ישראל</ManufactureCountry><ManufacturerItemDescription>נטורל קר קרם לחות לש</ManufacturerItemDescription><SoldByWeight/><Quantity>400.00</Quantity><UnitOfMeasure>מ"ל</UnitOfMeasure><QtyInPackage>לא ידוע</QtyInPackage><UnitOfMeasurePrice>0.0640</UnitOfMeasurePrice><AllowDiscount>1</AllowDiscount><ItemStatus>1</ItemStatus><ItemPrice>25.60</ItemPrice></item><item><PriceUpdateDate>2016-05-01 07:23:40</PriceUpdateDate><ItemCode>7290013702005</ItemCode><ItemType>1</ItemType><ItemName>שוופס ווטר פירות יער</ItemName><ManufacturerName>שוופס וואטר</ManufacturerName><ManufactureCountry>ישראל</ManufactureCountry><ManufacturerItemDescription>שוופס ווטר פירות יער</ManufacturerItemDescription><SoldByWeight/><Quantity>1500.00</Quantity><UnitOfMeasure>גרם     </UnitOfMeasure><QtyInPackage>לא ידוע</QtyInPackage><UnitOfMeasurePrice>0.0051</UnitOfMeasurePrice><AllowDiscount>1</AllowDiscount><ItemStatus>1</ItemStatus><ItemPrice>7.70</ItemPrice></item><item><PriceUpdateDate>2016-05-01 07:23:40</PriceUpdateDate><ItemCode>7290013702029</ItemCode><ItemType>1</ItemType><ItemName>שוופס ווטר אפרסק 1.5</ItemName><ManufacturerName>שוופס וואטר</ManufacturerName><ManufactureCountry>ישראל</ManufactureCountry><ManufacturerItemDescription>שוופס ווטר אפרסק 1.5</ManufacturerItemDescription><SoldByWeight/><Quantity>1500.00</Quantity><UnitOfMeasure>גרם     </UnitOfMeasure><QtyInPackage>לא ידוע</QtyInPackage><UnitOfMeasurePrice>0.0051</UnitOfMeasurePrice><AllowDiscount>1</AllowDiscount><ItemStatus>1</ItemStatus><ItemPrice>7.70</ItemPrice></item><item><PriceUpdateDate>2016-05-01 07:23:40</PriceUpdateDate><ItemCode>7290013702043</ItemCode><ItemType>1</ItemType><ItemName>שוופס ווטר ענבים 1.5</ItemName><ManufacturerName>שוופס וואטר</ManufacturerName><ManufactureCountry>ישראל</ManufactureCountry><ManufacturerItemDescription>שוופס ווטר ענבים 1.5</ManufacturerItemDescription><SoldByWeight/><Quantity>1500.00</Quantity><UnitOfMeasure>גרם     </UnitOfMeasure><QtyInPackage>לא ידוע</QtyInPackage><UnitOfMeasurePrice>0.0051</UnitOfMeasurePrice><AllowDiscount>1</AllowDiscount><ItemStatus>1</ItemStatus><ItemPrice>7.70</ItemPrice></item><item><PriceUpdateDate>2016-05-01 07:23:40</PriceUpdateDate><ItemCode>7290013702371</ItemCode><ItemType>1</ItemType><ItemName>שוופס ווטר תפוח 1.5</ItemName><ManufacturerName>שוופס וואטר</ManufacturerName><ManufactureCountry>ישראל</ManufactureCountry><ManufacturerItemDescription>שוופס ווטר תפוח 1.5</ManufacturerItemDescription><SoldByWeight/><Quantity>1500.00</Quantity><UnitOfMeasure>מ"ל</UnitOfMeasure><QtyInPackage>לא ידוע</QtyInPackage><UnitOfMeasurePrice>0.0051</UnitOfMeasurePrice><AllowDiscount>1</AllowDiscount><ItemStatus>1</ItemStatus><ItemPrice>7.70</ItemPrice></item><item><PriceUpdateDate>2016-05-31 09:31:14</PriceUpdateDate><ItemCode>7290013702463</ItemCode><ItemType>1</ItemType><ItemName>שוופס מוגז לימונייד</ItemName><ManufacturerName>שוופס</ManufacturerName><ManufactureCountry>ישראל</ManufactureCountry><ManufacturerItemDescription>שוופס מוגז למונייד 1.5 לי</ManufacturerItemDescription><SoldByWeight/><Quantity>1500.00</Quantity><UnitOfMeasure>מ"ל</UnitOfMeasure><QtyInPackage>לא ידוע</QtyInPackage><UnitOfMeasurePrice>0.0053</UnitOfMeasurePrice><AllowDiscount>1</AllowDiscount><ItemStatus>1</ItemStatus><ItemPrice>7.90</ItemPrice></item><item><PriceUpdateDate>2016-05-31 09:31:14</PriceUpdateDate><ItemCode>7290013702470</ItemCode><ItemType>1</ItemType><ItemName>שוופס מוגז לימונדה ו</ItemName><ManufacturerName>שוופס</ManufacturerName><ManufactureCountry>ישראל</ManufactureCountry><ManufacturerItemDescription>שוופס מוגז לימונדה ורודה</ManufacturerItemDescription><SoldByWeight/><Quantity>1500.00</Quantity><UnitOfMeasure>מ"ל</UnitOfMeasure><QtyInPackage>לא ידוע</QtyInPackage><UnitOfMeasurePrice>0.0053</UnitOfMeasurePrice><AllowDiscount>1</AllowDiscount><ItemStatus>1</ItemStatus><ItemPrice>7.90</ItemPrice></item><item><PriceUpdateDate>2016-05-17 17:33:42</PriceUpdateDate><ItemCode>7290013711687</ItemCode><ItemType>1</ItemType><ItemName>אפונת גינה וגזר 550</ItemName><ManufacturerName>"המותג"</ManufacturerName><ManufactureCountry>ישראל</ManufactureCountry><ManufacturerItemDescription>אפונת גינה וגזר 550</ManufacturerItemDescription><SoldByWeight/><Quantity>550.00</Quantity><UnitOfMeasure>גרם     </UnitOfMeasure><QtyInPackage>לא ידוע</QtyInPackage><UnitOfMeasurePrice>0.0107</UnitOfMeasurePrice><AllowDiscount>1</AllowDiscount><ItemStatus>1</ItemStatus><ItemPrice>5.90</ItemPrice></item><item><PriceUpdateDate>2016-08-10 11:21:43</PriceUpdateDate><ItemCode>7290013711694</ItemCode><ItemType>1</ItemType><ItemName>שעועית לבנה אפויה בר</ItemName><ManufacturerName>"המותג"</ManufacturerName><ManufactureCountry>ישראל</ManufactureCountry><ManufacturerItemDescription>שעועית לבנה אפויה בר</ManufacturerItemDescription><SoldByWeight/><Quantity>550.00</Quantity><UnitOfMeasure>גרם     </UnitOfMeasure><QtyInPackage>לא ידוע</QtyInPackage><UnitOfMeasurePrice>0.0107</UnitOfMeasurePrice><AllowDiscount>1</AllowDiscount><ItemStatus>1</ItemStatus><ItemPrice>5.90</ItemPrice></item><item><PriceUpdateDate>2016-02-22 06:58:53</PriceUpdateDate><ItemCode>7290013847102</ItemCode><ItemType>1</ItemType><ItemName>טונה סטארקיסט בשמן 8</ItemName><ManufacturerName>סטארקיסט</ManufacturerName><ManufactureCountry>ישראל</ManufactureCountry><ManufacturerItemDescription>טונה סטארקיסט בשמן 8</ManufacturerItemDescription><SoldByWeight/><Quantity>240.00</Quantity><UnitOfMeasure>גרם     </UnitOfMeasure><QtyInPackage>לא ידוע</QtyInPackage><UnitOfMeasurePrice>0.0621</UnitOfMeasurePrice><AllowDiscount>1</AllowDiscount><ItemStatus>1</ItemStatus><ItemPrice>14.90</ItemPrice></item><item><PriceUpdateDate>2016-02-15 10:08:02</PriceUpdateDate><ItemCode>7290013847621</ItemCode><ItemType>1</ItemType><ItemName>סטארקיסט לה סלט ברוט</ItemName><ManufacturerName>סטארקיסט</ManufacturerName><ManufactureCountry>לא ידוע</ManufactureCountry><ManufacturerItemDescription>סטארקיסט לה סלט ברוט</ManufacturerItemDescription><SoldByWeight/><Quantity>160.00</Quantity><UnitOfMeasure>גרם     </UnitOfMeasure><QtyInPackage>לא ידוע</QtyInPackage><UnitOfMeasurePrice>0.0494</UnitOfMeasurePrice><AllowDiscount>1</AllowDiscount><ItemStatus>1</ItemStatus><ItemPrice>7.90</ItemPrice></item><item><PriceUpdateDate>2016-06-14 08:55:15</PriceUpdateDate><ItemCode>7290013847676</ItemCode><ItemType>1</ItemType><ItemName>סטארקיסט לה סנדביץ ע</ItemName><ManufacturerName>סטארקיסט</ManufacturerName><ManufactureCountry>לא ידוע</ManufactureCountry><ManufacturerItemDescription>סטארקיסט לה סנדביץ ע</ManufacturerItemDescription><SoldByWeight/><Quantity>200.00</Quantity><UnitOfMeasure>גרם     </UnitOfMeasure><QtyInPackage>לא ידוע</QtyInPackage><UnitOfMeasurePrice>0.0495</UnitOfMeasurePrice><AllowDiscount>1</AllowDiscount><ItemStatus>1</ItemStatus><ItemPrice>9.90</ItemPrice></item><item><PriceUpdateDate>2016-06-27 19:15:25</PriceUpdateDate><ItemCode>7290013861375</ItemCode><ItemType>1</ItemType><ItemName>בוטנים קלויים 400 גר</ItemName><ManufacturerName>"המותג"</ManufacturerName><ManufactureCountry>לא ידוע</ManufactureCountry><ManufacturerItemDescription>בוטנים קלויים 400 גר</ManufacturerItemDescription><SoldByWeight/><Quantity>400.00</Quantity><UnitOfMeasure>גרם     </UnitOfMeasure><QtyInPackage>לא ידוע</QtyInPackage><UnitOfMeasurePrice>0.0323</UnitOfMeasurePrice><AllowDiscount>1</AllowDiscount><ItemStatus>1</ItemStatus><ItemPrice>12.90</ItemPrice></item><item><PriceUpdateDate>2016-08-02 06:36:36</PriceUpdateDate><ItemCode>7290013906052</ItemCode><ItemType>1</ItemType><ItemName>מב נקניקיות פרגיות 3</ItemName><ManufacturerName>טירת צבי</ManufacturerName><ManufactureCountry>ישראל</ManufactureCountry><ManufacturerItemDescription>מב נקניקיות פרגיות 3</ManufacturerItemDescription><SoldByWeight/><Quantity>300.00</Quantity><UnitOfMeasure>גרם     </UnitOfMeasure><QtyInPackage>לא ידוע</QtyInPackage><UnitOfMeasurePrice>0.0363</UnitOfMeasurePrice><AllowDiscount>1</AllowDiscount><ItemStatus>1</ItemStatus><ItemPrice>10.90</ItemPrice></item><item><PriceUpdateDate>2016-08-02 06:31:46</PriceUpdateDate><ItemCode>7290013906212</ItemCode><ItemType>1</ItemType><ItemName>מב נקניקיות וינר 1 ק</ItemName><ManufacturerName>טירת צבי</ManufacturerName><ManufactureCountry>ישראל</ManufactureCountry><ManufacturerItemDescription>מב נקניקיות וינר 1 ק</ManufacturerItemDescription><SoldByWeight/><Quantity>1000.00</Quantity><UnitOfMeasure>גרם     </UnitOfMeasure><QtyInPackage>לא ידוע</QtyInPackage><UnitOfMeasurePrice>0.0280</UnitOfMeasurePrice><AllowDiscount>1</AllowDiscount><ItemStatus>1</ItemStatus><ItemPrice>28.00</ItemPrice></item><item><PriceUpdateDate>2015-08-11 08:36:41</PriceUpdateDate><ItemCode>729001400264</ItemCode><ItemType>1</ItemType><ItemName>תה ירוק לימונית לואי</ItemName><ManufacturerName>ויסוצקי</ManufacturerName><ManufactureCountry>לא ידוע</ManufactureCountry><ManufacturerItemDescription>תה ירוק לימונית לואי</ManufacturerItemDescription><SoldByWeight/><Quantity>23.00</Quantity><UnitOfMeasure>גרם     </UnitOfMeasure><QtyInPackage>לא ידוע</QtyInPackage><UnitOfMeasurePrice>0.6913</UnitOfMeasurePrice><AllowDiscount>1</AllowDiscount><ItemStatus>1</ItemStatus><ItemPrice>15.90</ItemPrice></item><item><PriceUpdateDate>2016-05-06 08:07:12</PriceUpdateDate><ItemCode>7290014002692</ItemCode><ItemType>1</ItemType><ItemName>פתי בר קלאסי 500 גרם</ItemName><ManufacturerName>ויסוצקי</ManufacturerName><ManufactureCountry>ישראל</ManufactureCountry><ManufacturerItemDescription>פתי בר קלאסי 500 גרם</ManufacturerItemDescription><SoldByWeight/><Quantity>500.00</Quantity><UnitOfMeasure>גרם     </UnitOfMeasure><QtyInPackage>לא ידוע</QtyInPackage><UnitOfMeasurePrice>0.0198</UnitOfMeasurePrice><AllowDiscount>1</AllowDiscount><ItemStatus>1</ItemStatus><ItemPrice>9.90</ItemPrice></item><item><PriceUpdateDate>2016-08-02 06:36:37</PriceUpdateDate><ItemCode>7290014046436</ItemCode><ItemType>1</ItemType><ItemName>מב נשנושי קבנוס  יחי</ItemName><ManufacturerName>יחיעם</ManufacturerName><ManufactureCountry>ישראל</ManufactureCountry><ManufacturerItemDescription>נשנושי קבנוס 125 גר</ManufacturerItemDescription><SoldByWeight/><Quantity>125.00</Quantity><UnitOfMeasure>גרם     </UnitOfMeasure><QtyInPackage>לא ידוע</QtyInPackage><UnitOfMeasurePrice>0.0872</UnitOfMeasurePrice><AllowDiscount>1</AllowDiscount><ItemStatus>1</ItemStatus><ItemPrice>10.90</ItemPrice></item><item><PriceUpdateDate>2015-12-27 15:38:59</PriceUpdateDate><ItemCode>7290014094772</ItemCode><ItemType>1</ItemType><ItemName>גרעין אבטיח קלוי 170</ItemName><ManufacturerName>"המותג"</ManufacturerName><ManufactureCountry>לא ידוע</ManufactureCountry><ManufacturerItemDescription>גרעין אבטיח קלוי 170</ManufacturerItemDescription><SoldByWeight/><Quantity>170.00</Quantity><UnitOfMeasure>גרם     </UnitOfMeasure><QtyInPackage>לא ידוע</QtyInPackage><UnitOfMeasurePrice>0.0588</UnitOfMeasurePrice><AllowDiscount>1</AllowDiscount><ItemStatus>1</ItemStatus><ItemPrice>10.00</ItemPrice></item><item><PriceUpdateDate>2015-08-13 07:41:05</PriceUpdateDate><ItemCode>7290014095885</ItemCode><ItemType>1</ItemType><ItemName>שיבולת שועל עבה להכנ</ItemName><ManufacturerName>"המותג"</ManufacturerName><ManufactureCountry>לא ידוע</ManufactureCountry><ManufacturerItemDescription>שיבולת שועל עבה להכנ</ManufacturerItemDescription><SoldByWeight/><Quantity>500.00</Quantity><UnitOfMeasure>גרם     </UnitOfMeasure><QtyInPackage>לא ידוע</QtyInPackage><UnitOfMeasurePrice>0.0138</UnitOfMeasurePrice><AllowDiscount>1</AllowDiscount><ItemStatus>1</ItemStatus><ItemPrice>6.90</ItemPrice></item><item><PriceUpdateDate>2016-06-28 06:23:56</PriceUpdateDate><ItemCode>7290014126077</ItemCode><ItemType>1</ItemType><ItemName>מב מיסטר מאסל למטבח</ItemName><ManufacturerName>מיסטר מאסל</ManufacturerName><ManufactureCountry>ישראל</ManufactureCountry><ManufacturerItemDescription>מר מאסל למטבח   5מ"ל</ManufacturerItemDescription><SoldByWeight/><Quantity>600.00</Quantity><UnitOfMeasure>מ"ל</UnitOfMeasure><QtyInPackage>לא ידוע</QtyInPackage><UnitOfMeasurePrice>0.0232</UnitOfMeasurePrice><AllowDiscount>1</AllowDiscount><ItemStatus>1</ItemStatus><ItemPrice>13.90</ItemPrice></item><item><PriceUpdateDate>2016-05-31 09:31:15</PriceUpdateDate><ItemCode>7290014126275</ItemCode><ItemType>1</ItemType><ItemName>מיסטר מאסל רצפות פרח</ItemName><ManufacturerName>מיסטר מאסל</ManufacturerName><ManufactureCountry>ישראל</ManufactureCountry><ManufacturerItemDescription>מיסטר מאסל רצפות פרח</ManufacturerItemDescription><SoldByWeight/><Quantity>3000.00</Quantity><UnitOfMeasure>מ"ל</UnitOfMeasure><QtyInPackage>לא ידוע</QtyInPackage><UnitOfMeasurePrice>0.0120</UnitOfMeasurePrice><AllowDiscount>1</AllowDiscount><ItemStatus>1</ItemStatus><ItemPrice>36.10</ItemPrice></item><item><PriceUpdateDate>2015-01-27 06:47:46</PriceUpdateDate><ItemCode>7290014217140</ItemCode><ItemType>1</ItemType><ItemName>ראס אל חנות 100 גרם</ItemName><ManufacturerName>טעם וריח</ManufacturerName><ManufactureCountry>ישראל</ManufactureCountry><ManufacturerItemDescription>ראס אל חנות 100 גרם</ManufacturerItemDescription><SoldByWeight/><Quantity>100.00</Quantity><UnitOfMeasure>גרם     </UnitOfMeasure><QtyInPackage>לא ידוע</QtyInPackage><UnitOfMeasurePrice>0.1290</UnitOfMeasurePrice><AllowDiscount>1</AllowDiscount><ItemStatus>1</ItemStatus><ItemPrice>12.90</ItemPrice></item><item><PriceUpdateDate>2015-10-22 09:59:13</PriceUpdateDate><ItemCode>7290014217157</ItemCode><ItemType>1</ItemType><ItemName>תערובת תיבול טוקסנה</ItemName><ManufacturerName>טעם וריח</ManufacturerName><ManufactureCountry>ישראל</ManufactureCountry><ManufacturerItemDescription>תערובת תיבול טוקסנה</ManufacturerItemDescription><SoldByWeight/><Quantity>120.00</Quantity><UnitOfMeasure>גרם     </UnitOfMeasure><QtyInPackage>לא ידוע</QtyInPackage><UnitOfMeasurePrice>0.1017</UnitOfMeasurePrice><AllowDiscount>1</AllowDiscount><ItemStatus>1</ItemStatus><ItemPrice>12.20</ItemPrice></item><item><PriceUpdateDate>2016-06-27 19:06:18</PriceUpdateDate><ItemCode>7290014218215</ItemCode><ItemType>1</ItemType><ItemName>מיני מלאווח מעדנות 5</ItemName><ManufacturerName>מעדנות</ManufacturerName><ManufactureCountry>לא ידוע</ManufactureCountry><ManufacturerItemDescription>מיני מלאווח מעדנות 5</ManufacturerItemDescription><SoldByWeight/><Quantity>530.00</Quantity><UnitOfMeasure>גרם     </UnitOfMeasure><QtyInPackage>לא ידוע</QtyInPackage><UnitOfMeasurePrice>0.0262</UnitOfMeasurePrice><AllowDiscount>1</AllowDiscount><ItemStatus>1</ItemStatus><ItemPrice>13.90</ItemPrice></item><item><PriceUpdateDate>2015-12-23 06:48:49</PriceUpdateDate><ItemCode>7290014256903</ItemCode><ItemType>1</ItemType><ItemName>יין סלקטד מוסקטו 750</ItemName><ManufacturerName>סלקטד יקבי כרמל</ManufacturerName><ManufactureCountry>ישראל</ManufactureCountry><ManufacturerItemDescription>יין סלקטד מוסקטו 750 מל</ManufacturerItemDescription><SoldByWeight/><Quantity>750.00</Quantity><UnitOfMeasure>מ"ל</UnitOfMeasure><QtyInPackage>לא ידוע</QtyInPackage><UnitOfMeasurePrice>0.0399</UnitOfMeasurePrice><AllowDiscount>1</AllowDiscount><ItemStatus>1</ItemStatus><ItemPrice>29.90</ItemPrice></item><item><PriceUpdateDate>2016-05-31 09:34:07</PriceUpdateDate><ItemCode>7290014256927</ItemCode><ItemType>1</ItemType><ItemName>יין אמרלד ריזלינג סל</ItemName><ManufacturerName>סלקטד יקבי כרמל</ManufacturerName><ManufactureCountry>ישראל</ManufactureCountry><ManufacturerItemDescription>יין סלקטד אמרלד ריזלינג 7</ManufacturerItemDescription><SoldByWeight/><Quantity>750.00</Quantity><UnitOfMeasure>מ"ל</UnitOfMeasure><QtyInPackage>לא ידוע</QtyInPackage><UnitOfMeasurePrice>0.0305</UnitOfMeasurePrice><AllowDiscount>1</AllowDiscount><ItemStatus>1</ItemStatus><ItemPrice>22.90</ItemPrice></item><item><PriceUpdateDate>2016-05-31 09:34:07</PriceUpdateDate><ItemCode>7290014256989</ItemCode><ItemType>1</ItemType><ItemName>מיץ תירוש אדום 1 ליט</ItemName><ManufacturerName>תירוש יקבי כרמל</ManufacturerName><ManufactureCountry>ישראל</ManufactureCountry><ManufacturerItemDescription>מיץ ענבים תירוש אדום 1 ל</ManufacturerItemDescription><SoldByWeight/><Quantity>1000.00</Quantity><UnitOfMeasure>מ"ל</UnitOfMeasure><QtyInPackage>לא ידוע</QtyInPackage><UnitOfMeasurePrice>0.0177</UnitOfMeasurePrice><AllowDiscount>1</AllowDiscount><ItemStatus>1</ItemStatus><ItemPrice>17.70</ItemPrice></item><item><PriceUpdateDate>2016-06-27 19:06:19</PriceUpdateDate><ItemCode>7290014397514</ItemCode><ItemType>1</ItemType><ItemName>סנופרש הום 350 מ"ל ב</ItemName><ManufacturerName>סנו פרש</ManufacturerName><ManufactureCountry>ישראל</ManufactureCountry><ManufacturerItemDescription>סנופרש הום 350 מ"ל ב</ManufacturerItemDescription><SoldByWeight/><Quantity>350.00</Quantity><UnitOfMeasure>מ"ל</UnitOfMeasure><QtyInPackage>לא ידוע</QtyInPackage><UnitOfMeasurePrice>0.0511</UnitOfMeasurePrice><AllowDiscount>1</AllowDiscount><ItemStatus>1</ItemStatus><ItemPrice>17.90</ItemPrice></item><item><PriceUpdateDate>2016-05-31 09:31:17</PriceUpdateDate><ItemCode>7290014435704</ItemCode><ItemType>1</ItemType><ItemName>סלמון מעושן 100 גרם</ItemName><ManufacturerName>סלטי שמיר</ManufacturerName><ManufactureCountry>ישראל</ManufactureCountry><ManufacturerItemDescription>סלמון מעושן 100 גר</ManufacturerItemDescription><SoldByWeight/><Quantity>100.00</Quantity><UnitOfMeasure>גרם     </UnitOfMeasure><QtyInPackage>לא ידוע</QtyInPackage><UnitOfMeasurePrice>0.1990</UnitOfMeasurePrice><AllowDiscount>1</AllowDiscount><ItemStatus>1</ItemStatus><ItemPrice>19.90</ItemPrice></item><item><PriceUpdateDate>2016-05-05 12:30:34</PriceUpdateDate><ItemCode>7290014466463</ItemCode><ItemType>1</ItemType><ItemName>יין הר חרמון מוסקטו</ItemName><ManufacturerName>יקבי רמת הגולן</ManufacturerName><ManufactureCountry>ישראל</ManufactureCountry><ManufacturerItemDescription>יין הר חרמון מוסקטו</ManufacturerItemDescription><SoldByWeight/><Quantity>750.00</Quantity><UnitOfMeasure>מ"ל</UnitOfMeasure><QtyInPackage>לא ידוע</QtyInPackage><UnitOfMeasurePrice>0.0439</UnitOfMeasurePrice><AllowDiscount>1</AllowDiscount><ItemStatus>1</ItemStatus><ItemPrice>32.90</ItemPrice></item><item><PriceUpdateDate>2015-11-17 14:35:52</PriceUpdateDate><ItemCode>7290014471047</ItemCode><ItemType>1</ItemType><ItemName>צ'וקטה כדורי דגנים ב</ItemName><ManufacturerName>יוגטה</ManufacturerName><ManufactureCountry>ישראל</ManufactureCountry><ManufacturerItemDescription>צוקטה כדורי דגנים בציפוי</ManufacturerItemDescription><SoldByWeight/><Quantity>70.00</Quantity><UnitOfMeasure>גרם     </UnitOfMeasure><QtyInPackage>לא ידוע</QtyInPackage><UnitOfMeasurePrice>0.1100</UnitOfMeasurePrice><AllowDiscount>1</AllowDiscount><ItemStatus>1</ItemStatus><ItemPrice>7.70</ItemPrice></item><item><PriceUpdateDate>2015-11-17 14:35:52</PriceUpdateDate><ItemCode>7290014471160</ItemCode><ItemType>1</ItemType><ItemName>קבוקים 150 גרם המותג</ItemName><ManufacturerName>"המותג"</ManufacturerName><ManufactureCountry>לא ידוע</ManufactureCountry><ManufacturerItemDescription>קבוקים 150 גרם המותג</ManufacturerItemDescription><SoldByWeight/><Quantity>150.00</Quantity><UnitOfMeasure>גרם     </UnitOfMeasure><QtyInPackage>לא ידוע</QtyInPackage><UnitOfMeasurePrice>0.0260</UnitOfMeasurePrice><AllowDiscount>1</AllowDiscount><ItemStatus>1</ItemStatus><ItemPrice>3.90</ItemPrice></item><item><PriceUpdateDate>2015-11-17 14:35:52</PriceUpdateDate><ItemCode>7290014471177</ItemCode><ItemType>1</ItemType><ItemName>בוטנים אמריקאים 150</ItemName><ManufacturerName>"המותג"</ManufacturerName><ManufactureCountry>לא ידוע</ManufactureCountry><ManufacturerItemDescription>בוטנים אמריקאים 150</ManufacturerItemDescription><SoldByWeight/><Quantity>150.00</Quantity><UnitOfMeasure>גרם     </UnitOfMeasure><QtyInPackage>לא ידוע</QtyInPackage><UnitOfMeasurePrice>0.0260</UnitOfMeasurePrice><AllowDiscount>1</AllowDiscount><ItemStatus>1</ItemStatus><ItemPrice>3.90</ItemPrice></item><item><PriceUpdateDate>2015-08-31 08:38:09</PriceUpdateDate><ItemCode>7290014471184</ItemCode><ItemType>1</ItemType><ItemName>מנצ'ס 150 גרם המותג</ItemName><ManufacturerName>"המותג"</ManufacturerName><ManufactureCountry>לא ידוע</ManufactureCountry><ManufacturerItemDescription>מנצ'ס 150 גרם המותג</ManufacturerItemDescription><SoldByWeight/><Quantity>150.00</Quantity><UnitOfMeasure>גרם     </UnitOfMeasure><QtyInPackage>לא ידוע</QtyInPackage><UnitOfMeasurePrice>0.0393</UnitOfMeasurePrice><AllowDiscount>1</AllowDiscount><ItemStatus>1</ItemStatus><ItemPrice>5.90</ItemPrice></item><item><PriceUpdateDate>2016-08-10 11:22:00</PriceUpdateDate><ItemCode>7290014471191</ItemCode><ItemType>1</ItemType><ItemName>חמוציות 200 גרם המות</ItemName><ManufacturerName>"המותג"</ManufacturerName><ManufactureCountry>לא ידוע</ManufactureCountry><ManufacturerItemDescription>חמוציות 200 גרם המות</ManufacturerItemDescription><SoldByWeight/><Quantity>200.00</Quantity><UnitOfMeasure>גרם     </UnitOfMeasure><QtyInPackage>לא ידוע</QtyInPackage><UnitOfMeasurePrice>0.0475</UnitOfMeasurePrice><AllowDiscount>1</AllowDiscount><ItemStatus>1</ItemStatus><ItemPrice>9.50</ItemPrice></item><item><PriceUpdateDate>2016-08-02 06:31:48</PriceUpdateDate><ItemCode>7290014501232</ItemCode><ItemType>1</ItemType><ItemName>מב יין גליל לבן 750</ItemName><ManufacturerName>הרי גליל</ManufacturerName><ManufactureCountry>ישראל</ManufactureCountry><ManufacturerItemDescription>יין גליל מרלו 750 מל</ManufacturerItemDescription><SoldByWeight/><Quantity>750.00</Quantity><UnitOfMeasure>מ"ל</UnitOfMeasure><QtyInPackage>לא ידוע</QtyInPackage><UnitOfMeasurePrice>0.0492</UnitOfMeasurePrice><AllowDiscount>1</AllowDiscount><ItemStatus>1</ItemStatus><ItemPrice>36.90</ItemPrice></item><item><PriceUpdateDate>2016-01-05 06:04:25</PriceUpdateDate><ItemCode>7290014525252</ItemCode><ItemType>1</ItemType><ItemName>מרבה עוגיות בוקר דגנ</ItemName><ManufacturerName>מרבה</ManufacturerName><ManufactureCountry>ספרד</ManufactureCountry><ManufacturerItemDescription>סבון פלמוליב    משאבה750</ManufacturerItemDescription><SoldByWeight/><Quantity>225.00</Quantity><UnitOfMeasure>גרם     </UnitOfMeasure><QtyInPackage>לא ידוע</QtyInPackage><UnitOfMeasurePrice>0.0631</UnitOfMeasurePrice><AllowDiscount>1</AllowDiscount><ItemStatus>1</ItemStatus><ItemPrice>14.20</ItemPrice></item><item><PriceUpdateDate>2016-08-02 06:36:38</PriceUpdateDate><ItemCode>7290014534001</ItemCode><ItemType>1</ItemType><ItemName>מב תרסיס שמן קנולה ל</ItemName><ManufacturerName>לא ממותג</ManufacturerName><ManufactureCountry>ישראל</ManufactureCountry><ManufacturerItemDescription>מב תרסיס שמן קנולה ל</ManufacturerItemDescription><SoldByWeight/><Quantity>170.00</Quantity><UnitOfMeasure>גרם     </UnitOfMeasure><QtyInPackage>לא ידוע</QtyInPackage><UnitOfMeasurePrice>0.0641</UnitOfMeasurePrice><AllowDiscount>1</AllowDiscount><ItemStatus>1</ItemStatus><ItemPrice>10.90</ItemPrice></item><item><PriceUpdateDate>2016-01-05 06:04:26</PriceUpdateDate><ItemCode>7290014555099</ItemCode><ItemType>1</ItemType><ItemName>מרכך כביסה מרוכז 1 ל</ItemName><ManufacturerName>"המותג"</ManufacturerName><ManufactureCountry>ישראל</ManufactureCountry><ManufacturerItemDescription>מרכך כביסה מרוכז 1 ל</ManufacturerItemDescription><SoldByWeight/><Quantity>1000.00</Quantity><UnitOfMeasure>מ"ל</UnitOfMeasure><QtyInPackage>לא ידוע</QtyInPackage><UnitOfMeasurePrice>0.0109</UnitOfMeasurePrice><AllowDiscount>1</AllowDiscount><ItemStatus>1</ItemStatus><ItemPrice>10.90</ItemPrice></item><item><PriceUpdateDate>2016-08-02 06:31:48</PriceUpdateDate><ItemCode>7290014603547</ItemCode><ItemType>1</ItemType><ItemName>גלידות קרמיסימו סנדי</ItemName><ManufacturerName>קרמיסימו</ManufacturerName><ManufactureCountry>ישראל</ManufactureCountry><ManufacturerItemDescription>קרמיסימו סנדיי וניל שוקול</ManufacturerItemDescription><SoldByWeight/><Quantity>1330.00</Quantity><UnitOfMeasure>מ"ל</UnitOfMeasure><QtyInPackage>לא ידוע</QtyInPackage><UnitOfMeasurePrice>0.0150</UnitOfMeasurePrice><AllowDiscount>1</AllowDiscount><ItemStatus>1</ItemStatus><ItemPrice>19.90</ItemPrice></item><item><PriceUpdateDate>2016-08-02 06:31:48</PriceUpdateDate><ItemCode>7290014603813</ItemCode><ItemType>1</ItemType><ItemName>גלידות קרמיסימו מסטי</ItemName><ManufacturerName>שטראוס גלידה</ManufacturerName><ManufactureCountry>ישראל</ManufactureCountry><ManufacturerItemDescription>גלידה קרמיסימו וניל מסטיק</ManufacturerItemDescription><SoldByWeight/><Quantity>665.00</Quantity><UnitOfMeasure>גרם     </UnitOfMeasure><QtyInPackage>לא ידוע</QtyInPackage><UnitOfMeasurePrice>0.0299</UnitOfMeasurePrice><AllowDiscount>1</AllowDiscount><ItemStatus>1</ItemStatus><ItemPrice>19.90</ItemPrice></item><item><PriceUpdateDate>2016-08-02 06:31:48</PriceUpdateDate><ItemCode>7290014746404</ItemCode><ItemType>1</ItemType><ItemName>אצבעות פילה שניצל בצ</ItemName><ManufacturerName>עוף טוב</ManufacturerName><ManufactureCountry>לא ידוע</ManufactureCountry><ManufacturerItemDescription>אצבעות פילה שניצל בצ</ManufacturerItemDescription><SoldByWeight/><Quantity>400.00</Quantity><UnitOfMeasure>גרם     </UnitOfMeasure><QtyInPackage>לא ידוע</QtyInPackage><UnitOfMeasurePrice>0.0458</UnitOfMeasurePrice><AllowDiscount>1</AllowDiscount><ItemStatus>1</ItemStatus><ItemPrice>18.30</ItemPrice></item><item><PriceUpdateDate>2016-02-01 20:38:49</PriceUpdateDate><ItemCode>7290014746589</ItemCode><ItemType>1</ItemType><ItemName>עוף טוב קורנביף 140/</ItemName><ManufacturerName>עוף טוב</ManufacturerName><ManufactureCountry>ישראל</ManufactureCountry><ManufacturerItemDescription>קורנביף</ManufacturerItemDescription><SoldByWeight/><Quantity>140.00</Quantity><UnitOfMeasure>גרם     </UnitOfMeasure><QtyInPackage>לא ידוע</QtyInPackage><UnitOfMeasurePrice>0.1379</UnitOfMeasurePrice><AllowDiscount>1</AllowDiscount><ItemStatus>1</ItemStatus><ItemPrice>19.30</ItemPrice></item><item><PriceUpdateDate>2016-06-28 06:23:57</PriceUpdateDate><ItemCode>7290014746602</ItemCode><ItemType>1</ItemType><ItemName>מב עוף טוב כתף בקר 2</ItemName><ManufacturerName>עוף טוב</ManufacturerName><ManufactureCountry>ישראל</ManufactureCountry><ManufacturerItemDescription>כתף בקר 280 גרם</ManufacturerItemDescription><SoldByWeight/><Quantity>280.00</Quantity><UnitOfMeasure>גרם     </UnitOfMeasure><QtyInPackage>לא ידוע</QtyInPackage><UnitOfMeasurePrice>0.0782</UnitOfMeasurePrice><AllowDiscount>1</AllowDiscount><ItemStatus>1</ItemStatus><ItemPrice>21.90</ItemPrice></item><item><PriceUpdateDate>2016-06-27 19:06:20</PriceUpdateDate><ItemCode>7290014758100</ItemCode><ItemType>1</ItemType><ItemName>מאגדת שמיניה יוגורט</ItemName><ManufacturerName>תנובה</ManufacturerName><ManufactureCountry>ישראל</ManufactureCountry><ManufacturerItemDescription>מאגדת שמיניה יוגורט</ManufacturerItemDescription><SoldByWeight/><Quantity>1200.00</Quantity><UnitOfMeasure>גרם     </UnitOfMeasure><QtyInPackage>לא ידוע</QtyInPackage><UnitOfMeasurePrice>0.0137</UnitOfMeasurePrice><AllowDiscount>1</AllowDiscount><ItemStatus>1</ItemStatus><ItemPrice>16.40</ItemPrice></item><item><PriceUpdateDate>2016-06-27 19:06:20</PriceUpdateDate><ItemCode>7290014758117</ItemCode><ItemType>1</ItemType><ItemName>מאגדת שמיניה יוגורט</ItemName><ManufacturerName>תנובה</ManufacturerName><ManufactureCountry>ישראל</ManufactureCountry><ManufacturerItemDescription>מאגדת שמיניה יוגורט</ManufacturerItemDescription><SoldByWeight/><Quantity>1200.00</Quantity><UnitOfMeasure>גרם     </UnitOfMeasure><QtyInPackage>לא ידוע</QtyInPackage><UnitOfMeasurePrice>0.0137</UnitOfMeasurePrice><AllowDiscount>1</AllowDiscount><ItemStatus>1</ItemStatus><ItemPrice>16.40</ItemPrice></item><item><PriceUpdateDate>2016-08-17 08:12:06</PriceUpdateDate><ItemCode>7290014758346</ItemCode><ItemType>1</ItemType><ItemName>מב מאגדת מעדן סויה ש</ItemName><ManufacturerName>מעדן תנובה</ManufacturerName><ManufactureCountry>ישראל</ManufactureCountry><ManufacturerItemDescription>מאגדת זוג מעדני סויה עם ש</ManufacturerItemDescription><SoldByWeight/><Quantity>250.00</Quantity><UnitOfMeasure>גרם     </UnitOfMeasure><QtyInPackage>לא ידוע</QtyInPackage><UnitOfMeasurePrice>0.0276</UnitOfMeasurePrice><AllowDiscount>1</AllowDiscount><ItemStatus>1</ItemStatus><ItemPrice>6.90</ItemPrice></item><item><PriceUpdateDate>2016-08-17 08:12:06</PriceUpdateDate><ItemCode>7290014758360</ItemCode><ItemType>1</ItemType><ItemName>מב מאגדת מעדן סויה ת</ItemName><ManufacturerName>מעדן תנובה</ManufacturerName><ManufactureCountry>ישראל</ManufactureCountry><ManufacturerItemDescription>מאגדת זוג מעדני סויה עם ת</ManufacturerItemDescription><SoldByWeight/><Quantity>250.00</Quantity><UnitOfMeasure>גרם     </UnitOfMeasure><QtyInPackage>לא ידוע</QtyInPackage><UnitOfMeasurePrice>0.0276</UnitOfMeasurePrice><AllowDiscount>1</AllowDiscount><ItemStatus>1</ItemStatus><ItemPrice>6.90</ItemPrice></item><item><PriceUpdateDate>2016-08-17 08:12:06</PriceUpdateDate><ItemCode>7290014758377</ItemCode><ItemType>1</ItemType><ItemName>מב מאגדת מעדן סויה א</ItemName><ManufacturerName>מעדן תנובה</ManufacturerName><ManufactureCountry>ישראל</ManufactureCountry><ManufacturerItemDescription>מאגדת זוג מעדני סויה עם א</ManufacturerItemDescription><SoldByWeight/><Quantity>250.00</Quantity><UnitOfMeasure>גרם     </UnitOfMeasure><QtyInPackage>לא ידוע</QtyInPackage><UnitOfMeasurePrice>0.0276</UnitOfMeasurePrice><AllowDiscount>1</AllowDiscount><ItemStatus>1</ItemStatus><ItemPrice>6.90</ItemPrice></item><item><PriceUpdateDate>2016-08-02 06:36:39</PriceUpdateDate><ItemCode>7290014759084</ItemCode><ItemType>1</ItemType><ItemName>מב גבינת נפוליאון טב</ItemName><ManufacturerName>נפוליאון</ManufacturerName><ManufactureCountry>ישראל</ManufactureCountry><ManufacturerItemDescription>גבינה שמנת נפוליאון 225 ג</ManufacturerItemDescription><SoldByWeight/><Quantity>225.00</Quantity><UnitOfMeasure>גרם     </UnitOfMeasure><QtyInPackage>לא ידוע</QtyInPackage><UnitOfMeasurePrice>0.0444</UnitOfMeasurePrice><AllowDiscount>1</AllowDiscount><ItemStatus>1</ItemStatus><ItemPrice>10.00</ItemPrice></item><item><PriceUpdateDate>2016-03-29 06:06:43</PriceUpdateDate><ItemCode>7290014759534</ItemCode><ItemType>1</ItemType><ItemName>בולגרית למריחה פיראו</ItemName><ManufacturerName>פיראוס</ManufacturerName><ManufactureCountry>ישראל</ManufactureCountry><ManufacturerItemDescription>בולגרית למריחה</ManufacturerItemDescription><SoldByWeight/><Quantity>200.00</Quantity><UnitOfMeasure>גרם     </UnitOfMeasure><QtyInPackage>לא ידוע</QtyInPackage><UnitOfMeasurePrice>0.0710</UnitOfMeasurePrice><AllowDiscount>1</AllowDiscount><ItemStatus>1</ItemStatus><ItemPrice>14.20</ItemPrice></item><item><PriceUpdateDate>2016-08-02 06:36:39</PriceUpdateDate><ItemCode>7290014759909</ItemCode><ItemType>1</ItemType><ItemName>מב פטה עיזים פיראוס</ItemName><ManufacturerName>פיראוס</ManufacturerName><ManufactureCountry>ישראל</ManufactureCountry><ManufacturerItemDescription>מב פטה עיזים פיראוס</ManufacturerItemDescription><SoldByWeight/><Quantity>250.00</Quantity><UnitOfMeasure>גרם     </UnitOfMeasure><QtyInPackage>לא ידוע</QtyInPackage><UnitOfMeasurePrice>0.0876</UnitOfMeasurePrice><AllowDiscount>1</AllowDiscount><ItemStatus>1</ItemStatus><ItemPrice>21.90</ItemPrice></item><item><PriceUpdateDate>2016-08-16 08:54:48</PriceUpdateDate><ItemCode>7290014759978</ItemCode><ItemType>1</ItemType><ItemName>מב גבינת קולאז' קצ'ק</ItemName><ManufacturerName>גבינות תנובה</ManufacturerName><ManufactureCountry>ישראל</ManufactureCountry><ManufacturerItemDescription>קצקבל פלח 200 גרם</ManufacturerItemDescription><SoldByWeight/><Quantity>200.00</Quantity><UnitOfMeasure>גרם     </UnitOfMeasure><QtyInPackage>לא ידוע</QtyInPackage><UnitOfMeasurePrice>0.0995</UnitOfMeasurePrice><AllowDiscount>1</AllowDiscount><ItemStatus>1</ItemStatus><ItemPrice>19.90</ItemPrice></item><item><PriceUpdateDate>2015-10-13 09:48:33</PriceUpdateDate><ItemCode>7290014761063</ItemCode><ItemType>1</ItemType><ItemName>מעדן שוקולד מריר  12</ItemName><ManufacturerName>מעדן תנובה</ManufacturerName><ManufactureCountry>ישראל</ManufactureCountry><ManufacturerItemDescription>YOLOשוקולד מריר מעולה</ManufacturerItemDescription><SoldByWeight/><Quantity>123.00</Quantity><UnitOfMeasure>גרם     </UnitOfMeasure><QtyInPackage>לא ידוע</QtyInPackage><UnitOfMeasurePrice>0.0374</UnitOfMeasurePrice><AllowDiscount>1</AllowDiscount><ItemStatus>1</ItemStatus><ItemPrice>4.60</ItemPrice></item><item><PriceUpdateDate>2015-10-13 09:48:33</PriceUpdateDate><ItemCode>7290014761070</ItemCode><ItemType>1</ItemType><ItemName>מעדן YOLO שוקולד לבן</ItemName><ManufacturerName>מעדן תנובה</ManufacturerName><ManufactureCountry>ישראל</ManufactureCountry><ManufacturerItemDescription>YOLOשוקולד לבן מעולה</ManufacturerItemDescription><SoldByWeight/><Quantity>123.00</Quantity><UnitOfMeasure>גרם     </UnitOfMeasure><QtyInPackage>לא ידוע</QtyInPackage><UnitOfMeasurePrice>0.0374</UnitOfMeasurePrice><AllowDiscount>1</AllowDiscount><ItemStatus>1</ItemStatus><ItemPrice>4.60</ItemPrice></item><item><PriceUpdateDate>2016-05-06 08:07:12</PriceUpdateDate><ItemCode>7290014762930</ItemCode><ItemType>1</ItemType><ItemName>פרוסות בולגרית 5% פי</ItemName><ManufacturerName>פיראוס</ManufacturerName><ManufactureCountry>ישראל</ManufactureCountry><ManufacturerItemDescription>גבינה בולגרית קוביות פירא</ManufacturerItemDescription><SoldByWeight/><Quantity>200.00</Quantity><UnitOfMeasure>גרם     </UnitOfMeasure><QtyInPackage>לא ידוע</QtyInPackage><UnitOfMeasurePrice>0.1075</UnitOfMeasurePrice><AllowDiscount>1</AllowDiscount><ItemStatus>1</ItemStatus><ItemPrice>21.50</ItemPrice></item><item><PriceUpdateDate>2016-08-17 08:12:06</PriceUpdateDate><ItemCode>7290014763401</ItemCode><ItemType>1</ItemType><ItemName>מב משקה סויה BIO בטע</ItemName><ManufacturerName>תנובה</ManufacturerName><ManufactureCountry>לא ידוע</ManufactureCountry><ManufacturerItemDescription>מב משקה סויה BIO בטע</ManufacturerItemDescription><SoldByWeight/><Quantity>250.00</Quantity><UnitOfMeasure>מ"ל</UnitOfMeasure><QtyInPackage>לא ידוע</QtyInPackage><UnitOfMeasurePrice>0.0196</UnitOfMeasurePrice><AllowDiscount>1</AllowDiscount><ItemStatus>1</ItemStatus><ItemPrice>4.90</ItemPrice></item><item><PriceUpdateDate>2016-05-31 09:31:18</PriceUpdateDate><ItemCode>7290014791565</ItemCode><ItemType>1</ItemType><ItemName>שוופס ענבים 1.5 ליטר</ItemName><ManufacturerName>שוופס</ManufacturerName><ManufactureCountry>ישראל</ManufactureCountry><ManufacturerItemDescription>שוופס ענבים 1.5 ליטר</ManufacturerItemDescription><SoldByWeight/><Quantity>1500.00</Quantity><UnitOfMeasure>מ"ל</UnitOfMeasure><QtyInPackage>לא ידוע</QtyInPackage><UnitOfMeasurePrice>0.0053</UnitOfMeasurePrice><AllowDiscount>1</AllowDiscount><ItemStatus>1</ItemStatus><ItemPrice>7.90</ItemPrice></item><item><PriceUpdateDate>2016-02-26 06:48:17</PriceUpdateDate><ItemCode>7290014791589</ItemCode><ItemType>1</ItemType><ItemName>תפוזינה לימונדה MIX</ItemName><ManufacturerName>תפוזינה</ManufacturerName><ManufactureCountry>ישראל</ManufactureCountry><ManufacturerItemDescription>תפוזינה לימונדה MIX</ManufacturerItemDescription><SoldByWeight/><Quantity>1500.00</Quantity><UnitOfMeasure>מ"ל</UnitOfMeasure><QtyInPackage>לא ידוע</QtyInPackage><UnitOfMeasurePrice>0.0050</UnitOfMeasurePrice><AllowDiscount>1</AllowDiscount><ItemStatus>1</ItemStatus><ItemPrice>7.50</ItemPrice></item><item><PriceUpdateDate>2016-08-02 06:31:49</PriceUpdateDate><ItemCode>7290014905207</ItemCode><ItemType>1</ItemType><ItemName>W.C ג'ל לאסלה 750 מ"</ItemName><ManufacturerName>יעקבי</ManufacturerName><ManufactureCountry>ישראל</ManufactureCountry><ManufacturerItemDescription>W.C ג'ל לאסלה 750 מ"</ManufacturerItemDescription><SoldByWeight/><Quantity>750.00</Quantity><UnitOfMeasure>מ"ל</UnitOfMeasure><QtyInPackage>לא ידוע</QtyInPackage><UnitOfMeasurePrice>0.0147</UnitOfMeasurePrice><AllowDiscount>1</AllowDiscount><ItemStatus>1</ItemStatus><ItemPrice>11.00</ItemPrice></item><item><PriceUpdateDate>2016-08-02 06:31:49</PriceUpdateDate><ItemCode>7290014905689</ItemCode><ItemType>1</ItemType><ItemName>מב נוזל כלים הפי ירו</ItemName><ManufacturerName>יעקבי</ManufacturerName><ManufactureCountry>ישראל</ManufactureCountry><ManufacturerItemDescription>מב נוזל כלים הפי ירו</ManufacturerItemDescription><SoldByWeight/><Quantity>750.00</Quantity><UnitOfMeasure>מ"ל</UnitOfMeasure><QtyInPackage>לא ידוע</QtyInPackage><UnitOfMeasurePrice>0.0105</UnitOfMeasurePrice><AllowDiscount>1</AllowDiscount><ItemStatus>1</ItemStatus><ItemPrice>7.90</ItemPrice></item><item><PriceUpdateDate>2016-02-01 20:38:49</PriceUpdateDate><ItemCode>7290015005333</ItemCode><ItemType>1</ItemType><ItemName>אפונה וגזר קפואים 80</ItemName><ManufacturerName>"המותג"</ManufacturerName><ManufactureCountry>ישראל</ManufactureCountry><ManufacturerItemDescription>אפונה וגזר קפואים 80</ManufacturerItemDescription><SoldByWeight/><Quantity>800.00</Quantity><UnitOfMeasure>גרם     </UnitOfMeasure><QtyInPackage>לא ידוע</QtyInPackage><UnitOfMeasurePrice>0.0136</UnitOfMeasurePrice><AllowDiscount>1</AllowDiscount><ItemStatus>1</ItemStatus><ItemPrice>10.90</ItemPrice></item><item><PriceUpdateDate>2016-02-01 20:38:49</PriceUpdateDate><ItemCode>7290015005388</ItemCode><ItemType>1</ItemType><ItemName>שעועית צהובה קפואה 8</ItemName><ManufacturerName>"המותג"</ManufacturerName><ManufactureCountry>ישראל</ManufactureCountry><ManufacturerItemDescription>שעועית צהובה קפואה 8</ManufacturerItemDescription><SoldByWeight/><Quantity>800.00</Quantity><UnitOfMeasure>גרם     </UnitOfMeasure><QtyInPackage>לא ידוע</QtyInPackage><UnitOfMeasurePrice>0.0136</UnitOfMeasurePrice><AllowDiscount>1</AllowDiscount><ItemStatus>1</ItemStatus><ItemPrice>10.90</ItemPrice></item><item><PriceUpdateDate>2016-02-01 20:38:49</PriceUpdateDate><ItemCode>7290015005395</ItemCode><ItemType>1</ItemType><ItemName>שעועית חתוכה קפואה 8</ItemName><ManufacturerName>"המותג"</ManufacturerName><ManufactureCountry>ישראל</ManufactureCountry><ManufacturerItemDescription>שעועית חתוכה קפואה 8</ManufacturerItemDescription><SoldByWeight/><Quantity>800.00</Quantity><UnitOfMeasure>גרם     </UnitOfMeasure><QtyInPackage>לא ידוע</QtyInPackage><UnitOfMeasurePrice>0.0136</UnitOfMeasurePrice><AllowDiscount>1</AllowDiscount><ItemStatus>1</ItemStatus><ItemPrice>10.90</ItemPrice></item><item><PriceUpdateDate>2016-02-01 20:38:49</PriceUpdateDate><ItemCode>7290015005418</ItemCode><ItemType>1</ItemType><ItemName>תירס קפוא 800 גרם המ</ItemName><ManufacturerName>"המותג"</ManufacturerName><ManufactureCountry>ישראל</ManufactureCountry><ManufacturerItemDescription>תירס קפוא 800 גרם המ</ManufacturerItemDescription><SoldByWeight/><Quantity>800.00</Quantity><UnitOfMeasure>גרם     </UnitOfMeasure><QtyInPackage>לא ידוע</QtyInPackage><UnitOfMeasurePrice>0.0136</UnitOfMeasurePrice><AllowDiscount>1</AllowDiscount><ItemStatus>1</ItemStatus><ItemPrice>10.90</ItemPrice></item><item><PriceUpdateDate>2015-05-06 06:50:08</PriceUpdateDate><ItemCode>7290015005425</ItemCode><ItemType>1</ItemType><ItemName>גרעיני חומוס 800 גרם</ItemName><ManufacturerName>"המותג"</ManufacturerName><ManufactureCountry>ישראל</ManufactureCountry><ManufacturerItemDescription>גרעיני חומוס 800 גרם</ManufacturerItemDescription><SoldByWeight/><Quantity>800.00</Quantity><UnitOfMeasure>גרם     </UnitOfMeasure><QtyInPackage>לא ידוע</QtyInPackage><UnitOfMeasurePrice>0.0136</UnitOfMeasurePrice><AllowDiscount>1</AllowDiscount><ItemStatus>1</ItemStatus><ItemPrice>10.90</ItemPrice></item><item><PriceUpdateDate>2015-05-06 06:50:08</PriceUpdateDate><ItemCode>7290015005449</ItemCode><ItemType>1</ItemType><ItemName>פולי סויה 400 גרם המ</ItemName><ManufacturerName>"המותג"</ManufacturerName><ManufactureCountry>ישראל</ManufactureCountry><ManufacturerItemDescription>פולי סויה 400 גרם המ</ManufacturerItemDescription><SoldByWeight/><Quantity>400.00</Quantity><UnitOfMeasure>גרם     </UnitOfMeasure><QtyInPackage>לא ידוע</QtyInPackage><UnitOfMeasurePrice>0.0223</UnitOfMeasurePrice><AllowDiscount>1</AllowDiscount><ItemStatus>1</ItemStatus><ItemPrice>8.90</ItemPrice></item><item><PriceUpdateDate>2015-11-17 14:35:54</PriceUpdateDate><ItemCode>7290015009126</ItemCode><ItemType>1</ItemType><ItemName>עלי טורטייה קמח מלא</ItemName><ManufacturerName>לא ממותג</ManufacturerName><ManufactureCountry>ישראל</ManufactureCountry><ManufacturerItemDescription>עלי טורטייה קמח מלא</ManufacturerItemDescription><SoldByWeight/><Quantity>420.00</Quantity><UnitOfMeasure>גרם     </UnitOfMeasure><QtyInPackage>לא ידוע</QtyInPackage><UnitOfMeasurePrice>0.0426</UnitOfMeasurePrice><AllowDiscount>1</AllowDiscount><ItemStatus>1</ItemStatus><ItemPrice>17.90</ItemPrice></item><item><PriceUpdateDate>2016-03-01 06:24:48</PriceUpdateDate><ItemCode>7290015025409</ItemCode><ItemType>1</ItemType><ItemName>טוסו חטיף דגנים עם ש</ItemName><ManufacturerName>טוסו</ManufacturerName><ManufactureCountry>לא ידוע</ManufactureCountry><ManufacturerItemDescription>טוסו חטיף דגנים עם ש</ManufacturerItemDescription><SoldByWeight/><Quantity>120.00</Quantity><UnitOfMeasure>גרם     </UnitOfMeasure><QtyInPackage>לא ידוע</QtyInPackage><UnitOfMeasurePrice>0.1408</UnitOfMeasurePrice><AllowDiscount>1</AllowDiscount><ItemStatus>1</ItemStatus><ItemPrice>16.90</ItemPrice></item><item><PriceUpdateDate>2015-11-12 11:29:39</PriceUpdateDate><ItemCode>7290015039130</ItemCode><ItemType>1</ItemType><ItemName>חמאה בלגית 200 גרם ל</ItemName><ManufacturerName>ויליפוד</ManufacturerName><ManufactureCountry>ישראל</ManufactureCountry><ManufacturerItemDescription>חמאה בלגית 200 גרם ל</ManufacturerItemDescription><SoldByWeight/><Quantity>0.00</Quantity><UnitOfMeasure>גרם     </UnitOfMeasure><QtyInPackage>לא ידוע</QtyInPackage><UnitOfMeasurePrice>0.0000</UnitOfMeasurePrice><AllowDiscount>1</AllowDiscount><ItemStatus>1</ItemStatus><ItemPrice>8.10</ItemPrice></item><item><PriceUpdateDate>2016-06-14 08:55:15</PriceUpdateDate><ItemCode>7290015150057</ItemCode><ItemType>1</ItemType><ItemName>ביסקוויט סנדוויץ' במ</ItemName><ManufacturerName>Biscuit</ManufacturerName><ManufactureCountry>ישראל</ManufactureCountry><ManufacturerItemDescription>ביסקוויט סנדוויץ' במ</ManufacturerItemDescription><SoldByWeight/><Quantity>240.00</Quantity><UnitOfMeasure>גרם     </UnitOfMeasure><QtyInPackage>לא ידוע</QtyInPackage><UnitOfMeasurePrice>0.0329</UnitOfMeasurePrice><AllowDiscount>1</AllowDiscount><ItemStatus>1</ItemStatus><ItemPrice>7.90</ItemPrice></item><item><PriceUpdateDate>2016-06-14 08:55:15</PriceUpdateDate><ItemCode>7290015150071</ItemCode><ItemType>1</ItemType><ItemName>סופר או'ז סנדויץ' ונ</ItemName><ManufacturerName>לא ממותג</ManufacturerName><ManufactureCountry>ישראל</ManufactureCountry><ManufacturerItemDescription>סופר או'ז סנדויץ' ונ</ManufacturerItemDescription><SoldByWeight/><Quantity>165.00</Quantity><UnitOfMeasure>גרם     </UnitOfMeasure><QtyInPackage>לא ידוע</QtyInPackage><UnitOfMeasurePrice>0.0479</UnitOfMeasurePrice><AllowDiscount>1</AllowDiscount><ItemStatus>1</ItemStatus><ItemPrice>7.90</ItemPrice></item><item><PriceUpdateDate>2016-08-02 06:36:39</PriceUpdateDate><ItemCode>7290015150378</ItemCode><ItemType>1</ItemType><ItemName>מב ויסוצקי קר אפרסק</ItemName><ManufacturerName>ויסוצקי</ManufacturerName><ManufactureCountry>ישראל</ManufactureCountry><ManufacturerItemDescription>תה קר אפרסק</ManufacturerItemDescription><SoldByWeight/><Quantity>50.00</Quantity><UnitOfMeasure>גרם     </UnitOfMeasure><QtyInPackage>לא ידוע</QtyInPackage><UnitOfMeasurePrice>0.2980</UnitOfMeasurePrice><AllowDiscount>1</AllowDiscount><ItemStatus>1</ItemStatus><ItemPrice>14.90</ItemPrice></item><item><PriceUpdateDate>2016-08-02 06:36:39</PriceUpdateDate><ItemCode>7290015150750</ItemCode><ItemType>1</ItemType><ItemName>מב ויסוצקי קר לימוני</ItemName><ManufacturerName>ויסוצקי</ManufacturerName><ManufactureCountry>ישראל</ManufactureCountry><ManufacturerItemDescription>תה קר אפרסק</ManufacturerItemDescription><SoldByWeight/><Quantity>50.00</Quantity><UnitOfMeasure>גרם     </UnitOfMeasure><QtyInPackage>לא ידוע</QtyInPackage><UnitOfMeasurePrice>0.2980</UnitOfMeasurePrice><AllowDiscount>1</AllowDiscount><ItemStatus>1</ItemStatus><ItemPrice>14.90</ItemPrice></item><item><PriceUpdateDate>2016-06-27 19:06:22</PriceUpdateDate><ItemCode>7290015193085</ItemCode><ItemType>1</ItemType><ItemName>פחם מעץ מהגוני 2 ק"ג</ItemName><ManufacturerName>לא ממותג</ManufacturerName><ManufactureCountry>ישראל</ManufactureCountry><ManufacturerItemDescription>פחם מהגוני בשקית 2 קג</ManufacturerItemDescription><SoldByWeight/><Quantity>2000.00</Quantity><UnitOfMeasure>גרם     </UnitOfMeasure><QtyInPackage>לא ידוע</QtyInPackage><UnitOfMeasurePrice>0.0070</UnitOfMeasurePrice><AllowDiscount>1</AllowDiscount><ItemStatus>1</ItemStatus><ItemPrice>13.90</ItemPrice></item><item><PriceUpdateDate>2015-12-17 14:35:44</PriceUpdateDate><ItemCode>7290015282031</ItemCode><ItemType>1</ItemType><ItemName>חומוס עם חריף 300 גר</ItemName><ManufacturerName>סלטי שמיר</ManufacturerName><ManufactureCountry>ישראל</ManufactureCountry><ManufacturerItemDescription>חומוס עם חריף 300 גר</ManufacturerItemDescription><SoldByWeight/><Quantity>300.00</Quantity><UnitOfMeasure>גרם     </UnitOfMeasure><QtyInPackage>לא ידוע</QtyInPackage><UnitOfMeasurePrice>0.0330</UnitOfMeasurePrice><AllowDiscount>1</AllowDiscount><ItemStatus>1</ItemStatus><ItemPrice>9.90</ItemPrice></item><item><PriceUpdateDate>2015-12-17 14:35:44</PriceUpdateDate><ItemCode>7290015282048</ItemCode><ItemType>1</ItemType><ItemName>חומוס מזרחי 300 גרם</ItemName><ManufacturerName>סלטי שמיר</ManufacturerName><ManufactureCountry>ישראל</ManufactureCountry><ManufacturerItemDescription>חומוס מזרחי 300 גרם</ManufacturerItemDescription><SoldByWeight/><Quantity>300.00</Quantity><UnitOfMeasure>גרם     </UnitOfMeasure><QtyInPackage>לא ידוע</QtyInPackage><UnitOfMeasurePrice>0.0330</UnitOfMeasurePrice><AllowDiscount>1</AllowDiscount><ItemStatus>1</ItemStatus><ItemPrice>9.90</ItemPrice></item><item><PriceUpdateDate>2015-10-22 09:59:14</PriceUpdateDate><ItemCode>7290015282284</ItemCode><ItemType>1</ItemType><ItemName>סלט כרוב אדום 300 גר</ItemName><ManufacturerName>סלטי שמיר</ManufacturerName><ManufactureCountry>ישראל</ManufactureCountry><ManufacturerItemDescription>סלט כרוב אדום 300 גר</ManufacturerItemDescription><SoldByWeight/><Quantity>300.00</Quantity><UnitOfMeasure>גרם     </UnitOfMeasure><QtyInPackage>לא ידוע</QtyInPackage><UnitOfMeasurePrice>0.0337</UnitOfMeasurePrice><AllowDiscount>1</AllowDiscount><ItemStatus>1</ItemStatus><ItemPrice>10.10</ItemPrice></item><item><PriceUpdateDate>2015-12-17 14:35:44</PriceUpdateDate><ItemCode>7290015282291</ItemCode><ItemType>1</ItemType><ItemName>טחינה ביתית 300 גרם</ItemName><ManufacturerName>סלטי שמיר</ManufacturerName><ManufactureCountry>ישראל</ManufactureCountry><ManufacturerItemDescription>טחינה ביתית 300 גרם</ManufacturerItemDescription><SoldByWeight/><Quantity>300.00</Quantity><UnitOfMeasure>גרם     </UnitOfMeasure><QtyInPackage>לא ידוע</QtyInPackage><UnitOfMeasurePrice>0.0330</UnitOfMeasurePrice><AllowDiscount>1</AllowDiscount><ItemStatus>1</ItemStatus><ItemPrice>9.90</ItemPrice></item><item><PriceUpdateDate>2015-12-17 14:35:44</PriceUpdateDate><ItemCode>7290015282307</ItemCode><ItemType>1</ItemType><ItemName>סלט חציל במיונז 300</ItemName><ManufacturerName>סלטי שמיר</ManufacturerName><ManufactureCountry>ישראל</ManufactureCountry><ManufacturerItemDescription>סלט חציל במיונז 300</ManufacturerItemDescription><SoldByWeight/><Quantity>300.00</Quantity><UnitOfMeasure>גרם     </UnitOfMeasure><QtyInPackage>לא ידוע</QtyInPackage><UnitOfMeasurePrice>0.0330</UnitOfMeasurePrice><AllowDiscount>1</AllowDiscount><ItemStatus>1</ItemStatus><ItemPrice>9.90</ItemPrice></item><item><PriceUpdateDate>2015-12-17 14:35:44</PriceUpdateDate><ItemCode>7290015282314</ItemCode><ItemType>1</ItemType><ItemName>סלט קולסלואו אמריקאי</ItemName><ManufacturerName>סלטי שמיר</ManufacturerName><ManufactureCountry>ישראל</ManufactureCountry><ManufacturerItemDescription>סלט קולסלואו אמריקאי</ManufacturerItemDescription><SoldByWeight/><Quantity>300.00</Quantity><UnitOfMeasure>גרם     </UnitOfMeasure><QtyInPackage>לא ידוע</QtyInPackage><UnitOfMeasurePrice>0.0330</UnitOfMeasurePrice><AllowDiscount>1</AllowDiscount><ItemStatus>1</ItemStatus><ItemPrice>9.90</ItemPrice></item><item><PriceUpdateDate>2015-12-17 14:35:44</PriceUpdateDate><ItemCode>7290015282321</ItemCode><ItemType>1</ItemType><ItemName>סלט סלק 300 גרם</ItemName><ManufacturerName>סלטי שמיר</ManufacturerName><ManufactureCountry>ישראל</ManufactureCountry><ManufacturerItemDescription>סלט סלק 300 גרם</ManufacturerItemDescription><SoldByWeight/><Quantity>300.00</Quantity><UnitOfMeasure>גרם     </UnitOfMeasure><QtyInPackage>לא ידוע</QtyInPackage><UnitOfMeasurePrice>0.0330</UnitOfMeasurePrice><AllowDiscount>1</AllowDiscount><ItemStatus>1</ItemStatus><ItemPrice>9.90</ItemPrice></item><item><PriceUpdateDate>2015-12-17 14:35:44</PriceUpdateDate><ItemCode>7290015282345</ItemCode><ItemType>1</ItemType><ItemName>סלט תורכי איסטנבול 3</ItemName><ManufacturerName>סלטי שמיר</ManufacturerName><ManufactureCountry>ישראל</ManufactureCountry><ManufacturerItemDescription>סלט תורכי איסטנבול 3</ManufacturerItemDescription><SoldByWeight/><Quantity>300.00</Quantity><UnitOfMeasure>גרם     </UnitOfMeasure><QtyInPackage>לא ידוע</QtyInPackage><UnitOfMeasurePrice>0.0330</UnitOfMeasurePrice><AllowDiscount>1</AllowDiscount><ItemStatus>1</ItemStatus><ItemPrice>9.90</ItemPrice></item><item><PriceUpdateDate>2015-12-17 14:35:44</PriceUpdateDate><ItemCode>7290015282352</ItemCode><ItemType>1</ItemType><ItemName>סלט תפוחי אדמה 300 ג</ItemName><ManufacturerName>סלטי שמיר</ManufacturerName><ManufactureCountry>ישראל</ManufactureCountry><ManufacturerItemDescription>סלט תפוחי אדמה 300 ג</ManufacturerItemDescription><SoldByWeight/><Quantity>300.00</Quantity><UnitOfMeasure>גרם     </UnitOfMeasure><QtyInPackage>לא ידוע</QtyInPackage><UnitOfMeasurePrice>0.0330</UnitOfMeasurePrice><AllowDiscount>1</AllowDiscount><ItemStatus>1</ItemStatus><ItemPrice>9.90</ItemPrice></item><item><PriceUpdateDate>2015-12-17 14:35:44</PriceUpdateDate><ItemCode>7290015282420</ItemCode><ItemType>1</ItemType><ItemName>סלט חציל על האש 300</ItemName><ManufacturerName>סלטי שמיר</ManufacturerName><ManufactureCountry>ישראל</ManufactureCountry><ManufacturerItemDescription>סלט חציל על האש 300</ManufacturerItemDescription><SoldByWeight/><Quantity>300.00</Quantity><UnitOfMeasure>גרם     </UnitOfMeasure><QtyInPackage>לא ידוע</QtyInPackage><UnitOfMeasurePrice>0.0330</UnitOfMeasurePrice><AllowDiscount>1</AllowDiscount><ItemStatus>1</ItemStatus><ItemPrice>9.90</ItemPrice></item><item><PriceUpdateDate>2015-12-17 14:35:44</PriceUpdateDate><ItemCode>7290015282956</ItemCode><ItemType>1</ItemType><ItemName>חציל בטחינה 300 גרם</ItemName><ManufacturerName>סלטי שמיר</ManufacturerName><ManufactureCountry>ישראל</ManufactureCountry><ManufacturerItemDescription>חציל בטחינה 300 גרם</ManufacturerItemDescription><SoldByWeight/><Quantity>300.00</Quantity><UnitOfMeasure>גרם     </UnitOfMeasure><QtyInPackage>לא ידוע</QtyInPackage><UnitOfMeasurePrice>0.0330</UnitOfMeasurePrice><AllowDiscount>1</AllowDiscount><ItemStatus>1</ItemStatus><ItemPrice>9.90</ItemPrice></item><item><PriceUpdateDate>2015-12-17 14:35:44</PriceUpdateDate><ItemCode>7290015282970</ItemCode><ItemType>1</ItemType><ItemName>חציל רומני 300 גרם</ItemName><ManufacturerName>סלטי שמיר</ManufacturerName><ManufactureCountry>ישראל</ManufactureCountry><ManufacturerItemDescription>חציל רומני 300 גרם</ManufacturerItemDescription><SoldByWeight/><Quantity>300.00</Quantity><UnitOfMeasure>גרם     </UnitOfMeasure><QtyInPackage>לא ידוע</QtyInPackage><UnitOfMeasurePrice>0.0330</UnitOfMeasurePrice><AllowDiscount>1</AllowDiscount><ItemStatus>1</ItemStatus><ItemPrice>9.90</ItemPrice></item><item><PriceUpdateDate>2015-12-17 14:35:44</PriceUpdateDate><ItemCode>7290015282994</ItemCode><ItemType>1</ItemType><ItemName>סלט חמוצים סיני 300</ItemName><ManufacturerName>סלטי שמיר</ManufacturerName><ManufactureCountry>ישראל</ManufactureCountry><ManufacturerItemDescription>סלט חמוצים סיני 300</ManufacturerItemDescription><SoldByWeight/><Quantity>300.00</Quantity><UnitOfMeasure>גרם     </UnitOfMeasure><QtyInPackage>לא ידוע</QtyInPackage><UnitOfMeasurePrice>0.0330</UnitOfMeasurePrice><AllowDiscount>1</AllowDiscount><ItemStatus>1</ItemStatus><ItemPrice>9.90</ItemPrice></item><item><PriceUpdateDate>2015-10-22 09:59:14</PriceUpdateDate><ItemCode>7290015324014</ItemCode><ItemType>1</ItemType><ItemName>פלפל שחור טחון 80 גר</ItemName><ManufacturerName>טעם וריח</ManufacturerName><ManufactureCountry>ישראל</ManufactureCountry><ManufacturerItemDescription>פלפל שחור טחון 80 גרם</ManufacturerItemDescription><SoldByWeight/><Quantity>80.00</Quantity><UnitOfMeasure>גרם     </UnitOfMeasure><QtyInPackage>לא ידוע</QtyInPackage><UnitOfMeasurePrice>0.1900</UnitOfMeasurePrice><AllowDiscount>1</AllowDiscount><ItemStatus>1</ItemStatus><ItemPrice>15.20</ItemPrice></item><item><PriceUpdateDate>2016-05-31 09:31:18</PriceUpdateDate><ItemCode>7290015324052</ItemCode><ItemType>1</ItemType><ItemName>פפריקה מתוקה 80 גרם</ItemName><ManufacturerName>תבליני טעם וריח</ManufacturerName><ManufactureCountry>ישראל</ManufactureCountry><ManufacturerItemDescription>פפריקה מתוקה 80 גרם</ManufacturerItemDescription><SoldByWeight/><Quantity>80.00</Quantity><UnitOfMeasure>גרם     </UnitOfMeasure><QtyInPackage>לא ידוע</QtyInPackage><UnitOfMeasurePrice>0.0988</UnitOfMeasurePrice><AllowDiscount>1</AllowDiscount><ItemStatus>1</ItemStatus><ItemPrice>7.90</ItemPrice></item><item><PriceUpdateDate>2015-11-17 14:35:54</PriceUpdateDate><ItemCode>7290015324069</ItemCode><ItemType>1</ItemType><ItemName>גריל עוף 80 גרם</ItemName><ManufacturerName>טעם וריח</ManufacturerName><ManufactureCountry>ישראל</ManufactureCountry><ManufacturerItemDescription>גריל עוף 80 גרם</ManufacturerItemDescription><SoldByWeight/><Quantity>80.00</Quantity><UnitOfMeasure>גרם     </UnitOfMeasure><QtyInPackage>לא ידוע</QtyInPackage><UnitOfMeasurePrice>0.0887</UnitOfMeasurePrice><AllowDiscount>1</AllowDiscount><ItemStatus>1</ItemStatus><ItemPrice>7.10</ItemPrice></item><item><PriceUpdateDate>2015-11-17 14:35:54</PriceUpdateDate><ItemCode>7290015324090</ItemCode><ItemType>1</ItemType><ItemName>כמון מזרחי 80 גרם</ItemName><ManufacturerName>תבליני טעם וריח</ManufacturerName><ManufactureCountry>ישראל</ManufactureCountry><ManufacturerItemDescription>כמון 80 גרם</ManufacturerItemDescription><SoldByWeight/><Quantity>80.00</Quantity><UnitOfMeasure>גרם     </UnitOfMeasure><QtyInPackage>לא ידוע</QtyInPackage><UnitOfMeasurePrice>0.0950</UnitOfMeasurePrice><AllowDiscount>1</AllowDiscount><ItemStatus>1</ItemStatus><ItemPrice>7.60</ItemPrice></item><item><PriceUpdateDate>2015-11-17 14:35:55</PriceUpdateDate><ItemCode>7290015324106</ItemCode><ItemType>1</ItemType><ItemName>כורכום 80 גרם</ItemName><ManufacturerName>תבליני טעם וריח</ManufacturerName><ManufactureCountry>ישראל</ManufactureCountry><ManufacturerItemDescription>כורכום 80 גרם</ManufacturerItemDescription><SoldByWeight/><Quantity>80.00</Quantity><UnitOfMeasure>גרם     </UnitOfMeasure><QtyInPackage>לא ידוע</QtyInPackage><UnitOfMeasurePrice>0.1012</UnitOfMeasurePrice><AllowDiscount>1</AllowDiscount><ItemStatus>1</ItemStatus><ItemPrice>8.10</ItemPrice></item><item><PriceUpdateDate>2015-01-27 06:47:46</PriceUpdateDate><ItemCode>7290015324113</ItemCode><ItemType>1</ItemType><ItemName>בהרט 80 גרם</ItemName><ManufacturerName>טעם וריח</ManufacturerName><ManufactureCountry>ישראל</ManufactureCountry><ManufacturerItemDescription>בהרט 80 גרם</ManufacturerItemDescription><SoldByWeight/><Quantity>80.00</Quantity><UnitOfMeasure>גרם     </UnitOfMeasure><QtyInPackage>לא ידוע</QtyInPackage><UnitOfMeasurePrice>0.0988</UnitOfMeasurePrice><AllowDiscount>1</AllowDiscount><ItemStatus>1</ItemStatus><ItemPrice>7.90</ItemPrice></item><item><PriceUpdateDate>2016-03-11 06:38:52</PriceUpdateDate><ItemCode>7290015324250</ItemCode><ItemType>1</ItemType><ItemName>פפריקה מרוקאית שקית</ItemName><ManufacturerName>טעם וריח</ManufacturerName><ManufactureCountry>לא ידוע</ManufactureCountry><ManufacturerItemDescription>פפריקה מרוקאית שקית</ManufacturerItemDescription><SoldByWeight/><Quantity>250.00</Quantity><UnitOfMeasure>גרם     </UnitOfMeasure><QtyInPackage>לא ידוע</QtyInPackage><UnitOfMeasurePrice>0.0556</UnitOfMeasurePrice><AllowDiscount>1</AllowDiscount><ItemStatus>1</ItemStatus><ItemPrice>13.90</ItemPrice></item><item><PriceUpdateDate>2015-10-22 09:59:15</PriceUpdateDate><ItemCode>7290015470384</ItemCode><ItemType>1</ItemType><ItemName>פנג'ל קרם ידיים מועש</ItemName><ManufacturerName>פנג'ל</ManufacturerName><ManufactureCountry>ישראל</ManufactureCountry><ManufacturerItemDescription>קרם ידיים פנג'ל דיים100מ</ManufacturerItemDescription><SoldByWeight/><Quantity>100.00</Quantity><UnitOfMeasure>מ"ל</UnitOfMeasure><QtyInPackage>לא ידוע</QtyInPackage><UnitOfMeasurePrice>0.1190</UnitOfMeasurePrice><AllowDiscount>1</AllowDiscount><ItemStatus>1</ItemStatus><ItemPrice>11.90</ItemPrice></item><item><PriceUpdateDate>2016-08-02 06:36:40</PriceUpdateDate><ItemCode>7290015596244</ItemCode><ItemType>1</ItemType><ItemName>מב אלכו-ג'ל טבעי 100</ItemName><ManufacturerName>ד"ר פישר</ManufacturerName><ManufactureCountry>לא ידוע</ManufactureCountry><ManufacturerItemDescription>מב אלכו-ג'ל טבעי 100</ManufacturerItemDescription><SoldByWeight/><Quantity>100.00</Quantity><UnitOfMeasure>מ"ל</UnitOfMeasure><QtyInPackage>לא ידוע</QtyInPackage><UnitOfMeasurePrice>0.1090</UnitOfMeasurePrice><AllowDiscount>1</AllowDiscount><ItemStatus>1</ItemStatus><ItemPrice>10.90</ItemPrice></item><item><PriceUpdateDate>2016-08-02 06:36:40</PriceUpdateDate><ItemCode>7290015597258</ItemCode><ItemType>1</ItemType><ItemName>מב מאגדת לייט וניל ע</ItemName><ManufacturerName>שטראוס גלידה</ManufacturerName><ManufactureCountry>ישראל</ManufactureCountry><ManufacturerItemDescription>מב מאגדת לייט וניל ע</ManufacturerItemDescription><SoldByWeight/><Quantity>342.00</Quantity><UnitOfMeasure>גרם     </UnitOfMeasure><QtyInPackage>לא ידוע</QtyInPackage><UnitOfMeasurePrice>0.0582</UnitOfMeasurePrice><AllowDiscount>1</AllowDiscount><ItemStatus>1</ItemStatus><ItemPrice>19.90</ItemPrice></item><item><PriceUpdateDate>2016-03-01 06:24:48</PriceUpdateDate><ItemCode>7290015597326</ItemCode><ItemType>1</ItemType><ItemName>מאגדת  אייס לייט - ק</ItemName><ManufacturerName>שטראוס גלידה</ManufacturerName><ManufactureCountry>ישראל</ManufactureCountry><ManufacturerItemDescription>מאגדת  אייס לייט - ק</ManufacturerItemDescription><SoldByWeight/><Quantity>710.00</Quantity><UnitOfMeasure>גרם     </UnitOfMeasure><QtyInPackage>לא ידוע</QtyInPackage><UnitOfMeasurePrice>0.0393</UnitOfMeasurePrice><AllowDiscount>1</AllowDiscount><ItemStatus>1</ItemStatus><ItemPrice>27.90</ItemPrice></item><item><PriceUpdateDate>2016-06-28 06:23:58</PriceUpdateDate><ItemCode>7290015597333</ItemCode><ItemType>1</ItemType><ItemName>מב מאגדת מיני מגנום</ItemName><ManufacturerName>מגנום-גלידה</ManufacturerName><ManufactureCountry>ישראל</ManufactureCountry><ManufacturerItemDescription>מאגדת מיני מגנום וניל</ManufacturerItemDescription><SoldByWeight/><Quantity>260.00</Quantity><UnitOfMeasure>גרם     </UnitOfMeasure><QtyInPackage>לא ידוע</QtyInPackage><UnitOfMeasurePrice>0.0958</UnitOfMeasurePrice><AllowDiscount>1</AllowDiscount><ItemStatus>1</ItemStatus><ItemPrice>24.90</ItemPrice></item><item><PriceUpdateDate>2016-05-18 11:26:39</PriceUpdateDate><ItemCode>7290015644433</ItemCode><ItemType>1</ItemType><ItemName>לחם צרפתי שיפון 100%</ItemName><ManufacturerName>אנג'ל</ManufacturerName><ManufactureCountry>לא ידוע</ManufactureCountry><ManufacturerItemDescription>לחם צרפתי שיפון 100%</ManufacturerItemDescription><SoldByWeight/><Quantity>650.00</Quantity><UnitOfMeasure>גרם     </UnitOfMeasure><QtyInPackage>לא ידוע</QtyInPackage><UnitOfMeasurePrice>0.0245</UnitOfMeasurePrice><AllowDiscount>1</AllowDiscount><ItemStatus>1</ItemStatus><ItemPrice>15.90</ItemPrice></item><item><PriceUpdateDate>2016-08-02 06:36:40</PriceUpdateDate><ItemCode>7290015781008</ItemCode><ItemType>1</ItemType><ItemName>מב יין מרלו 750 מ"ל</ItemName><ManufacturerName>VISION</ManufacturerName><ManufactureCountry>לא ידוע</ManufactureCountry><ManufacturerItemDescription>מב יין מרלו 750 מ"ל</ManufacturerItemDescription><SoldByWeight/><Quantity>750.00</Quantity><UnitOfMeasure>מ"ל</UnitOfMeasure><QtyInPackage>לא ידוע</QtyInPackage><UnitOfMeasurePrice>0.0439</UnitOfMeasurePrice><AllowDiscount>1</AllowDiscount><ItemStatus>1</ItemStatus><ItemPrice>32.90</ItemPrice></item><item><PriceUpdateDate>2016-08-02 06:31:50</PriceUpdateDate><ItemCode>7290015872553</ItemCode><ItemType>1</ItemType><ItemName>מב חומוס מסעדה  700</ItemName><ManufacturerName>סלטי שמיר</ManufacturerName><ManufactureCountry>לא ידוע</ManufactureCountry><ManufacturerItemDescription>מב חומוס מסעדה  700</ManufacturerItemDescription><SoldByWeight/><Quantity>700.00</Quantity><UnitOfMeasure>גרם     </UnitOfMeasure><QtyInPackage>לא ידוע</QtyInPackage><UnitOfMeasurePrice>0.0114</UnitOfMeasurePrice><AllowDiscount>1</AllowDiscount><ItemStatus>1</ItemStatus><ItemPrice>8.00</ItemPrice></item><item><PriceUpdateDate>2016-02-26 06:48:17</PriceUpdateDate><ItemCode>7290016006100</ItemCode><ItemType>1</ItemType><ItemName>תפוזינה מלון נענע 1.</ItemName><ManufacturerName>תפוזינה</ManufacturerName><ManufactureCountry>ישראל</ManufactureCountry><ManufacturerItemDescription>תפוזינה מלון נענע 1.</ManufacturerItemDescription><SoldByWeight/><Quantity>1500.00</Quantity><UnitOfMeasure>מ"ל</UnitOfMeasure><QtyInPackage>לא ידוע</QtyInPackage><UnitOfMeasurePrice>0.0050</UnitOfMeasurePrice><AllowDiscount>1</AllowDiscount><ItemStatus>1</ItemStatus><ItemPrice>7.50</ItemPrice></item><item><PriceUpdateDate>2016-02-26 06:48:17</PriceUpdateDate><ItemCode>7290016006179</ItemCode><ItemType>1</ItemType><ItemName>תפוזינה ליצ'י נענע 1</ItemName><ManufacturerName>תפוזינה</ManufacturerName><ManufactureCountry>ישראל</ManufactureCountry><ManufacturerItemDescription>תפוזינה ליצ'י נענע 1</ManufacturerItemDescription><SoldByWeight/><Quantity>1500.00</Quantity><UnitOfMeasure>מ"ל</UnitOfMeasure><QtyInPackage>לא ידוע</QtyInPackage><UnitOfMeasurePrice>0.0050</UnitOfMeasurePrice><AllowDiscount>1</AllowDiscount><ItemStatus>1</ItemStatus><ItemPrice>7.50</ItemPrice></item><item><PriceUpdateDate>2016-05-01 07:23:45</PriceUpdateDate><ItemCode>7290016006292</ItemCode><ItemType>1</ItemType><ItemName>נקטר ספרינג מנגו בננ</ItemName><ManufacturerName>ספרינג</ManufacturerName><ManufactureCountry>ישראל</ManufactureCountry><ManufacturerItemDescription>ספרינג נקטר תות בננה 1 לק</ManufacturerItemDescription><SoldByWeight/><Quantity>1000.00</Quantity><UnitOfMeasure>מ"ל</UnitOfMeasure><QtyInPackage>לא ידוע</QtyInPackage><UnitOfMeasurePrice>0.0067</UnitOfMeasurePrice><AllowDiscount>1</AllowDiscount><ItemStatus>1</ItemStatus><ItemPrice>6.70</ItemPrice></item><item><PriceUpdateDate>2016-06-09 09:18:32</PriceUpdateDate><ItemCode>7290016006339</ItemCode><ItemType>1</ItemType><ItemName>מי עדן 1 ליטר רביעיי</ItemName><ManufacturerName>מי עדן</ManufacturerName><ManufactureCountry>לא ידוע</ManufactureCountry><ManufacturerItemDescription>מי עדן 1 ליטר רביעיי</ManufacturerItemDescription><SoldByWeight/><Quantity>1.00</Quantity><UnitOfMeasure>מארז</UnitOfMeasure><QtyInPackage>לא ידוע</QtyInPackage><UnitOfMeasurePrice>10.0000</UnitOfMeasurePrice><AllowDiscount>1</AllowDiscount><ItemStatus>1</ItemStatus><ItemPrice>10.00</ItemPrice></item><item><PriceUpdateDate>2016-07-19 08:32:41</PriceUpdateDate><ItemCode>7290016006346</ItemCode><ItemType>1</ItemType><ItemName>שוופס סודה 0.5 מ"ל ש</ItemName><ManufacturerName>לא ממותג</ManufacturerName><ManufactureCountry>לא ידוע</ManufactureCountry><ManufacturerItemDescription>שוופס סודה 0.5 מ"ל ש</ManufacturerItemDescription><SoldByWeight/><Quantity>3000.00</Quantity><UnitOfMeasure>מ"ל</UnitOfMeasure><QtyInPackage>לא ידוע</QtyInPackage><UnitOfMeasurePrice>0.0050</UnitOfMeasurePrice><AllowDiscount>1</AllowDiscount><ItemStatus>1</ItemStatus><ItemPrice>14.90</ItemPrice></item><item><PriceUpdateDate>2016-05-31 09:31:19</PriceUpdateDate><ItemCode>7290016006360</ItemCode><ItemType>1</ItemType><ItemName>שוופס מוגז פירות תות</ItemName><ManufacturerName>שוופס</ManufacturerName><ManufactureCountry>ישראל</ManufactureCountry><ManufacturerItemDescription>שוופס פירות אשכולית אדומה</ManufacturerItemDescription><SoldByWeight/><Quantity>1500.00</Quantity><UnitOfMeasure>מ"ל</UnitOfMeasure><QtyInPackage>לא ידוע</QtyInPackage><UnitOfMeasurePrice>0.0053</UnitOfMeasurePrice><AllowDiscount>1</AllowDiscount><ItemStatus>1</ItemStatus><ItemPrice>7.90</ItemPrice></item><item><PriceUpdateDate>2016-07-19 08:32:41</PriceUpdateDate><ItemCode>7290016079944</ItemCode><ItemType>1</ItemType><ItemName>מארז עוגיות אוראו חז</ItemName><ManufacturerName>אוראו</ManufacturerName><ManufactureCountry>ספרד</ManufactureCountry><ManufacturerItemDescription>דפי לזניה       ם</ManufacturerItemDescription><SoldByWeight/><Quantity>528.00</Quantity><UnitOfMeasure>גרם     </UnitOfMeasure><QtyInPackage>לא ידוע</QtyInPackage><UnitOfMeasurePrice>0.0377</UnitOfMeasurePrice><AllowDiscount>1</AllowDiscount><ItemStatus>1</ItemStatus><ItemPrice>19.90</ItemPrice></item><item><PriceUpdateDate>2015-12-17 14:37:15</PriceUpdateDate><ItemCode>7290016087055</ItemCode><ItemType>1</ItemType><ItemName>רסק עגבניות  100 גרם</ItemName><ManufacturerName>לא ממותג</ManufacturerName><ManufactureCountry>ישראל</ManufactureCountry><ManufacturerItemDescription>רסק עגבניות 100 22% גר</ManufacturerItemDescription><SoldByWeight/><Quantity>100.00</Quantity><UnitOfMeasure>גרם     </UnitOfMeasure><QtyInPackage>לא ידוע</QtyInPackage><UnitOfMeasurePrice>0.0190</UnitOfMeasurePrice><AllowDiscount>1</AllowDiscount><ItemStatus>1</ItemStatus><ItemPrice>1.90</ItemPrice></item><item><PriceUpdateDate>2015-12-17 14:37:15</PriceUpdateDate><ItemCode>7290016087062</ItemCode><ItemType>1</ItemType><ItemName>רסק עגבניות 260 גרם</ItemName><ManufacturerName>לא ממותג</ManufacturerName><ManufactureCountry>ישראל</ManufactureCountry><ManufacturerItemDescription>רסק עגבניות 260 22% גרם</ManufacturerItemDescription><SoldByWeight/><Quantity>260.00</Quantity><UnitOfMeasure>גרם     </UnitOfMeasure><QtyInPackage>לא ידוע</QtyInPackage><UnitOfMeasurePrice>0.0146</UnitOfMeasurePrice><AllowDiscount>1</AllowDiscount><ItemStatus>1</ItemStatus><ItemPrice>3.80</ItemPrice></item><item><PriceUpdateDate>2015-11-17 14:35:55</PriceUpdateDate><ItemCode>7290016171518</ItemCode><ItemType>1</ItemType><ItemName>אסם דגיגים למרק 450</ItemName><ManufacturerName>אסם</ManufacturerName><ManufactureCountry>לא ידוע</ManufactureCountry><ManufacturerItemDescription>אסם דגיגים למרק 450</ManufacturerItemDescription><SoldByWeight/><Quantity>450.00</Quantity><UnitOfMeasure>גרם     </UnitOfMeasure><QtyInPackage>לא ידוע</QtyInPackage><UnitOfMeasurePrice>0.0176</UnitOfMeasurePrice><AllowDiscount>1</AllowDiscount><ItemStatus>1</ItemStatus><ItemPrice>7.90</ItemPrice></item><item><PriceUpdateDate>2016-05-31 09:34:11</PriceUpdateDate><ItemCode>7290016188165</ItemCode><ItemType>1</ItemType><ItemName>יין סלקטד מרלו 750 מ</ItemName><ManufacturerName>סלקטד יקבי כרמל</ManufacturerName><ManufactureCountry>ישראל</ManufactureCountry><ManufacturerItemDescription>יין סלקטד מרלו 750 מל</ManufacturerItemDescription><SoldByWeight/><Quantity>750.00</Quantity><UnitOfMeasure>מ"ל</UnitOfMeasure><QtyInPackage>לא ידוע</QtyInPackage><UnitOfMeasurePrice>0.0305</UnitOfMeasurePrice><AllowDiscount>1</AllowDiscount><ItemStatus>1</ItemStatus><ItemPrice>22.90</ItemPrice></item><item><PriceUpdateDate>2016-08-02 06:36:41</PriceUpdateDate><ItemCode>7290016188301</ItemCode><ItemType>1</ItemType><ItemName>מב יין קונקורד קינג</ItemName><ManufacturerName>קיניג דיוד</ManufacturerName><ManufactureCountry>ישראל</ManufactureCountry><ManufacturerItemDescription>יין קונקורד קינג דיויד 75</ManufacturerItemDescription><SoldByWeight/><Quantity>750.00</Quantity><UnitOfMeasure>מ"ל</UnitOfMeasure><QtyInPackage>לא ידוע</QtyInPackage><UnitOfMeasurePrice>0.0252</UnitOfMeasurePrice><AllowDiscount>1</AllowDiscount><ItemStatus>1</ItemStatus><ItemPrice>18.90</ItemPrice></item><item><PriceUpdateDate>2016-05-31 09:34:11</PriceUpdateDate><ItemCode>7290016188615</ItemCode><ItemType>1</ItemType><ItemName>מיץ תירוש אדום 1 ליט</ItemName><ManufacturerName>תירוש יקבי כרמל</ManufacturerName><ManufactureCountry>ישראל</ManufactureCountry><ManufacturerItemDescription>מיץ ענבים תירוש אדום 1 ל</ManufacturerItemDescription><SoldByWeight/><Quantity>1000.00</Quantity><UnitOfMeasure>מ"ל</UnitOfMeasure><QtyInPackage>לא ידוע</QtyInPackage><UnitOfMeasurePrice>0.0177</UnitOfMeasurePrice><AllowDiscount>1</AllowDiscount><ItemStatus>1</ItemStatus><ItemPrice>17.70</ItemPrice></item><item><PriceUpdateDate>2015-11-17 14:35:55</PriceUpdateDate><ItemCode>7290100240144</ItemCode><ItemType>1</ItemType><ItemName>ספריי למייבש בדין ור</ItemName><ManufacturerName>בדין</ManufacturerName><ManufactureCountry>ישראל</ManufactureCountry><ManufacturerItemDescription>ספריי למייבש בדין ור</ManufacturerItemDescription><SoldByWeight/><Quantity>1000.00</Quantity><UnitOfMeasure>מ"ל</UnitOfMeasure><QtyInPackage>לא ידוע</QtyInPackage><UnitOfMeasurePrice>0.0217</UnitOfMeasurePrice><AllowDiscount>1</AllowDiscount><ItemStatus>1</ItemStatus><ItemPrice>21.70</ItemPrice></item><item><PriceUpdateDate>2016-08-10 11:21:44</PriceUpdateDate><ItemCode>7290100242902</ItemCode><ItemType>1</ItemType><ItemName>מרק עדשים 110גרם רכי</ItemName><ManufacturerName>קנור</ManufacturerName><ManufactureCountry>ישראל</ManufactureCountry><ManufacturerItemDescription>מרק עדשים רכיבים טבעיים 1</ManufacturerItemDescription><SoldByWeight/><Quantity>110.00</Quantity><UnitOfMeasure>גרם     </UnitOfMeasure><QtyInPackage>לא ידוע</QtyInPackage><UnitOfMeasurePrice>0.1309</UnitOfMeasurePrice><AllowDiscount>1</AllowDiscount><ItemStatus>1</ItemStatus><ItemPrice>14.40</ItemPrice></item><item><PriceUpdateDate>2016-08-10 11:21:44</PriceUpdateDate><ItemCode>7290100242919</ItemCode><ItemType>1</ItemType><ItemName>מרק גריסים 110גרם מר</ItemName><ManufacturerName>קנור</ManufacturerName><ManufactureCountry>ישראל</ManufactureCountry><ManufacturerItemDescription>מרק גריסים 110גרם מר</ManufacturerItemDescription><SoldByWeight/><Quantity>110.00</Quantity><UnitOfMeasure>גרם     </UnitOfMeasure><QtyInPackage>לא ידוע</QtyInPackage><UnitOfMeasurePrice>0.1309</UnitOfMeasurePrice><AllowDiscount>1</AllowDiscount><ItemStatus>1</ItemStatus><ItemPrice>14.40</ItemPrice></item><item><PriceUpdateDate>2016-05-31 09:34:12</PriceUpdateDate><ItemCode>7290100243671</ItemCode><ItemType>1</ItemType><ItemName>מרכך כביסה בדין אקסט</ItemName><ManufacturerName>בדין</ManufacturerName><ManufactureCountry>ישראל</ManufactureCountry><ManufacturerItemDescription>מרכך כביסה בדין  960 מ"ל</ManufacturerItemDescription><SoldByWeight/><Quantity>960.00</Quantity><UnitOfMeasure>מ"ל</UnitOfMeasure><QtyInPackage>לא ידוע</QtyInPackage><UnitOfMeasurePrice>0.0176</UnitOfMeasurePrice><AllowDiscount>0</AllowDiscount><ItemStatus>1</ItemStatus><ItemPrice>16.90</ItemPrice></item><item><PriceUpdateDate>2016-05-31 09:34:12</PriceUpdateDate><ItemCode>7290100243688</ItemCode><ItemType>1</ItemType><ItemName>מרכך כביסה בדין אקסט</ItemName><ManufacturerName>בדין</ManufacturerName><ManufactureCountry>ישראל</ManufactureCountry><ManufacturerItemDescription>מרכך כביסה בדין  960 מ"ל</ManufacturerItemDescription><SoldByWeight/><Quantity>960.00</Quantity><UnitOfMeasure>מ"ל</UnitOfMeasure><QtyInPackage>לא ידוע</QtyInPackage><UnitOfMeasurePrice>0.0176</UnitOfMeasurePrice><AllowDiscount>0</AllowDiscount><ItemStatus>1</ItemStatus><ItemPrice>16.90</ItemPrice></item><item><PriceUpdateDate>2016-02-01 20:38:52</PriceUpdateDate><ItemCode>7290100247761</ItemCode><ItemType>1</ItemType><ItemName>מרק קנור עגבניות עם</ItemName><ManufacturerName>קנור</ManufacturerName><ManufactureCountry>ישראל</ManufactureCountry><ManufacturerItemDescription>מרק עגבניות עם אורז 105 ג</ManufacturerItemDescription><SoldByWeight/><Quantity>105.00</Quantity><UnitOfMeasure>גרם     </UnitOfMeasure><QtyInPackage>לא ידוע</QtyInPackage><UnitOfMeasurePrice>0.1105</UnitOfMeasurePrice><AllowDiscount>1</AllowDiscount><ItemStatus>1</ItemStatus><ItemPrice>11.60</ItemPrice></item><item><PriceUpdateDate>2016-02-01 20:38:52</PriceUpdateDate><ItemCode>7290100247778</ItemCode><ItemType>1</ItemType><ItemName>מרק קנור פטריות מוקר</ItemName><ManufacturerName>קנור</ManufacturerName><ManufactureCountry>ישראל</ManufactureCountry><ManufacturerItemDescription>מרק פטריות מוקרם 79 גרם</ManufacturerItemDescription><SoldByWeight/><Quantity>83.00</Quantity><UnitOfMeasure>גרם     </UnitOfMeasure><QtyInPackage>לא ידוע</QtyInPackage><UnitOfMeasurePrice>0.1398</UnitOfMeasurePrice><AllowDiscount>1</AllowDiscount><ItemStatus>1</ItemStatus><ItemPrice>11.60</ItemPrice></item><item><PriceUpdateDate>2015-10-13 09:48:35</PriceUpdateDate><ItemCode>7290100247815</ItemCode><ItemType>1</ItemType><ItemName>מרק נמס בכוס אקסטרה</ItemName><ManufacturerName>קנור</ManufacturerName><ManufactureCountry>ישראל</ManufactureCountry><ManufacturerItemDescription>מרק נמס בכוס אקסטרה עגבני</ManufacturerItemDescription><SoldByWeight/><Quantity>39.00</Quantity><UnitOfMeasure>גרם     </UnitOfMeasure><QtyInPackage>לא ידוע</QtyInPackage><UnitOfMeasurePrice>0.1385</UnitOfMeasurePrice><AllowDiscount>1</AllowDiscount><ItemStatus>1</ItemStatus><ItemPrice>5.40</ItemPrice></item><item><PriceUpdateDate>2015-11-17 14:35:56</PriceUpdateDate><ItemCode>7290100249390</ItemCode><ItemType>1</ItemType><ItemName>מרק טעם עוף קנור בד"</ItemName><ManufacturerName>קנור</ManufacturerName><ManufactureCountry>ישראל</ManufactureCountry><ManufacturerItemDescription>מרק טעם עוף קנור בד"</ManufacturerItemDescription><SoldByWeight/><Quantity>400.00</Quantity><UnitOfMeasure>גרם     </UnitOfMeasure><QtyInPackage>לא ידוע</QtyInPackage><UnitOfMeasurePrice>0.0515</UnitOfMeasurePrice><AllowDiscount>1</AllowDiscount><ItemStatus>1</ItemStatus><ItemPrice>20.60</ItemPrice></item><item><PriceUpdateDate>2016-02-01 20:38:52</PriceUpdateDate><ItemCode>7290100249512</ItemCode><ItemType>1</ItemType><ItemName>פירה קנור בטעם ביתי</ItemName><ManufacturerName>קנור</ManufacturerName><ManufactureCountry>ישראל</ManufactureCountry><ManufacturerItemDescription>פירה קנור בטעם ביתי</ManufacturerItemDescription><SoldByWeight/><Quantity>260.00</Quantity><UnitOfMeasure>גרם     </UnitOfMeasure><QtyInPackage>לא ידוע</QtyInPackage><UnitOfMeasurePrice>0.0596</UnitOfMeasurePrice><AllowDiscount>1</AllowDiscount><ItemStatus>1</ItemStatus><ItemPrice>15.50</ItemPrice></item><item><PriceUpdateDate>2016-05-31 09:34:13</PriceUpdateDate><ItemCode>7290100249932</ItemCode><ItemType>1</ItemType><ItemName>דליפקאן בד"צ 400 גרם</ItemName><ManufacturerName>תלמה</ManufacturerName><ManufactureCountry>ישראל</ManufactureCountry><ManufacturerItemDescription>דליפקאן 400 גר בדץ</ManufacturerItemDescription><SoldByWeight/><Quantity>400.00</Quantity><UnitOfMeasure>גרם     </UnitOfMeasure><QtyInPackage>לא ידוע</QtyInPackage><UnitOfMeasurePrice>0.0497</UnitOfMeasurePrice><AllowDiscount>1</AllowDiscount><ItemStatus>1</ItemStatus><ItemPrice>19.90</ItemPrice></item><item><PriceUpdateDate>2016-05-31 09:34:13</PriceUpdateDate><ItemCode>7290100658338</ItemCode><ItemType>1</ItemType><ItemName>נוזל כלים פלמוליב או</ItemName><ManufacturerName>פלמוליב</ManufacturerName><ManufactureCountry>יוון</ManufactureCountry><ManufacturerItemDescription>פלמוליב לכלים   ול 750מל</ManufacturerItemDescription><SoldByWeight/><Quantity>750.00</Quantity><UnitOfMeasure>מ"ל</UnitOfMeasure><QtyInPackage>לא ידוע</QtyInPackage><UnitOfMeasurePrice>0.0132</UnitOfMeasurePrice><AllowDiscount>1</AllowDiscount><ItemStatus>1</ItemStatus><ItemPrice>9.90</ItemPrice></item><item><PriceUpdateDate>2016-05-31 09:34:13</PriceUpdateDate><ItemCode>7290100680667</ItemCode><ItemType>1</ItemType><ItemName>מנה חמה נודלס בסגנון</ItemName><ManufacturerName>אסם</ManufacturerName><ManufactureCountry>ישראל</ManufactureCountry><ManufacturerItemDescription>מנה חמה נודלס   'ואן76גר</ManufacturerItemDescription><SoldByWeight/><Quantity>76.00</Quantity><UnitOfMeasure>גרם     </UnitOfMeasure><QtyInPackage>לא ידוע</QtyInPackage><UnitOfMeasurePrice>0.0776</UnitOfMeasurePrice><AllowDiscount>1</AllowDiscount><ItemStatus>1</ItemStatus><ItemPrice>5.90</ItemPrice></item><item><PriceUpdateDate>2015-10-01 00:27:15</PriceUpdateDate><ItemCode>7290100680711</ItemCode><ItemType>1</ItemType><ItemName>פירורית זהב 350 גרם</ItemName><ManufacturerName>פירורית</ManufacturerName><ManufactureCountry>ישראל</ManufactureCountry><ManufacturerItemDescription>פירורית זהב 350 גרם</ManufacturerItemDescription><SoldByWeight/><Quantity>350.00</Quantity><UnitOfMeasure>גרם     </UnitOfMeasure><QtyInPackage>לא ידוע</QtyInPackage><UnitOfMeasurePrice>0.0246</UnitOfMeasurePrice><AllowDiscount>1</AllowDiscount><ItemStatus>1</ItemStatus><ItemPrice>8.60</ItemPrice></item><item><PriceUpdateDate>2015-11-17 14:35:56</PriceUpdateDate><ItemCode>7290100680728</ItemCode><ItemType>1</ItemType><ItemName>פירורית רגילה  350 ג</ItemName><ManufacturerName>פירורית</ManufacturerName><ManufactureCountry>ישראל</ManufactureCountry><ManufacturerItemDescription>פירורית רגילה  350 ג</ManufacturerItemDescription><SoldByWeight/><Quantity>350.00</Quantity><UnitOfMeasure>גרם     </UnitOfMeasure><QtyInPackage>לא ידוע</QtyInPackage><UnitOfMeasurePrice>0.0246</UnitOfMeasurePrice><AllowDiscount>1</AllowDiscount><ItemStatus>1</ItemStatus><ItemPrice>8.60</ItemPrice></item><item><PriceUpdateDate>2016-08-02 06:36:42</PriceUpdateDate><ItemCode>7290100681138</ItemCode><ItemType>1</ItemType><ItemName>מב מארז חטיף אפרופו</ItemName><ManufacturerName>אסם</ManufacturerName><ManufactureCountry>ישראל</ManufactureCountry><ManufacturerItemDescription>מב מארז חטיף אפרופו</ManufacturerItemDescription><SoldByWeight/><Quantity>150.00</Quantity><UnitOfMeasure>גרם     </UnitOfMeasure><QtyInPackage>לא ידוע</QtyInPackage><UnitOfMeasurePrice>0.0793</UnitOfMeasurePrice><AllowDiscount>1</AllowDiscount><ItemStatus>1</ItemStatus><ItemPrice>11.90</ItemPrice></item><item><PriceUpdateDate>2016-08-02 06:31:51</PriceUpdateDate><ItemCode>7290100681640</ItemCode><ItemType>1</ItemType><ItemName>לחמית בצל 230 גרם</ItemName><ManufacturerName>לא ידוע</ManufacturerName><ManufactureCountry>ישראל</ManufactureCountry><ManufacturerItemDescription>לחמית בצל 230 גר</ManufacturerItemDescription><SoldByWeight/><Quantity>230.00</Quantity><UnitOfMeasure>גרם     </UnitOfMeasure><QtyInPackage>לא ידוע</QtyInPackage><UnitOfMeasurePrice>0.0430</UnitOfMeasurePrice><AllowDiscount>1</AllowDiscount><ItemStatus>1</ItemStatus><ItemPrice>9.90</ItemPrice></item><item><PriceUpdateDate>2016-05-31 09:34:13</PriceUpdateDate><ItemCode>7290100684139</ItemCode><ItemType>1</ItemType><ItemName>פסטה מקרוני 500 גרם</ItemName><ManufacturerName>אסם</ManufacturerName><ManufactureCountry>ישראל</ManufactureCountry><ManufacturerItemDescription>פסטה מקרוני 500 גרם</ManufacturerItemDescription><SoldByWeight/><Quantity>500.00</Quantity><UnitOfMeasure>גרם     </UnitOfMeasure><QtyInPackage>לא ידוע</QtyInPackage><UnitOfMeasurePrice>0.0112</UnitOfMeasurePrice><AllowDiscount>1</AllowDiscount><ItemStatus>1</ItemStatus><ItemPrice>5.60</ItemPrice></item><item><PriceUpdateDate>2015-10-13 09:44:27</PriceUpdateDate><ItemCode>7290100684764</ItemCode><ItemType>1</ItemType><ItemName>במבה 25 גרם סטריפ</ItemName><ManufacturerName>במבה</ManufacturerName><ManufactureCountry>ישראל</ManufactureCountry><ManufacturerItemDescription>במבה על סרט 25 גר</ManufacturerItemDescription><SoldByWeight/><Quantity>25.00</Quantity><UnitOfMeasure>גרם     </UnitOfMeasure><QtyInPackage>לא ידוע</QtyInPackage><UnitOfMeasurePrice>0.1280</UnitOfMeasurePrice><AllowDiscount>1</AllowDiscount><ItemStatus>1</ItemStatus><ItemPrice>3.20</ItemPrice></item><item><PriceUpdateDate>2016-05-01 07:23:46</PriceUpdateDate><ItemCode>7290100685136</ItemCode><ItemType>1</ItemType><ItemName>אבקת מרק טעם עוף 1 ק</ItemName><ManufacturerName>אסם</ManufacturerName><ManufactureCountry>ישראל</ManufactureCountry><ManufacturerItemDescription>אבקת מרק טעם עוף 1 ק</ManufacturerItemDescription><SoldByWeight/><Quantity>1000.00</Quantity><UnitOfMeasure>גרם     </UnitOfMeasure><QtyInPackage>לא ידוע</QtyInPackage><UnitOfMeasurePrice>0.0189</UnitOfMeasurePrice><AllowDiscount>1</AllowDiscount><ItemStatus>1</ItemStatus><ItemPrice>18.90</ItemPrice></item><item><PriceUpdateDate>2016-01-05 06:04:29</PriceUpdateDate><ItemCode>7290100685334</ItemCode><ItemType>1</ItemType><ItemName>אבקת מרק עוף אמיתי 4</ItemName><ManufacturerName>אסם</ManufacturerName><ManufactureCountry>ישראל</ManufactureCountry><ManufacturerItemDescription>מרק עוף אמיתי מרכיבים טבע</ManufacturerItemDescription><SoldByWeight/><Quantity>400.00</Quantity><UnitOfMeasure>גרם     </UnitOfMeasure><QtyInPackage>לא ידוע</QtyInPackage><UnitOfMeasurePrice>0.0713</UnitOfMeasurePrice><AllowDiscount>1</AllowDiscount><ItemStatus>1</ItemStatus><ItemPrice>28.50</ItemPrice></item><item><PriceUpdateDate>2016-02-26 06:48:17</PriceUpdateDate><ItemCode>7290100687109</ItemCode><ItemType>1</ItemType><ItemName>במבה במילוי נוגט 60</ItemName><ManufacturerName>במבה</ManufacturerName><ManufactureCountry>ישראל</ManufactureCountry><ManufacturerItemDescription>במבה במילוי נוגט 60 גרם</ManufacturerItemDescription><SoldByWeight/><Quantity>60.00</Quantity><UnitOfMeasure>גרם     </UnitOfMeasure><QtyInPackage>לא ידוע</QtyInPackage><UnitOfMeasurePrice>0.0933</UnitOfMeasurePrice><AllowDiscount>1</AllowDiscount><ItemStatus>1</ItemStatus><ItemPrice>5.60</ItemPrice></item><item><PriceUpdateDate>2016-01-05 06:04:29</PriceUpdateDate><ItemCode>7290100689035</ItemCode><ItemType>1</ItemType><ItemName>פייבר וואן 460 גרם</ItemName><ManufacturerName>נסטלה</ManufacturerName><ManufactureCountry>ארצות הברית</ManufactureCountry><ManufacturerItemDescription>ספגטי עתיר סיביםר בסיבים</ManufacturerItemDescription><SoldByWeight/><Quantity>460.00</Quantity><UnitOfMeasure>גרם     </UnitOfMeasure><QtyInPackage>לא ידוע</QtyInPackage><UnitOfMeasurePrice>0.0607</UnitOfMeasurePrice><AllowDiscount>1</AllowDiscount><ItemStatus>1</ItemStatus><ItemPrice>27.90</ItemPrice></item><item><PriceUpdateDate>2016-06-27 19:06:24</PriceUpdateDate><ItemCode>7290100700587</ItemCode><ItemType>1</ItemType><ItemName>בורגול 500 גרם</ItemName><ManufacturerName>סוגת</ManufacturerName><ManufactureCountry>ישראל</ManufactureCountry><ManufacturerItemDescription>בורגול 500 גרם</ManufacturerItemDescription><SoldByWeight/><Quantity>500.00</Quantity><UnitOfMeasure>גרם     </UnitOfMeasure><QtyInPackage>לא ידוע</QtyInPackage><UnitOfMeasurePrice>0.0154</UnitOfMeasurePrice><AllowDiscount>1</AllowDiscount><ItemStatus>1</ItemStatus><ItemPrice>7.70</ItemPrice></item><item><PriceUpdateDate>2016-08-02 06:31:51</PriceUpdateDate><ItemCode>7290100701454</ItemCode><ItemType>1</ItemType><ItemName>גרישה 500 גרם</ItemName><ManufacturerName>סוגת</ManufacturerName><ManufactureCountry>ישראל</ManufactureCountry><ManufacturerItemDescription>גרישה 500 גרם</ManufacturerItemDescription><SoldByWeight/><Quantity>500.00</Quantity><UnitOfMeasure>גרם     </UnitOfMeasure><QtyInPackage>לא ידוע</QtyInPackage><UnitOfMeasurePrice>0.0144</UnitOfMeasurePrice><AllowDiscount>1</AllowDiscount><ItemStatus>1</ItemStatus><ItemPrice>7.20</ItemPrice></item><item><PriceUpdateDate>2015-11-17 14:35:56</PriceUpdateDate><ItemCode>7290100701577</ItemCode><ItemType>1</ItemType><ItemName>קמח לחם 1 ק"ג</ItemName><ManufacturerName>סוגת</ManufacturerName><ManufactureCountry>ישראל</ManufactureCountry><ManufacturerItemDescription>קמח לחם 1 ק"ג</ManufacturerItemDescription><SoldByWeight/><Quantity>1000.00</Quantity><UnitOfMeasure>גרם     </UnitOfMeasure><QtyInPackage>לא ידוע</QtyInPackage><UnitOfMeasurePrice>0.0089</UnitOfMeasurePrice><AllowDiscount>1</AllowDiscount><ItemStatus>1</ItemStatus><ItemPrice>8.90</ItemPrice></item><item><PriceUpdateDate>2015-11-17 14:35:56</PriceUpdateDate><ItemCode>7290100701850</ItemCode><ItemType>1</ItemType><ItemName>קמח עוגות 1 ק"ג</ItemName><ManufacturerName>סוגת</ManufacturerName><ManufactureCountry>ישראל</ManufactureCountry><ManufacturerItemDescription>קמח עוגות 1 ק"ג</ManufacturerItemDescription><SoldByWeight/><Quantity>1000.00</Quantity><UnitOfMeasure>גרם     </UnitOfMeasure><QtyInPackage>לא ידוע</QtyInPackage><UnitOfMeasurePrice>0.0089</UnitOfMeasurePrice><AllowDiscount>1</AllowDiscount><ItemStatus>1</ItemStatus><ItemPrice>8.90</ItemPrice></item><item><PriceUpdateDate>2016-08-02 06:36:42</PriceUpdateDate><ItemCode>7290100702543</ItemCode><ItemType>1</ItemType><ItemName>מב אטריות ביצים בינו</ItemName><ManufacturerName>סוגת</ManufacturerName><ManufactureCountry>לא ידוע</ManufactureCountry><ManufacturerItemDescription>מב אטריות ביצים בינו</ManufacturerItemDescription><SoldByWeight/><Quantity>250.00</Quantity><UnitOfMeasure>גרם     </UnitOfMeasure><QtyInPackage>לא ידוע</QtyInPackage><UnitOfMeasurePrice>0.0196</UnitOfMeasurePrice><AllowDiscount>1</AllowDiscount><ItemStatus>1</ItemStatus><ItemPrice>4.90</ItemPrice></item><item><PriceUpdateDate>2016-08-02 06:36:42</PriceUpdateDate><ItemCode>7290100702550</ItemCode><ItemType>1</ItemType><ItemName>מב אטריות ביצים עבות</ItemName><ManufacturerName>סוגת</ManufacturerName><ManufactureCountry>לא ידוע</ManufactureCountry><ManufacturerItemDescription>מב אטריות ביצים עבות</ManufacturerItemDescription><SoldByWeight/><Quantity>250.00</Quantity><UnitOfMeasure>גרם     </UnitOfMeasure><QtyInPackage>לא ידוע</QtyInPackage><UnitOfMeasurePrice>0.0196</UnitOfMeasurePrice><AllowDiscount>1</AllowDiscount><ItemStatus>1</ItemStatus><ItemPrice>4.90</ItemPrice></item><item><PriceUpdateDate>2016-06-27 19:06:24</PriceUpdateDate><ItemCode>7290100852576</ItemCode><ItemType>1</ItemType><ItemName>מארז שלישייה שוקולד</ItemName><ManufacturerName>עלית</ManufacturerName><ManufactureCountry>ישראל</ManufactureCountry><ManufacturerItemDescription>מארז שלישייה שוקולד</ManufacturerItemDescription><SoldByWeight/><Quantity>300.00</Quantity><UnitOfMeasure>גרם     </UnitOfMeasure><QtyInPackage>לא ידוע</QtyInPackage><UnitOfMeasurePrice>0.0497</UnitOfMeasurePrice><AllowDiscount>1</AllowDiscount><ItemStatus>1</ItemStatus><ItemPrice>14.90</ItemPrice></item><item><PriceUpdateDate>2015-01-27 06:46:57</PriceUpdateDate><ItemCode>7290100856253</ItemCode><ItemType>1</ItemType><ItemName>ממרח שוקולד מופחת סו</ItemName><ManufacturerName>פרה</ManufacturerName><ManufactureCountry>ישראל</ManufactureCountry><ManufacturerItemDescription>ממרח שוקולד מופחת סו</ManufacturerItemDescription><SoldByWeight/><Quantity>300.00</Quantity><UnitOfMeasure>גרם     </UnitOfMeasure><QtyInPackage>לא ידוע</QtyInPackage><UnitOfMeasurePrice>0.0560</UnitOfMeasurePrice><AllowDiscount>1</AllowDiscount><ItemStatus>1</ItemStatus><ItemPrice>16.80</ItemPrice></item><item><PriceUpdateDate>2015-10-22 09:59:45</PriceUpdateDate><ItemCode>7290100858219</ItemCode><ItemType>1</ItemType><ItemName>טבלת פסק זמן טראפלס</ItemName><ManufacturerName>פסק זמן</ManufacturerName><ManufactureCountry>ישראל</ManufactureCountry><ManufacturerItemDescription>טבלת פסק זמן טראפלס 110 ג</ManufacturerItemDescription><SoldByWeight/><Quantity>110.00</Quantity><UnitOfMeasure>גרם     </UnitOfMeasure><QtyInPackage>לא ידוע</QtyInPackage><UnitOfMeasurePrice>0.0864</UnitOfMeasurePrice><AllowDiscount>1</AllowDiscount><ItemStatus>1</ItemStatus><ItemPrice>9.50</ItemPrice></item><item><PriceUpdateDate>2016-05-31 09:34:14</PriceUpdateDate><ItemCode>7290100858592</ItemCode><ItemType>1</ItemType><ItemName>קקאו עלית 150 גרם</ItemName><ManufacturerName>עלית</ManufacturerName><ManufactureCountry>ישראל</ManufactureCountry><ManufacturerItemDescription>אבקת קקאו עלית 150 גרם</ManufacturerItemDescription><SoldByWeight/><Quantity>150.00</Quantity><UnitOfMeasure>גרם     </UnitOfMeasure><QtyInPackage>לא ידוע</QtyInPackage><UnitOfMeasurePrice>0.0647</UnitOfMeasurePrice><AllowDiscount>1</AllowDiscount><ItemStatus>1</ItemStatus><ItemPrice>9.70</ItemPrice></item><item><PriceUpdateDate>2016-01-15 07:00:44</PriceUpdateDate><ItemCode>7290100859162</ItemCode><ItemType>1</ItemType><ItemName>מאגדת זוג שוקולד פרה</ItemName><ManufacturerName>פרה</ManufacturerName><ManufactureCountry>ישראל</ManufactureCountry><ManufacturerItemDescription>מאגדת זוג שוקולד פרה</ManufacturerItemDescription><SoldByWeight/><Quantity>200.00</Quantity><UnitOfMeasure>גרם     </UnitOfMeasure><QtyInPackage>לא ידוע</QtyInPackage><UnitOfMeasurePrice>0.0795</UnitOfMeasurePrice><AllowDiscount>1</AllowDiscount><ItemStatus>1</ItemStatus><ItemPrice>15.90</ItemPrice></item><item><PriceUpdateDate>2016-01-14 11:46:24</PriceUpdateDate><ItemCode>7290100859209</ItemCode><ItemType>1</ItemType><ItemName>מסטיק עלמה אוכמניות</ItemName><ManufacturerName>מאסט</ManufacturerName><ManufactureCountry>ישראל</ManufactureCountry><ManufacturerItemDescription>מסטיק מאסט עלמה אוכמניות</ManufacturerItemDescription><SoldByWeight/><Quantity>28.00</Quantity><UnitOfMeasure>גרם     </UnitOfMeasure><QtyInPackage>לא ידוע</QtyInPackage><UnitOfMeasurePrice>0.1607</UnitOfMeasurePrice><AllowDiscount>1</AllowDiscount><ItemStatus>1</ItemStatus><ItemPrice>4.50</ItemPrice></item><item><PriceUpdateDate>2016-01-14 11:46:24</PriceUpdateDate><ItemCode>7290100859216</ItemCode><ItemType>1</ItemType><ItemName>מסטיק עלמה ספירמינט</ItemName><ManufacturerName>עלית</ManufacturerName><ManufactureCountry>ישראל</ManufactureCountry><ManufacturerItemDescription>מסטיק עלמה ספירמינט</ManufacturerItemDescription><SoldByWeight/><Quantity>28.00</Quantity><UnitOfMeasure>גרם     </UnitOfMeasure><QtyInPackage>לא ידוע</QtyInPackage><UnitOfMeasurePrice>0.1607</UnitOfMeasurePrice><AllowDiscount>1</AllowDiscount><ItemStatus>1</ItemStatus><ItemPrice>4.50</ItemPrice></item><item><PriceUpdateDate>2016-06-28 06:24:00</PriceUpdateDate><ItemCode>7290100923108</ItemCode><ItemType>1</ItemType><ItemName>מב תחליב רחצה הוואי</ItemName><ManufacturerName>הוואי</ManufacturerName><ManufactureCountry>ישראל</ManufactureCountry><ManufacturerItemDescription>מב תחליב רחצה הוואי</ManufacturerItemDescription><SoldByWeight/><Quantity>750.00</Quantity><UnitOfMeasure>מ"ל</UnitOfMeasure><QtyInPackage>לא ידוע</QtyInPackage><UnitOfMeasurePrice>0.0132</UnitOfMeasurePrice><AllowDiscount>0</AllowDiscount><ItemStatus>1</ItemStatus><ItemPrice>9.90</ItemPrice></item><item><PriceUpdateDate>2016-08-02 06:31:51</PriceUpdateDate><ItemCode>7290100924549</ItemCode><ItemType>1</ItemType><ItemName>סוד רצפות בריליאנט 1</ItemName><ManufacturerName>סוד</ManufacturerName><ManufactureCountry>ספרד</ManufactureCountry><ManufacturerItemDescription>סוד רצפות בריליאנט 1</ManufacturerItemDescription><SoldByWeight/><Quantity>1250.00</Quantity><UnitOfMeasure>מ"ל</UnitOfMeasure><QtyInPackage>לא ידוע</QtyInPackage><UnitOfMeasurePrice>0.0151</UnitOfMeasurePrice><AllowDiscount>1</AllowDiscount><ItemStatus>1</ItemStatus><ItemPrice>18.90</ItemPrice></item><item><PriceUpdateDate>2016-08-02 06:31:51</PriceUpdateDate><ItemCode>7290100924556</ItemCode><ItemType>1</ItemType><ItemName>סוד רצפות בריליאנט 1</ItemName><ManufacturerName>סוד</ManufacturerName><ManufactureCountry>ספרד</ManufactureCountry><ManufacturerItemDescription>סוד רצפות בריליאנט 1</ManufacturerItemDescription><SoldByWeight/><Quantity>1250.00</Quantity><UnitOfMeasure>מ"ל</UnitOfMeasure><QtyInPackage>לא ידוע</QtyInPackage><UnitOfMeasurePrice>0.0151</UnitOfMeasurePrice><AllowDiscount>1</AllowDiscount><ItemStatus>1</ItemStatus><ItemPrice>18.90</ItemPrice></item><item><PriceUpdateDate>2016-05-20 07:08:12</PriceUpdateDate><ItemCode>7290101501374</ItemCode><ItemType>3</ItemType><ItemName>דלעת ארוזה</ItemName><ManufacturerName>.N.Y.C</ManufacturerName><ManufactureCountry>ישראל</ManufactureCountry><ManufacturerItemDescription>דלעת ארוזה</ManufacturerItemDescription><SoldByWeight/><Quantity>1.00</Quantity><UnitOfMeasure>ק"ג</UnitOfMeasure><QtyInPackage>לא ידוע</QtyInPackage><UnitOfMeasurePrice>9.9000</UnitOfMeasurePrice><AllowDiscount>1</AllowDiscount><ItemStatus>1</ItemStatus><ItemPrice>9.90</ItemPrice></item><item><PriceUpdateDate>2016-05-31 09:31:22</PriceUpdateDate><ItemCode>7290101864127</ItemCode><ItemType>1</ItemType><ItemName>קליה אוקסי ספריי 750</ItemName><ManufacturerName>קליה</ManufacturerName><ManufactureCountry>פולין</ManufactureCountry><ManufacturerItemDescription>קליה אוקסי ספריי 750</ManufacturerItemDescription><SoldByWeight/><Quantity>750.00</Quantity><UnitOfMeasure>מ"ל</UnitOfMeasure><QtyInPackage>לא ידוע</QtyInPackage><UnitOfMeasurePrice>0.0265</UnitOfMeasurePrice><AllowDiscount>1</AllowDiscount><ItemStatus>1</ItemStatus><ItemPrice>19.90</ItemPrice></item><item><PriceUpdateDate>2016-05-31 09:34:15</PriceUpdateDate><ItemCode>7290101866176</ItemCode><ItemType>1</ItemType><ItemName>ג'ל כביסה קולון 101</ItemName><ManufacturerName>קולון</ManufacturerName><ManufactureCountry>ישראל</ManufactureCountry><ManufacturerItemDescription>גל כביסה קולון 3 101 ליטר</ManufacturerItemDescription><SoldByWeight/><Quantity>3000.00</Quantity><UnitOfMeasure>גרם     </UnitOfMeasure><QtyInPackage>לא ידוע</QtyInPackage><UnitOfMeasurePrice>0.0086</UnitOfMeasurePrice><AllowDiscount>1</AllowDiscount><ItemStatus>1</ItemStatus><ItemPrice>25.90</ItemPrice></item><item><PriceUpdateDate>2016-05-31 09:34:15</PriceUpdateDate><ItemCode>7290101868514</ItemCode><ItemType>1</ItemType><ItemName>אבקת כביסה קולון 101</ItemName><ManufacturerName>קולון</ManufacturerName><ManufactureCountry>ישראל</ManufactureCountry><ManufacturerItemDescription>אבקת כביסה קולון 101</ManufacturerItemDescription><SoldByWeight/><Quantity>3000.00</Quantity><UnitOfMeasure>גרם     </UnitOfMeasure><QtyInPackage>לא ידוע</QtyInPackage><UnitOfMeasurePrice>0.0090</UnitOfMeasurePrice><AllowDiscount>1</AllowDiscount><ItemStatus>1</ItemStatus><ItemPrice>26.90</ItemPrice></item><item><PriceUpdateDate>2016-06-27 19:06:26</PriceUpdateDate><ItemCode>7290102030330</ItemCode><ItemType>1</ItemType><ItemName>תפוצ'יפס קראנצ' מקסי</ItemName><ManufacturerName>תפוצ'יפס</ManufacturerName><ManufactureCountry>ישראל</ManufactureCountry><ManufacturerItemDescription>תפוציפס קראנץ מקסיקני 200</ManufacturerItemDescription><SoldByWeight/><Quantity>200.00</Quantity><UnitOfMeasure>גרם     </UnitOfMeasure><QtyInPackage>לא ידוע</QtyInPackage><UnitOfMeasurePrice>0.0610</UnitOfMeasurePrice><AllowDiscount>1</AllowDiscount><ItemStatus>1</ItemStatus><ItemPrice>12.20</ItemPrice></item><item><PriceUpdateDate>2015-10-22 09:59:45</PriceUpdateDate><ItemCode>7290102032259</ItemCode><ItemType>1</ItemType><ItemName>טבלת פסק זמן קלאסי מ</ItemName><ManufacturerName>עלית</ManufacturerName><ManufactureCountry>ישראל</ManufactureCountry><ManufacturerItemDescription>טבלת פסק זמן קלאסי מ</ManufacturerItemDescription><SoldByWeight/><Quantity>110.00</Quantity><UnitOfMeasure>גרם     </UnitOfMeasure><QtyInPackage>לא ידוע</QtyInPackage><UnitOfMeasurePrice>0.0864</UnitOfMeasurePrice><AllowDiscount>1</AllowDiscount><ItemStatus>1</ItemStatus><ItemPrice>9.50</ItemPrice></item><item><PriceUpdateDate>2016-05-01 07:23:48</PriceUpdateDate><ItemCode>7290102060979</ItemCode><ItemType>1</ItemType><ItemName>משחת שיניים אלמקס מש</ItemName><ManufacturerName>אלמקס</ManufacturerName><ManufactureCountry>פולין</ManufactureCountry><ManufacturerItemDescription>דוגלי בשר וכבד  1 ק"ג</ManufacturerItemDescription><SoldByWeight/><Quantity>100.00</Quantity><UnitOfMeasure>מ"ל</UnitOfMeasure><QtyInPackage>לא ידוע</QtyInPackage><UnitOfMeasurePrice>0.1880</UnitOfMeasurePrice><AllowDiscount>1</AllowDiscount><ItemStatus>1</ItemStatus><ItemPrice>18.80</ItemPrice></item><item><PriceUpdateDate>2015-10-13 09:48:37</PriceUpdateDate><ItemCode>7290102390427</ItemCode><ItemType>1</ItemType><ItemName>יוגורט פרופתות מולר</ItemName><ManufacturerName>מולר</ManufacturerName><ManufactureCountry>ישראל</ManufactureCountry><ManufacturerItemDescription>פרופ תות מולר 150 מל</ManufacturerItemDescription><SoldByWeight/><Quantity>150.00</Quantity><UnitOfMeasure>מ"ל</UnitOfMeasure><QtyInPackage>לא ידוע</QtyInPackage><UnitOfMeasurePrice>0.0367</UnitOfMeasurePrice><AllowDiscount>1</AllowDiscount><ItemStatus>1</ItemStatus><ItemPrice>5.50</ItemPrice></item><item><PriceUpdateDate>2015-10-13 09:48:37</PriceUpdateDate><ItemCode>7290102390465</ItemCode><ItemType>1</ItemType><ItemName>יוגורט פרופאפרסק ופס</ItemName><ManufacturerName>מולר</ManufacturerName><ManufactureCountry>ישראל</ManufactureCountry><ManufacturerItemDescription>פרופ אפרסק פסיפלורה מולר</ManufacturerItemDescription><SoldByWeight/><Quantity>150.00</Quantity><UnitOfMeasure>מ"ל</UnitOfMeasure><QtyInPackage>לא ידוע</QtyInPackage><UnitOfMeasurePrice>0.0367</UnitOfMeasurePrice><AllowDiscount>1</AllowDiscount><ItemStatus>1</ItemStatus><ItemPrice>5.50</ItemPrice></item><item><PriceUpdateDate>2015-10-13 09:48:37</PriceUpdateDate><ItemCode>7290102390489</ItemCode><ItemType>1</ItemType><ItemName>יוגורט פרופלימון מול</ItemName><ManufacturerName>מולר</ManufacturerName><ManufactureCountry>ישראל</ManufactureCountry><ManufacturerItemDescription>פרופ לימון מולר 150 מל</ManufacturerItemDescription><SoldByWeight/><Quantity>150.00</Quantity><UnitOfMeasure>מ"ל</UnitOfMeasure><QtyInPackage>לא ידוע</QtyInPackage><UnitOfMeasurePrice>0.0367</UnitOfMeasurePrice><AllowDiscount>1</AllowDiscount><ItemStatus>1</ItemStatus><ItemPrice>5.50</ItemPrice></item><item><PriceUpdateDate>2015-10-13 09:48:37</PriceUpdateDate><ItemCode>7290102391844</ItemCode><ItemType>1</ItemType><ItemName>יוגורט פרופ פירות יע</ItemName><ManufacturerName>מולר</ManufacturerName><ManufactureCountry>ישראל</ManufactureCountry><ManufacturerItemDescription>פרופ פירות יער מולר 150</ManufacturerItemDescription><SoldByWeight/><Quantity>150.00</Quantity><UnitOfMeasure>מ"ל</UnitOfMeasure><QtyInPackage>לא ידוע</QtyInPackage><UnitOfMeasurePrice>0.0367</UnitOfMeasurePrice><AllowDiscount>1</AllowDiscount><ItemStatus>1</ItemStatus><ItemPrice>5.50</ItemPrice></item><item><PriceUpdateDate>2016-08-10 11:21:44</PriceUpdateDate><ItemCode>7290102392049</ItemCode><ItemType>1</ItemType><ItemName>תבור גבינה לאפיה 5%</ItemName><ManufacturerName>משק צוריאל</ManufacturerName><ManufactureCountry>ישראל</ManufactureCountry><ManufacturerItemDescription>תבור גבינה לאפיה 5%</ManufacturerItemDescription><SoldByWeight/><Quantity>500.00</Quantity><UnitOfMeasure>גרם     </UnitOfMeasure><QtyInPackage>לא ידוע</QtyInPackage><UnitOfMeasurePrice>0.0518</UnitOfMeasurePrice><AllowDiscount>1</AllowDiscount><ItemStatus>1</ItemStatus><ItemPrice>25.90</ItemPrice></item><item><PriceUpdateDate>2016-05-01 07:23:49</PriceUpdateDate><ItemCode>7290102392094</ItemCode><ItemType>1</ItemType><ItemName>חלב עיזים צוריאל 1 ל</ItemName><ManufacturerName>משק צוריאל</ManufacturerName><ManufactureCountry>ישראל</ManufactureCountry><ManufacturerItemDescription>חלב עיזים 1 ליטר קרטון</ManufacturerItemDescription><SoldByWeight/><Quantity>1000.00</Quantity><UnitOfMeasure>מ"ל</UnitOfMeasure><QtyInPackage>לא ידוע</QtyInPackage><UnitOfMeasurePrice>0.0175</UnitOfMeasurePrice><AllowDiscount>0</AllowDiscount><ItemStatus>1</ItemStatus><ItemPrice>17.50</ItemPrice></item><item><PriceUpdateDate>2016-02-11 07:49:25</PriceUpdateDate><ItemCode>7290102392636</ItemCode><ItemType>1</ItemType><ItemName>שמנת מתוקה לקצפת 38%</ItemName><ManufacturerName>טרה</ManufacturerName><ManufactureCountry>ישראל</ManufactureCountry><ManufacturerItemDescription>שמנת מתוקה עמידה 250 38%</ManufacturerItemDescription><SoldByWeight/><Quantity>250.00</Quantity><UnitOfMeasure>מ"ל</UnitOfMeasure><QtyInPackage>לא ידוע</QtyInPackage><UnitOfMeasurePrice>0.0238</UnitOfMeasurePrice><AllowDiscount>1</AllowDiscount><ItemStatus>1</ItemStatus><ItemPrice>5.95</ItemPrice></item><item><PriceUpdateDate>2015-10-13 09:48:37</PriceUpdateDate><ItemCode>7290102393190</ItemCode><ItemType>1</ItemType><ItemName>מולר פירות יער 3% 15</ItemName><ManufacturerName>מולר</ManufacturerName><ManufactureCountry>ישראל</ManufactureCountry><ManufacturerItemDescription>יוגורט סימפלי פירות יער</ManufacturerItemDescription><SoldByWeight/><Quantity>150.00</Quantity><UnitOfMeasure>גרם     </UnitOfMeasure><QtyInPackage>לא ידוע</QtyInPackage><UnitOfMeasurePrice>0.0360</UnitOfMeasurePrice><AllowDiscount>1</AllowDiscount><ItemStatus>1</ItemStatus><ItemPrice>5.40</ItemPrice></item><item><PriceUpdateDate>2015-10-22 09:59:17</PriceUpdateDate><ItemCode>7290102393848</ItemCode><ItemType>1</ItemType><ItemName>יוגורט עיזים עם תות</ItemName><ManufacturerName>משק צוריאל</ManufacturerName><ManufactureCountry>ישראל</ManufactureCountry><ManufacturerItemDescription>יוגורט עיזים תות 150 גר</ManufacturerItemDescription><SoldByWeight/><Quantity>150.00</Quantity><UnitOfMeasure>גרם     </UnitOfMeasure><QtyInPackage>לא ידוע</QtyInPackage><UnitOfMeasurePrice>0.0460</UnitOfMeasurePrice><AllowDiscount>0</AllowDiscount><ItemStatus>1</ItemStatus><ItemPrice>6.90</ItemPrice></item><item><PriceUpdateDate>2015-10-22 09:59:17</PriceUpdateDate><ItemCode>7290102393855</ItemCode><ItemType>1</ItemType><ItemName>יוגורט עיזים עם אפרס</ItemName><ManufacturerName>משק צוריאל</ManufacturerName><ManufactureCountry>ישראל</ManufactureCountry><ManufacturerItemDescription>יוגורט עיזים אפרסק 150 גר</ManufacturerItemDescription><SoldByWeight/><Quantity>150.00</Quantity><UnitOfMeasure>גרם     </UnitOfMeasure><QtyInPackage>לא ידוע</QtyInPackage><UnitOfMeasurePrice>0.0460</UnitOfMeasurePrice><AllowDiscount>0</AllowDiscount><ItemStatus>1</ItemStatus><ItemPrice>6.90</ItemPrice></item><item><PriceUpdateDate>2015-10-13 09:48:37</PriceUpdateDate><ItemCode>7290102393947</ItemCode><ItemType>1</ItemType><ItemName>מולר קיווי 3% 150 גר</ItemName><ManufacturerName>מולר</ManufacturerName><ManufactureCountry>ישראל</ManufactureCountry><ManufacturerItemDescription>יוגורט סימפלי קיווי  150</ManufacturerItemDescription><SoldByWeight/><Quantity>150.00</Quantity><UnitOfMeasure>גרם     </UnitOfMeasure><QtyInPackage>לא ידוע</QtyInPackage><UnitOfMeasurePrice>0.0360</UnitOfMeasurePrice><AllowDiscount>1</AllowDiscount><ItemStatus>1</ItemStatus><ItemPrice>5.40</ItemPrice></item><item><PriceUpdateDate>2016-02-15 10:08:03</PriceUpdateDate><ItemCode>7290102394463</ItemCode><ItemType>1</ItemType><ItemName>גבינה צהובה 28% בווא</ItemName><ManufacturerName>ג.נ'עם</ManufacturerName><ManufactureCountry>ישראל</ManufactureCountry><ManufacturerItemDescription>גבינה צהובה 500 28% גרם</ManufacturerItemDescription><SoldByWeight/><Quantity>500.00</Quantity><UnitOfMeasure>גרם     </UnitOfMeasure><QtyInPackage>לא ידוע</QtyInPackage><UnitOfMeasurePrice>0.0578</UnitOfMeasurePrice><AllowDiscount>1</AllowDiscount><ItemStatus>1</ItemStatus><ItemPrice>28.90</ItemPrice></item><item><PriceUpdateDate>2016-02-11 07:49:25</PriceUpdateDate><ItemCode>7290102394814</ItemCode><ItemType>1</ItemType><ItemName>חמאה 200 גרם טרה</ItemName><ManufacturerName>טרה</ManufacturerName><ManufactureCountry>ישראל</ManufactureCountry><ManufacturerItemDescription>חמאה 200 גרם טרה</ManufacturerItemDescription><SoldByWeight/><Quantity>200.00</Quantity><UnitOfMeasure>גרם     </UnitOfMeasure><QtyInPackage>לא ידוע</QtyInPackage><UnitOfMeasurePrice>0.0380</UnitOfMeasurePrice><AllowDiscount>1</AllowDiscount><ItemStatus>1</ItemStatus><ItemPrice>7.60</ItemPrice></item><item><PriceUpdateDate>2015-10-13 09:48:37</PriceUpdateDate><ItemCode>7290102394845</ItemCode><ItemType>1</ItemType><ItemName>גבינה צהובה דקדק 9%</ItemName><ManufacturerName>ג.נ'עם</ManufacturerName><ManufactureCountry>ישראל</ManufactureCountry><ManufacturerItemDescription>גבינה צהובה200 9% גרם דק</ManufacturerItemDescription><SoldByWeight/><Quantity>200.00</Quantity><UnitOfMeasure>גרם     </UnitOfMeasure><QtyInPackage>לא ידוע</QtyInPackage><UnitOfMeasurePrice>0.0855</UnitOfMeasurePrice><AllowDiscount>1</AllowDiscount><ItemStatus>1</ItemStatus><ItemPrice>17.10</ItemPrice></item><item><PriceUpdateDate>2015-10-13 09:48:37</PriceUpdateDate><ItemCode>7290102395224</ItemCode><ItemType>1</ItemType><ItemName>מאגדת מולר ביאנקו נט</ItemName><ManufacturerName>מולר</ManufacturerName><ManufactureCountry>ישראל</ManufactureCountry><ManufacturerItemDescription>מאגדת מולר ביאנקו נט</ManufacturerItemDescription><SoldByWeight/><Quantity>1200.00</Quantity><UnitOfMeasure>גרם     </UnitOfMeasure><QtyInPackage>לא ידוע</QtyInPackage><UnitOfMeasurePrice>0.0154</UnitOfMeasurePrice><AllowDiscount>1</AllowDiscount><ItemStatus>1</ItemStatus><ItemPrice>18.50</ItemPrice></item><item><PriceUpdateDate>2015-10-13 09:48:37</PriceUpdateDate><ItemCode>7290102395231</ItemCode><ItemType>1</ItemType><ItemName>מאגדת מולר ביאנקו נט</ItemName><ManufacturerName>מולר</ManufacturerName><ManufactureCountry>ישראל</ManufactureCountry><ManufacturerItemDescription>מאגדת מולר ביאנקו נט</ManufacturerItemDescription><SoldByWeight/><Quantity>1200.00</Quantity><UnitOfMeasure>גרם     </UnitOfMeasure><QtyInPackage>לא ידוע</QtyInPackage><UnitOfMeasurePrice>0.0154</UnitOfMeasurePrice><AllowDiscount>1</AllowDiscount><ItemStatus>1</ItemStatus><ItemPrice>18.50</ItemPrice></item><item><PriceUpdateDate>2016-08-02 06:36:43</PriceUpdateDate><ItemCode>7290102395774</ItemCode><ItemType>1</ItemType><ItemName>מב צפתית מעודנת 5% -</ItemName><ManufacturerName>משק צוריאל</ManufacturerName><ManufactureCountry>ישראל</ManufactureCountry><ManufacturerItemDescription>מב צפתית מעודנת 5% -</ManufacturerItemDescription><SoldByWeight/><Quantity>200.00</Quantity><UnitOfMeasure>גרם     </UnitOfMeasure><QtyInPackage>לא ידוע</QtyInPackage><UnitOfMeasurePrice>0.0500</UnitOfMeasurePrice><AllowDiscount>1</AllowDiscount><ItemStatus>1</ItemStatus><ItemPrice>10.00</ItemPrice></item><item><PriceUpdateDate>2015-10-13 09:48:38</PriceUpdateDate><ItemCode>7290102396047</ItemCode><ItemType>1</ItemType><ItemName>מולר אננס  1.5% 150</ItemName><ManufacturerName>מולר</ManufacturerName><ManufactureCountry>ישראל</ManufactureCountry><ManufacturerItemDescription>יוגורט סימפלי אננס 150 1.</ManufacturerItemDescription><SoldByWeight/><Quantity>150.00</Quantity><UnitOfMeasure>גרם     </UnitOfMeasure><QtyInPackage>לא ידוע</QtyInPackage><UnitOfMeasurePrice>0.0360</UnitOfMeasurePrice><AllowDiscount>1</AllowDiscount><ItemStatus>1</ItemStatus><ItemPrice>5.40</ItemPrice></item><item><PriceUpdateDate>2015-10-13 09:48:38</PriceUpdateDate><ItemCode>7290102396474</ItemCode><ItemType>1</ItemType><ItemName>יוגורט פרופ מלון בננ</ItemName><ManufacturerName>מולר</ManufacturerName><ManufactureCountry>ישראל</ManufactureCountry><ManufacturerItemDescription>יוגורט פרופ מלון בננ</ManufacturerItemDescription><SoldByWeight/><Quantity>150.00</Quantity><UnitOfMeasure>מ"ל</UnitOfMeasure><QtyInPackage>לא ידוע</QtyInPackage><UnitOfMeasurePrice>0.0367</UnitOfMeasurePrice><AllowDiscount>1</AllowDiscount><ItemStatus>1</ItemStatus><ItemPrice>5.50</ItemPrice></item><item><PriceUpdateDate>2015-10-29 07:16:29</PriceUpdateDate><ItemCode>7290102396665</ItemCode><ItemType>1</ItemType><ItemName>גבינה צהובה נעם דקדק</ItemName><ManufacturerName>ג.נ'עם</ManufacturerName><ManufactureCountry>ישראל</ManufactureCountry><ManufacturerItemDescription>גבינה צהובה דקדק 200 28%</ManufacturerItemDescription><SoldByWeight/><Quantity>200.00</Quantity><UnitOfMeasure>גרם     </UnitOfMeasure><QtyInPackage>לא ידוע</QtyInPackage><UnitOfMeasurePrice>0.0800</UnitOfMeasurePrice><AllowDiscount>1</AllowDiscount><ItemStatus>1</ItemStatus><ItemPrice>16.00</ItemPrice></item><item><PriceUpdateDate>2016-08-02 06:36:43</PriceUpdateDate><ItemCode>7290102396757</ItemCode><ItemType>1</ItemType><ItemName>מב שוקו 1 ליטר קרטון</ItemName><ManufacturerName>טרה</ManufacturerName><ManufactureCountry>ישראל</ManufactureCountry><ManufacturerItemDescription>שוקו 1 ליטר קרטון</ManufacturerItemDescription><SoldByWeight/><Quantity>1000.00</Quantity><UnitOfMeasure>ליטר    </UnitOfMeasure><QtyInPackage>לא ידוע</QtyInPackage><UnitOfMeasurePrice>0.0099</UnitOfMeasurePrice><AllowDiscount>1</AllowDiscount><ItemStatus>1</ItemStatus><ItemPrice>9.90</ItemPrice></item><item><PriceUpdateDate>2015-10-22 09:59:17</PriceUpdateDate><ItemCode>7290102396771</ItemCode><ItemType>1</ItemType><ItemName>שוקו חצי ליטר קרטון</ItemName><ManufacturerName>טרה</ManufacturerName><ManufactureCountry>ישראל</ManufactureCountry><ManufacturerItemDescription>שוקו חצי ליטר קרטון</ManufacturerItemDescription><SoldByWeight/><Quantity>1.00</Quantity><UnitOfMeasure>מ"ל</UnitOfMeasure><QtyInPackage>לא ידוע</QtyInPackage><UnitOfMeasurePrice>7.1000</UnitOfMeasurePrice><AllowDiscount>1</AllowDiscount><ItemStatus>1</ItemStatus><ItemPrice>7.10</ItemPrice></item><item><PriceUpdateDate>2016-02-11 07:49:25</PriceUpdateDate><ItemCode>7290102396948</ItemCode><ItemType>1</ItemType><ItemName>חלב טרה 3% בקרטון 1</ItemName><ManufacturerName>טרה</ManufacturerName><ManufactureCountry>ישראל</ManufactureCountry><ManufacturerItemDescription>חלב1 3% ל.קרטון מהדרין פי</ManufacturerItemDescription><SoldByWeight/><Quantity>1.00</Quantity><UnitOfMeasure>יח'</UnitOfMeasure><QtyInPackage>לא ידוע</QtyInPackage><UnitOfMeasurePrice>5.7500</UnitOfMeasurePrice><AllowDiscount>1</AllowDiscount><ItemStatus>1</ItemStatus><ItemPrice>5.75</ItemPrice></item><item><PriceUpdateDate>2015-10-29 07:16:29</PriceUpdateDate><ItemCode>7290102397204</ItemCode><ItemType>1</ItemType><ItemName>גבינה צהובה נעם דקדק</ItemName><ManufacturerName>ג.נ'עם</ManufacturerName><ManufactureCountry>ישראל</ManufactureCountry><ManufacturerItemDescription>גבינה צהובה דקדק 200 28%</ManufacturerItemDescription><SoldByWeight/><Quantity>200.00</Quantity><UnitOfMeasure>גרם     </UnitOfMeasure><QtyInPackage>לא ידוע</QtyInPackage><UnitOfMeasurePrice>0.0800</UnitOfMeasurePrice><AllowDiscount>1</AllowDiscount><ItemStatus>1</ItemStatus><ItemPrice>16.00</ItemPrice></item><item><PriceUpdateDate>2016-05-18 11:26:39</PriceUpdateDate><ItemCode>7290102397532</ItemCode><ItemType>1</ItemType><ItemName>גבינה לבנה 9% 250 גר</ItemName><ManufacturerName>לא ממותג</ManufacturerName><ManufactureCountry>לא ידוע</ManufactureCountry><ManufacturerItemDescription>גבינה לבנה 9% 250 גר</ManufacturerItemDescription><SoldByWeight/><Quantity>250.00</Quantity><UnitOfMeasure>גרם     </UnitOfMeasure><QtyInPackage>לא ידוע</QtyInPackage><UnitOfMeasurePrice>0.0196</UnitOfMeasurePrice><AllowDiscount>1</AllowDiscount><ItemStatus>1</ItemStatus><ItemPrice>4.90</ItemPrice></item><item><PriceUpdateDate>2016-08-02 06:36:43</PriceUpdateDate><ItemCode>7290103401382</ItemCode><ItemType>1</ItemType><ItemName>מב קפה נמס 200 ג' פר</ItemName><ManufacturerName>דרום אמריקה</ManufacturerName><ManufactureCountry>ישראל</ManufactureCountry><ManufacturerItemDescription>קפה פרא אפריקאי 200 גר</ManufacturerItemDescription><SoldByWeight/><Quantity>200.00</Quantity><UnitOfMeasure>גרם     </UnitOfMeasure><QtyInPackage>לא ידוע</QtyInPackage><UnitOfMeasurePrice>0.1145</UnitOfMeasurePrice><AllowDiscount>1</AllowDiscount><ItemStatus>1</ItemStatus><ItemPrice>22.90</ItemPrice></item><item><PriceUpdateDate>2015-10-22 09:59:17</PriceUpdateDate><ItemCode>7290103404758</ItemCode><ItemType>1</ItemType><ItemName>סלט כרוב אדום יום יו</ItemName><ManufacturerName>אחלה</ManufacturerName><ManufactureCountry>ישראל</ManufactureCountry><ManufacturerItemDescription>סלט כרוב 120 גרם</ManufacturerItemDescription><SoldByWeight/><Quantity>120.00</Quantity><UnitOfMeasure>גרם     </UnitOfMeasure><QtyInPackage>לא ידוע</QtyInPackage><UnitOfMeasurePrice>0.0508</UnitOfMeasurePrice><AllowDiscount>1</AllowDiscount><ItemStatus>1</ItemStatus><ItemPrice>6.10</ItemPrice></item><item><PriceUpdateDate>2015-10-22 09:59:18</PriceUpdateDate><ItemCode>7290103407902</ItemCode><ItemType>1</ItemType><ItemName>מארז מיני מילקי 8*70</ItemName><ManufacturerName>מילקי מהדרין</ManufacturerName><ManufactureCountry>ישראל</ManufactureCountry><ManufacturerItemDescription>מארז מיני מילקי 8*70</ManufacturerItemDescription><SoldByWeight/><Quantity>560.00</Quantity><UnitOfMeasure>גרם     </UnitOfMeasure><QtyInPackage>לא ידוע</QtyInPackage><UnitOfMeasurePrice>0.0225</UnitOfMeasurePrice><AllowDiscount>1</AllowDiscount><ItemStatus>1</ItemStatus><ItemPrice>12.60</ItemPrice></item><item><PriceUpdateDate>2016-08-02 06:31:53</PriceUpdateDate><ItemCode>7290103700089</ItemCode><ItemType>1</ItemType><ItemName>מגבות נייר שישייה המ</ItemName><ManufacturerName>"המותג"</ManufacturerName><ManufactureCountry>ישראל</ManufactureCountry><ManufacturerItemDescription>מגבות נייר שישייה המ</ManufacturerItemDescription><SoldByWeight/><Quantity>6.00</Quantity><UnitOfMeasure>יח</UnitOfMeasure><QtyInPackage>לא ידוע</QtyInPackage><UnitOfMeasurePrice>1.6500</UnitOfMeasurePrice><AllowDiscount>1</AllowDiscount><ItemStatus>1</ItemStatus><ItemPrice>9.90</ItemPrice></item><item><PriceUpdateDate>2016-01-14 11:46:24</PriceUpdateDate><ItemCode>7290104060403</ItemCode><ItemType>1</ItemType><ItemName>מסטיק מאסט בזוקה ענב</ItemName><ManufacturerName>בזוקה</ManufacturerName><ManufactureCountry>ישראל</ManufactureCountry><ManufacturerItemDescription>מסטיק מאסט בזוקה ענבים לל</ManufacturerItemDescription><SoldByWeight/><Quantity>28.00</Quantity><UnitOfMeasure>גרם     </UnitOfMeasure><QtyInPackage>לא ידוע</QtyInPackage><UnitOfMeasurePrice>0.1607</UnitOfMeasurePrice><AllowDiscount>1</AllowDiscount><ItemStatus>1</ItemStatus><ItemPrice>4.50</ItemPrice></item><item><PriceUpdateDate>2016-08-02 06:31:53</PriceUpdateDate><ItemCode>7290104061417</ItemCode><ItemType>1</ItemType><ItemName>סלט חומוס אחלה עם טח</ItemName><ManufacturerName>אחלה</ManufacturerName><ManufactureCountry>ישראל</ManufactureCountry><ManufacturerItemDescription>סלט חומוס וטחינה 400 גרם</ManufacturerItemDescription><SoldByWeight/><Quantity>400.00</Quantity><UnitOfMeasure>גרם     </UnitOfMeasure><QtyInPackage>לא ידוע</QtyInPackage><UnitOfMeasurePrice>0.0298</UnitOfMeasurePrice><AllowDiscount>0</AllowDiscount><ItemStatus>1</ItemStatus><ItemPrice>11.90</ItemPrice></item><item><PriceUpdateDate>2016-08-02 06:31:53</PriceUpdateDate><ItemCode>7290104061424</ItemCode><ItemType>1</ItemType><ItemName>סלט חומוס אחלה עם זע</ItemName><ManufacturerName>אחלה</ManufacturerName><ManufactureCountry>ישראל</ManufactureCountry><ManufacturerItemDescription>סלט חומוס אחלה עם זע</ManufacturerItemDescription><SoldByWeight/><Quantity>400.00</Quantity><UnitOfMeasure>גרם     </UnitOfMeasure><QtyInPackage>לא ידוע</QtyInPackage><UnitOfMeasurePrice>0.0298</UnitOfMeasurePrice><AllowDiscount>0</AllowDiscount><ItemStatus>1</ItemStatus><ItemPrice>11.90</ItemPrice></item><item><PriceUpdateDate>2016-08-02 06:31:53</PriceUpdateDate><ItemCode>7290104061431</ItemCode><ItemType>1</ItemType><ItemName>סלט חומוס אחלה עם צנ</ItemName><ManufacturerName>אחלה</ManufacturerName><ManufactureCountry>ישראל</ManufactureCountry><ManufacturerItemDescription>סלט חומוס וצנובר 400 גרם</ManufacturerItemDescription><SoldByWeight/><Quantity>400.00</Quantity><UnitOfMeasure>גרם     </UnitOfMeasure><QtyInPackage>לא ידוע</QtyInPackage><UnitOfMeasurePrice>0.0298</UnitOfMeasurePrice><AllowDiscount>0</AllowDiscount><ItemStatus>1</ItemStatus><ItemPrice>11.90</ItemPrice></item><item><PriceUpdateDate>2016-08-02 06:31:53</PriceUpdateDate><ItemCode>7290104061448</ItemCode><ItemType>1</ItemType><ItemName>סלט חומוס אחלה עם חר</ItemName><ManufacturerName>אחלה</ManufacturerName><ManufactureCountry>ישראל</ManufactureCountry><ManufacturerItemDescription>סלט חומוס וחריף 400 גרם</ManufacturerItemDescription><SoldByWeight/><Quantity>400.00</Quantity><UnitOfMeasure>גרם     </UnitOfMeasure><QtyInPackage>לא ידוע</QtyInPackage><UnitOfMeasurePrice>0.0298</UnitOfMeasurePrice><AllowDiscount>0</AllowDiscount><ItemStatus>1</ItemStatus><ItemPrice>11.90</ItemPrice></item><item><PriceUpdateDate>2016-05-23 07:15:08</PriceUpdateDate><ItemCode>7290104062599</ItemCode><ItemType>1</ItemType><ItemName>מארז שמינייה גמדים ת</ItemName><ManufacturerName>גמדים</ManufacturerName><ManufactureCountry>ישראל</ManufactureCountry><ManufacturerItemDescription>מארז שמינייה גמדים ת</ManufacturerItemDescription><SoldByWeight/><Quantity>800.00</Quantity><UnitOfMeasure>גרם     </UnitOfMeasure><QtyInPackage>לא ידוע</QtyInPackage><UnitOfMeasurePrice>0.0236</UnitOfMeasurePrice><AllowDiscount>1</AllowDiscount><ItemStatus>1</ItemStatus><ItemPrice>18.90</ItemPrice></item><item><PriceUpdateDate>2015-10-13 09:48:39</PriceUpdateDate><ItemCode>7290104066016</ItemCode><ItemType>1</ItemType><ItemName>מילקי טופ עדשים 134</ItemName><ManufacturerName>מילקי</ManufacturerName><ManufactureCountry>ישראל</ManufactureCountry><ManufacturerItemDescription>מילקי טופ עדשים 170 מל</ManufacturerItemDescription><SoldByWeight/><Quantity>134.00</Quantity><UnitOfMeasure>גרם     </UnitOfMeasure><QtyInPackage>לא ידוע</QtyInPackage><UnitOfMeasurePrice>0.0351</UnitOfMeasurePrice><AllowDiscount>1</AllowDiscount><ItemStatus>1</ItemStatus><ItemPrice>4.70</ItemPrice></item><item><PriceUpdateDate>2016-05-01 07:23:49</PriceUpdateDate><ItemCode>7290104067198</ItemCode><ItemType>1</ItemType><ItemName>שוקולד ספלנדיד מריר</ItemName><ManufacturerName>לא ידוע</ManufacturerName><ManufactureCountry>ישראל</ManufactureCountry><ManufacturerItemDescription>שוקולד ספלנדיד מריר</ManufacturerItemDescription><SoldByWeight/><Quantity>100.00</Quantity><UnitOfMeasure>גרם     </UnitOfMeasure><QtyInPackage>לא ידוע</QtyInPackage><UnitOfMeasurePrice>0.1190</UnitOfMeasurePrice><AllowDiscount>1</AllowDiscount><ItemStatus>1</ItemStatus><ItemPrice>11.90</ItemPrice></item><item><PriceUpdateDate>2016-01-14 11:46:24</PriceUpdateDate><ItemCode>7290104068546</ItemCode><ItemType>1</ItemType><ItemName>מסטיק מאסט קולה 28 ג</ItemName><ManufacturerName>מאסט</ManufacturerName><ManufactureCountry>ישראל</ManufactureCountry><ManufacturerItemDescription>מסטיק מאסט בטעם קולה קרח</ManufacturerItemDescription><SoldByWeight/><Quantity>28.00</Quantity><UnitOfMeasure>גרם     </UnitOfMeasure><QtyInPackage>לא ידוע</QtyInPackage><UnitOfMeasurePrice>0.1607</UnitOfMeasurePrice><AllowDiscount>1</AllowDiscount><ItemStatus>1</ItemStatus><ItemPrice>4.50</ItemPrice></item><item><PriceUpdateDate>2016-03-16 13:26:09</PriceUpdateDate><ItemCode>7290104501661</ItemCode><ItemType>1</ItemType><ItemName>פודינג בטעם וניל צרפ</ItemName><ManufacturerName>אסם</ManufacturerName><ManufactureCountry>ישראל</ManufactureCountry><ManufacturerItemDescription>פודינג וניל צרפתי 80 גר</ManufacturerItemDescription><SoldByWeight/><Quantity>80.00</Quantity><UnitOfMeasure>גרם     </UnitOfMeasure><QtyInPackage>לא ידוע</QtyInPackage><UnitOfMeasurePrice>0.0688</UnitOfMeasurePrice><AllowDiscount>1</AllowDiscount><ItemStatus>1</ItemStatus><ItemPrice>5.50</ItemPrice></item><item><PriceUpdateDate>2016-08-02 06:31:53</PriceUpdateDate><ItemCode>7290104504228</ItemCode><ItemType>1</ItemType><ItemName>מב מארז חטיף דובונים</ItemName><ManufacturerName>אסם</ManufacturerName><ManufactureCountry>ישראל</ManufactureCountry><ManufacturerItemDescription>מב מארז חטיף דובונים</ManufacturerItemDescription><SoldByWeight/><Quantity>100.00</Quantity><UnitOfMeasure>גרם     </UnitOfMeasure><QtyInPackage>לא ידוע</QtyInPackage><UnitOfMeasurePrice>0.1190</UnitOfMeasurePrice><AllowDiscount>1</AllowDiscount><ItemStatus>1</ItemStatus><ItemPrice>11.90</ItemPrice></item><item><PriceUpdateDate>2016-08-02 06:36:44</PriceUpdateDate><ItemCode>7290104508189</ItemCode><ItemType>1</ItemType><ItemName>מב גביעי גלידה אסם 2</ItemName><ManufacturerName>אסם</ManufacturerName><ManufactureCountry>ישראל</ManufactureCountry><ManufacturerItemDescription>מב גביעי גלידה אסם 2</ManufacturerItemDescription><SoldByWeight/><Quantity>24.00</Quantity><UnitOfMeasure>יח'</UnitOfMeasure><QtyInPackage>לא ידוע</QtyInPackage><UnitOfMeasurePrice>0.4542</UnitOfMeasurePrice><AllowDiscount>1</AllowDiscount><ItemStatus>1</ItemStatus><ItemPrice>10.90</ItemPrice></item><item><PriceUpdateDate>2016-08-02 06:36:44</PriceUpdateDate><ItemCode>7290104508202</ItemCode><ItemType>1</ItemType><ItemName>מב גביעי גלידה אמריק</ItemName><ManufacturerName>אסם</ManufacturerName><ManufactureCountry>ישראל</ManufactureCountry><ManufacturerItemDescription>מב גביעי גלידה אמריק</ManufacturerItemDescription><SoldByWeight/><Quantity>24.00</Quantity><UnitOfMeasure>יח'</UnitOfMeasure><QtyInPackage>לא ידוע</QtyInPackage><UnitOfMeasurePrice>0.4542</UnitOfMeasurePrice><AllowDiscount>1</AllowDiscount><ItemStatus>1</ItemStatus><ItemPrice>10.90</ItemPrice></item><item><PriceUpdateDate>2016-05-31 09:34:16</PriceUpdateDate><ItemCode>7290104508394</ItemCode><ItemType>1</ItemType><ItemName>עוגת הבית שיש אגוזים</ItemName><ManufacturerName>עוגות הבית</ManufacturerName><ManufactureCountry>ישראל</ManufactureCountry><ManufacturerItemDescription>עוגת הבית שיש אגוזים</ManufacturerItemDescription><SoldByWeight/><Quantity>380.00</Quantity><UnitOfMeasure>גרם     </UnitOfMeasure><QtyInPackage>לא ידוע</QtyInPackage><UnitOfMeasurePrice>0.0287</UnitOfMeasurePrice><AllowDiscount>0</AllowDiscount><ItemStatus>1</ItemStatus><ItemPrice>10.90</ItemPrice></item><item><PriceUpdateDate>2015-01-27 06:48:57</PriceUpdateDate><ItemCode>7290104570162</ItemCode><ItemType>1</ItemType><ItemName>תמר כבוש 500 גרם</ItemName><ManufacturerName>תמר שאן</ManufacturerName><ManufactureCountry>ישראל</ManufactureCountry><ManufacturerItemDescription>תמר כבוש 500 גרם</ManufacturerItemDescription><SoldByWeight/><Quantity>500.00</Quantity><UnitOfMeasure>גרם     </UnitOfMeasure><QtyInPackage>לא ידוע</QtyInPackage><UnitOfMeasurePrice>0.0324</UnitOfMeasurePrice><AllowDiscount>1</AllowDiscount><ItemStatus>1</ItemStatus><ItemPrice>16.20</ItemPrice></item><item><PriceUpdateDate>2016-02-18 08:08:15</PriceUpdateDate><ItemCode>7290104720499</ItemCode><ItemType>1</ItemType><ItemName>מארז שמינייה דני וני</ItemName><ManufacturerName>דני</ManufacturerName><ManufactureCountry>ישראל</ManufactureCountry><ManufacturerItemDescription>מארז שמינייה דני וני</ManufacturerItemDescription><SoldByWeight/><Quantity>1000.00</Quantity><UnitOfMeasure>גרם     </UnitOfMeasure><QtyInPackage>לא ידוע</QtyInPackage><UnitOfMeasurePrice>0.0169</UnitOfMeasurePrice><AllowDiscount>1</AllowDiscount><ItemStatus>1</ItemStatus><ItemPrice>16.90</ItemPrice></item><item><PriceUpdateDate>2016-08-10 11:21:44</PriceUpdateDate><ItemCode>7290104721533</ItemCode><ItemType>1</ItemType><ItemName>רצועות פלפלים קלויים</ItemName><ManufacturerName>אחלה</ManufacturerName><ManufactureCountry>ישראל</ManufactureCountry><ManufacturerItemDescription>רצועות פלפלים קלויים 400</ManufacturerItemDescription><SoldByWeight/><Quantity>400.00</Quantity><UnitOfMeasure>גרם     </UnitOfMeasure><QtyInPackage>לא ידוע</QtyInPackage><UnitOfMeasurePrice>0.0447</UnitOfMeasurePrice><AllowDiscount>1</AllowDiscount><ItemStatus>1</ItemStatus><ItemPrice>17.90</ItemPrice></item><item><PriceUpdateDate>2016-05-31 09:31:23</PriceUpdateDate><ItemCode>7290104721762</ItemCode><ItemType>1</ItemType><ItemName>מארז קפה טורקי עלית</ItemName><ManufacturerName>טורקי עלית</ManufacturerName><ManufactureCountry>ישראל</ManufactureCountry><ManufacturerItemDescription>מארז קפה טורקי עלית</ManufacturerItemDescription><SoldByWeight/><Quantity>255.00</Quantity><UnitOfMeasure>גרם     </UnitOfMeasure><QtyInPackage>לא ידוע</QtyInPackage><UnitOfMeasurePrice>0.0820</UnitOfMeasurePrice><AllowDiscount>1</AllowDiscount><ItemStatus>1</ItemStatus><ItemPrice>20.90</ItemPrice></item><item><PriceUpdateDate>2016-05-01 07:23:49</PriceUpdateDate><ItemCode>7290104726262</ItemCode><ItemType>1</ItemType><ItemName>מארז דני שוקולד לשתי</ItemName><ManufacturerName>דני</ManufacturerName><ManufactureCountry>ישראל</ManufactureCountry><ManufacturerItemDescription>מארז דני לשתייה 500 1/4 ג</ManufacturerItemDescription><SoldByWeight/><Quantity>500.00</Quantity><UnitOfMeasure>מ"ל</UnitOfMeasure><QtyInPackage>לא ידוע</QtyInPackage><UnitOfMeasurePrice>0.0230</UnitOfMeasurePrice><AllowDiscount>1</AllowDiscount><ItemStatus>1</ItemStatus><ItemPrice>11.50</ItemPrice></item><item><PriceUpdateDate>2015-11-17 14:36:00</PriceUpdateDate><ItemCode>7290104728242</ItemCode><ItemType>1</ItemType><ItemName>קפה נמס  צ'יקו 130 ג</ItemName><ManufacturerName>ציקו</ManufacturerName><ManufactureCountry>ישראל</ManufactureCountry><ManufacturerItemDescription>קפה נמס  צ'יקו 130 ג</ManufacturerItemDescription><SoldByWeight/><Quantity>130.00</Quantity><UnitOfMeasure>גרם     </UnitOfMeasure><QtyInPackage>לא ידוע</QtyInPackage><UnitOfMeasurePrice>0.2008</UnitOfMeasurePrice><AllowDiscount>1</AllowDiscount><ItemStatus>1</ItemStatus><ItemPrice>26.10</ItemPrice></item><item><PriceUpdateDate>2016-01-18 06:58:58</PriceUpdateDate><ItemCode>7290105360328</ItemCode><ItemType>1</ItemType><ItemName>קפסולות עלית 10 חזק</ItemName><ManufacturerName>עלית</ManufacturerName><ManufactureCountry>ישראל</ManufactureCountry><ManufacturerItemDescription>קפסולות אספרסו חזק10 יח 5</ManufacturerItemDescription><SoldByWeight/><Quantity>50.00</Quantity><UnitOfMeasure>גרם     </UnitOfMeasure><QtyInPackage>לא ידוע</QtyInPackage><UnitOfMeasurePrice>0.3980</UnitOfMeasurePrice><AllowDiscount>1</AllowDiscount><ItemStatus>1</ItemStatus><ItemPrice>19.90</ItemPrice></item><item><PriceUpdateDate>2016-05-31 09:34:17</PriceUpdateDate><ItemCode>7290105360755</ItemCode><ItemType>1</ItemType><ItemName>שמן זית יד מרדכי כתי</ItemName><ManufacturerName>יד מרדכי</ManufacturerName><ManufactureCountry>ישראל</ManufactureCountry><ManufacturerItemDescription>שמן זית 3 חזק 750 מל</ManufacturerItemDescription><SoldByWeight/><Quantity>750.00</Quantity><UnitOfMeasure>מ"ל</UnitOfMeasure><QtyInPackage>לא ידוע</QtyInPackage><UnitOfMeasurePrice>0.0465</UnitOfMeasurePrice><AllowDiscount>1</AllowDiscount><ItemStatus>1</ItemStatus><ItemPrice>34.90</ItemPrice></item><item><PriceUpdateDate>2016-03-16 13:25:43</PriceUpdateDate><ItemCode>7290105360878</ItemCode><ItemType>1</ItemType><ItemName>מארז תפוצ'יפס 4*50 ג</ItemName><ManufacturerName>תפוצ'יפס</ManufacturerName><ManufactureCountry>ישראל</ManufactureCountry><ManufacturerItemDescription>מארז תפוצ'יפס 4*50 ג</ManufacturerItemDescription><SoldByWeight/><Quantity>200.00</Quantity><UnitOfMeasure>גרם     </UnitOfMeasure><QtyInPackage>לא ידוע</QtyInPackage><UnitOfMeasurePrice>0.0545</UnitOfMeasurePrice><AllowDiscount>1</AllowDiscount><ItemStatus>1</ItemStatus><ItemPrice>10.90</ItemPrice></item><item><PriceUpdateDate>2015-10-22 09:59:45</PriceUpdateDate><ItemCode>7290105361714</ItemCode><ItemType>1</ItemType><ItemName>טבלת פסק זמן לבן מגד</ItemName><ManufacturerName>עלית</ManufacturerName><ManufactureCountry>ישראל</ManufactureCountry><ManufacturerItemDescription>טבלת פסק זמן לבן מגד</ManufacturerItemDescription><SoldByWeight/><Quantity>110.00</Quantity><UnitOfMeasure>גרם     </UnitOfMeasure><QtyInPackage>לא ידוע</QtyInPackage><UnitOfMeasurePrice>0.0864</UnitOfMeasurePrice><AllowDiscount>1</AllowDiscount><ItemStatus>1</ItemStatus><ItemPrice>9.50</ItemPrice></item><item><PriceUpdateDate>2016-03-14 07:12:24</PriceUpdateDate><ItemCode>7290105363602</ItemCode><ItemType>1</ItemType><ItemName>כיף כף מקלות קלאסי 4</ItemName><ManufacturerName>עלית</ManufacturerName><ManufactureCountry>ישראל</ManufactureCountry><ManufacturerItemDescription>מקלות כיף כף קלאסי 40 גרם</ManufacturerItemDescription><SoldByWeight/><Quantity>40.00</Quantity><UnitOfMeasure>גרם     </UnitOfMeasure><QtyInPackage>לא ידוע</QtyInPackage><UnitOfMeasurePrice>0.1375</UnitOfMeasurePrice><AllowDiscount>1</AllowDiscount><ItemStatus>1</ItemStatus><ItemPrice>5.50</ItemPrice></item><item><PriceUpdateDate>2016-08-10 11:21:44</PriceUpdateDate><ItemCode>7290105366023</ItemCode><ItemType>1</ItemType><ItemName>חציל בטעם כבד 400 גר</ItemName><ManufacturerName>אחלה</ManufacturerName><ManufactureCountry>ישראל</ManufactureCountry><ManufacturerItemDescription>סלט חציל בטעם כבד 400 גר</ManufacturerItemDescription><SoldByWeight/><Quantity>400.00</Quantity><UnitOfMeasure>גרם     </UnitOfMeasure><QtyInPackage>לא ידוע</QtyInPackage><UnitOfMeasurePrice>0.0447</UnitOfMeasurePrice><AllowDiscount>1</AllowDiscount><ItemStatus>1</ItemStatus><ItemPrice>17.90</ItemPrice></item><item><PriceUpdateDate>2015-12-28 07:43:27</PriceUpdateDate><ItemCode>7290105367617</ItemCode><ItemType>1</ItemType><ItemName>דנונה תות פרי בתחתית</ItemName><ManufacturerName>דנונה</ManufacturerName><ManufactureCountry>ישראל</ManufactureCountry><ManufacturerItemDescription>דנונה פרי בתחתית דיאט תות</ManufacturerItemDescription><SoldByWeight/><Quantity>150.00</Quantity><UnitOfMeasure>גרם     </UnitOfMeasure><QtyInPackage>לא ידוע</QtyInPackage><UnitOfMeasurePrice>0.0333</UnitOfMeasurePrice><AllowDiscount>1</AllowDiscount><ItemStatus>1</ItemStatus><ItemPrice>5.00</ItemPrice></item><item><PriceUpdateDate>2015-11-03 10:06:24</PriceUpdateDate><ItemCode>7290105368355</ItemCode><ItemType>1</ItemType><ItemName>מילקי שוקולד עשיר 13</ItemName><ManufacturerName>מילקי</ManufacturerName><ManufactureCountry>ישראל</ManufactureCountry><ManufacturerItemDescription>מילקיקל שוקולד 170-3% מל</ManufacturerItemDescription><SoldByWeight/><Quantity>133.00</Quantity><UnitOfMeasure>גרם     </UnitOfMeasure><QtyInPackage>לא ידוע</QtyInPackage><UnitOfMeasurePrice>0.0316</UnitOfMeasurePrice><AllowDiscount>1</AllowDiscount><ItemStatus>1</ItemStatus><ItemPrice>4.20</ItemPrice></item><item><PriceUpdateDate>2015-10-13 09:48:41</PriceUpdateDate><ItemCode>7290105369451</ItemCode><ItemType>1</ItemType><ItemName>צ'יטוס דולפינים גבינ</ItemName><ManufacturerName>עלית</ManufacturerName><ManufactureCountry>ישראל</ManufactureCountry><ManufacturerItemDescription>צ'יטוס דולפינים גבינ</ManufacturerItemDescription><SoldByWeight/><Quantity>55.00</Quantity><UnitOfMeasure>גרם     </UnitOfMeasure><QtyInPackage>לא ידוע</QtyInPackage><UnitOfMeasurePrice>0.0782</UnitOfMeasurePrice><AllowDiscount>1</AllowDiscount><ItemStatus>1</ItemStatus><ItemPrice>4.30</ItemPrice></item><item><PriceUpdateDate>2016-03-01 06:24:53</PriceUpdateDate><ItemCode>7290105690715</ItemCode><ItemType>1</ItemType><ItemName>זוג מרק נמס סוף תירס</ItemName><ManufacturerName>אסם</ManufacturerName><ManufactureCountry>ישראל</ManufactureCountry><ManufacturerItemDescription>זוג מרק נמס סוף תירס</ManufacturerItemDescription><SoldByWeight/><Quantity>54.00</Quantity><UnitOfMeasure>גרם     </UnitOfMeasure><QtyInPackage>לא ידוע</QtyInPackage><UnitOfMeasurePrice>0.1426</UnitOfMeasurePrice><AllowDiscount>1</AllowDiscount><ItemStatus>1</ItemStatus><ItemPrice>7.70</ItemPrice></item><item><PriceUpdateDate>2015-11-17 14:36:01</PriceUpdateDate><ItemCode>7290105691712</ItemCode><ItemType>1</ItemType><ItemName>עוגיות הפסקת קפה דגנ</ItemName><ManufacturerName>אסם</ManufacturerName><ManufactureCountry>ישראל</ManufactureCountry><ManufacturerItemDescription>עוגיות הפסקת קפה דגנ</ManufacturerItemDescription><SoldByWeight/><Quantity>320.00</Quantity><UnitOfMeasure>גרם     </UnitOfMeasure><QtyInPackage>לא ידוע</QtyInPackage><UnitOfMeasurePrice>0.0416</UnitOfMeasurePrice><AllowDiscount>1</AllowDiscount><ItemStatus>1</ItemStatus><ItemPrice>13.30</ItemPrice></item><item><PriceUpdateDate>2016-08-02 06:31:54</PriceUpdateDate><ItemCode>7290105693341</ItemCode><ItemType>1</ItemType><ItemName>מארז חטיף במבה 10*25</ItemName><ManufacturerName>במבה</ManufacturerName><ManufactureCountry>ישראל</ManufactureCountry><ManufacturerItemDescription>מארז חטיף במבה 10*25</ManufacturerItemDescription><SoldByWeight/><Quantity>250.00</Quantity><UnitOfMeasure>גרם     </UnitOfMeasure><QtyInPackage>לא ידוע</QtyInPackage><UnitOfMeasurePrice>0.0716</UnitOfMeasurePrice><AllowDiscount>1</AllowDiscount><ItemStatus>1</ItemStatus><ItemPrice>17.90</ItemPrice></item><item><PriceUpdateDate>2016-08-03 07:24:12</PriceUpdateDate><ItemCode>7290105694775</ItemCode><ItemType>1</ItemType><ItemName>מב דגני בוקר טריקס פ</ItemName><ManufacturerName>טריקס</ManufacturerName><ManufactureCountry>ארצות הברית</ManufactureCountry><ManufacturerItemDescription>חטיפי לואקר 4 יחגוז26X4ג</ManufacturerItemDescription><SoldByWeight/><Quantity>480.00</Quantity><UnitOfMeasure>גרם     </UnitOfMeasure><QtyInPackage>לא ידוע</QtyInPackage><UnitOfMeasurePrice>0.0373</UnitOfMeasurePrice><AllowDiscount>1</AllowDiscount><ItemStatus>1</ItemStatus><ItemPrice>17.90</ItemPrice></item><item><PriceUpdateDate>2015-11-17 14:36:01</PriceUpdateDate><ItemCode>7290105694928</ItemCode><ItemType>1</ItemType><ItemName>אבקת מרק בצל רכיבים</ItemName><ManufacturerName>לא ממותג</ManufacturerName><ManufactureCountry>ישראל</ManufactureCountry><ManufacturerItemDescription>אבקת מרק בצל</ManufacturerItemDescription><SoldByWeight/><Quantity>220.00</Quantity><UnitOfMeasure>גרם     </UnitOfMeasure><QtyInPackage>לא ידוע</QtyInPackage><UnitOfMeasurePrice>0.0836</UnitOfMeasurePrice><AllowDiscount>1</AllowDiscount><ItemStatus>1</ItemStatus><ItemPrice>18.40</ItemPrice></item><item><PriceUpdateDate>2016-05-31 09:34:18</PriceUpdateDate><ItemCode>7290105695024</ItemCode><ItemType>1</ItemType><ItemName>פתיתים אפויים אורז ע</ItemName><ManufacturerName>לא ממותג</ManufacturerName><ManufactureCountry>ישראל</ManufactureCountry><ManufacturerItemDescription>פתיתים אפויים אורז עם אטר</ManufacturerItemDescription><SoldByWeight/><Quantity>500.00</Quantity><UnitOfMeasure>גרם     </UnitOfMeasure><QtyInPackage>לא ידוע</QtyInPackage><UnitOfMeasurePrice>0.0118</UnitOfMeasurePrice><AllowDiscount>1</AllowDiscount><ItemStatus>1</ItemStatus><ItemPrice>5.90</ItemPrice></item><item><PriceUpdateDate>2016-03-01 06:24:53</PriceUpdateDate><ItemCode>7290105695321</ItemCode><ItemType>1</ItemType><ItemName>עוגת הבית בראוניס פא</ItemName><ManufacturerName>עוגות הבית</ManufacturerName><ManufactureCountry>ישראל</ManufactureCountry><ManufacturerItemDescription>עוגת הבית בראוניס פא</ManufacturerItemDescription><SoldByWeight/><Quantity>380.00</Quantity><UnitOfMeasure>גרם     </UnitOfMeasure><QtyInPackage>לא ידוע</QtyInPackage><UnitOfMeasurePrice>0.0500</UnitOfMeasurePrice><AllowDiscount>1</AllowDiscount><ItemStatus>1</ItemStatus><ItemPrice>19.00</ItemPrice></item><item><PriceUpdateDate>2016-05-01 07:23:51</PriceUpdateDate><ItemCode>7290105961525</ItemCode><ItemType>1</ItemType><ItemName>שוקולד ספלנדיד מריר</ItemName><ManufacturerName>ספלנדיד</ManufacturerName><ManufactureCountry>ישראל</ManufactureCountry><ManufacturerItemDescription>שוקולד ספלנדיד מריר</ManufacturerItemDescription><SoldByWeight/><Quantity>100.00</Quantity><UnitOfMeasure>גרם     </UnitOfMeasure><QtyInPackage>לא ידוע</QtyInPackage><UnitOfMeasurePrice>0.1190</UnitOfMeasurePrice><AllowDiscount>1</AllowDiscount><ItemStatus>1</ItemStatus><ItemPrice>11.90</ItemPrice></item><item><PriceUpdateDate>2016-05-01 07:23:51</PriceUpdateDate><ItemCode>7290105963864</ItemCode><ItemType>1</ItemType><ItemName>חזרת 220 גרם</ItemName><ManufacturerName>אחלה</ManufacturerName><ManufactureCountry>ישראל</ManufactureCountry><ManufacturerItemDescription>חזרת 220 גרם</ManufacturerItemDescription><SoldByWeight/><Quantity>220.00</Quantity><UnitOfMeasure>גרם     </UnitOfMeasure><QtyInPackage>לא ידוע</QtyInPackage><UnitOfMeasurePrice>0.0632</UnitOfMeasurePrice><AllowDiscount>1</AllowDiscount><ItemStatus>1</ItemStatus><ItemPrice>13.90</ItemPrice></item><item><PriceUpdateDate>2015-10-22 09:59:19</PriceUpdateDate><ItemCode>7290105964915</ItemCode><ItemType>1</ItemType><ItemName>פופקורן בטעם טבעי 80</ItemName><ManufacturerName>עלית</ManufacturerName><ManufactureCountry>ישראל</ManufactureCountry><ManufacturerItemDescription>פופקורן בטעם טבעי 80 גרם</ManufacturerItemDescription><SoldByWeight/><Quantity>80.00</Quantity><UnitOfMeasure>גרם     </UnitOfMeasure><QtyInPackage>לא ידוע</QtyInPackage><UnitOfMeasurePrice>0.0738</UnitOfMeasurePrice><AllowDiscount>1</AllowDiscount><ItemStatus>1</ItemStatus><ItemPrice>5.90</ItemPrice></item><item><PriceUpdateDate>2016-05-09 07:24:29</PriceUpdateDate><ItemCode>7290105965738</ItemCode><ItemType>1</ItemType><ItemName>דנונה לשתיה תות בננה</ItemName><ManufacturerName>דנונה</ManufacturerName><ManufactureCountry>ישראל</ManufactureCountry><ManufacturerItemDescription>משקה יוגורט תות בננה 250</ManufacturerItemDescription><SoldByWeight/><Quantity>267.00</Quantity><UnitOfMeasure>גרם     </UnitOfMeasure><QtyInPackage>לא ידוע</QtyInPackage><UnitOfMeasurePrice>0.0206</UnitOfMeasurePrice><AllowDiscount>1</AllowDiscount><ItemStatus>1</ItemStatus><ItemPrice>5.50</ItemPrice></item><item><PriceUpdateDate>2016-06-28 06:24:03</PriceUpdateDate><ItemCode>7290106340244</ItemCode><ItemType>1</ItemType><ItemName>עוגיות מלוחות-מקלות</ItemName><ManufacturerName>קואופ שופ</ManufacturerName><ManufactureCountry>ישראל</ManufactureCountry><ManufacturerItemDescription>עוגיות מלוחות-מקלות</ManufacturerItemDescription><SoldByWeight/><Quantity>400.00</Quantity><UnitOfMeasure>גרם     </UnitOfMeasure><QtyInPackage>לא ידוע</QtyInPackage><UnitOfMeasurePrice>0.0273</UnitOfMeasurePrice><AllowDiscount>1</AllowDiscount><ItemStatus>1</ItemStatus><ItemPrice>10.90</ItemPrice></item><item><PriceUpdateDate>2016-04-06 07:55:08</PriceUpdateDate><ItemCode>7290106340251</ItemCode><ItemType>1</ItemType><ItemName>עוגיות רייף מרוקאיות</ItemName><ManufacturerName>קואופ שופ</ManufacturerName><ManufactureCountry>ישראל</ManufactureCountry><ManufacturerItemDescription>עוגיות רייף מרוקאיות</ManufacturerItemDescription><SoldByWeight/><Quantity>350.00</Quantity><UnitOfMeasure>גרם     </UnitOfMeasure><QtyInPackage>לא ידוע</QtyInPackage><UnitOfMeasurePrice>0.0397</UnitOfMeasurePrice><AllowDiscount>1</AllowDiscount><ItemStatus>1</ItemStatus><ItemPrice>13.90</ItemPrice></item><item><PriceUpdateDate>2016-04-06 07:55:08</PriceUpdateDate><ItemCode>7290106340275</ItemCode><ItemType>1</ItemType><ItemName>עוגיות מרוקאיות 350</ItemName><ManufacturerName>קואופ שופ</ManufacturerName><ManufactureCountry>ישראל</ManufactureCountry><ManufacturerItemDescription>עוגיות מרוקאיות 350</ManufacturerItemDescription><SoldByWeight/><Quantity>350.00</Quantity><UnitOfMeasure>גרם     </UnitOfMeasure><QtyInPackage>לא ידוע</QtyInPackage><UnitOfMeasurePrice>0.0397</UnitOfMeasurePrice><AllowDiscount>1</AllowDiscount><ItemStatus>1</ItemStatus><ItemPrice>13.90</ItemPrice></item><item><PriceUpdateDate>2016-08-03 07:24:12</PriceUpdateDate><ItemCode>7290106340381</ItemCode><ItemType>1</ItemType><ItemName>מב רוגלך שוקולד 500</ItemName><ManufacturerName>קואופ שופ</ManufacturerName><ManufactureCountry>ישראל</ManufactureCountry><ManufacturerItemDescription>מב רוגלך שוקולד 500</ManufacturerItemDescription><SoldByWeight/><Quantity>500.00</Quantity><UnitOfMeasure>גרם     </UnitOfMeasure><QtyInPackage>לא ידוע</QtyInPackage><UnitOfMeasurePrice>0.0238</UnitOfMeasurePrice><AllowDiscount>1</AllowDiscount><ItemStatus>1</ItemStatus><ItemPrice>11.90</ItemPrice></item><item><PriceUpdateDate>2015-10-13 09:48:42</PriceUpdateDate><ItemCode>7290106342668</ItemCode><ItemType>1</ItemType><ItemName>פריכיות אורז מלא קוא</ItemName><ManufacturerName>קואופ שופ</ManufacturerName><ManufactureCountry>ישראל</ManufactureCountry><ManufacturerItemDescription>פריכיות אורז מלא קוא</ManufacturerItemDescription><SoldByWeight/><Quantity>100.00</Quantity><UnitOfMeasure>גרם     </UnitOfMeasure><QtyInPackage>לא ידוע</QtyInPackage><UnitOfMeasurePrice>0.0690</UnitOfMeasurePrice><AllowDiscount>1</AllowDiscount><ItemStatus>1</ItemStatus><ItemPrice>6.90</ItemPrice></item><item><PriceUpdateDate>2016-03-16 13:26:09</PriceUpdateDate><ItemCode>7290106342798</ItemCode><ItemType>1</ItemType><ItemName>שמן קנולה מזוכך 1 לי</ItemName><ManufacturerName>קואופ שופ</ManufacturerName><ManufactureCountry>ישראל</ManufactureCountry><ManufacturerItemDescription>שמן קנולה מזוכך 1 לי</ManufacturerItemDescription><SoldByWeight/><Quantity>1000.00</Quantity><UnitOfMeasure>מ"ל</UnitOfMeasure><QtyInPackage>לא ידוע</QtyInPackage><UnitOfMeasurePrice>0.0069</UnitOfMeasurePrice><AllowDiscount>1</AllowDiscount><ItemStatus>1</ItemStatus><ItemPrice>6.90</ItemPrice></item><item><PriceUpdateDate>2015-12-27 06:16:58</PriceUpdateDate><ItemCode>7290106520066</ItemCode><ItemType>1</ItemType><ItemName>רבע לשבע קרם אגוזים</ItemName><ManufacturerName>עלית</ManufacturerName><ManufactureCountry>ישראל</ManufactureCountry><ManufacturerItemDescription>רבע לשבע בדצ 160 גרם</ManufacturerItemDescription><SoldByWeight/><Quantity>160.00</Quantity><UnitOfMeasure>גרם     </UnitOfMeasure><QtyInPackage>לא ידוע</QtyInPackage><UnitOfMeasurePrice>0.0869</UnitOfMeasurePrice><AllowDiscount>1</AllowDiscount><ItemStatus>1</ItemStatus><ItemPrice>13.90</ItemPrice></item><item><PriceUpdateDate>2016-02-03 07:52:01</PriceUpdateDate><ItemCode>7290106520288</ItemCode><ItemType>1</ItemType><ItemName>דנונה פרו תות 2.4% 1</ItemName><ManufacturerName>דנונה</ManufacturerName><ManufactureCountry>ישראל</ManufactureCountry><ManufacturerItemDescription>דנונה פרי בתחתית תות 145</ManufacturerItemDescription><SoldByWeight/><Quantity>150.00</Quantity><UnitOfMeasure>גרם     </UnitOfMeasure><QtyInPackage>לא ידוע</QtyInPackage><UnitOfMeasurePrice>0.0333</UnitOfMeasurePrice><AllowDiscount>1</AllowDiscount><ItemStatus>1</ItemStatus><ItemPrice>5.00</ItemPrice></item><item><PriceUpdateDate>2015-12-28 07:43:22</PriceUpdateDate><ItemCode>7290106520295</ItemCode><ItemType>1</ItemType><ItemName>דנונה פרו לבן 2.9% 1</ItemName><ManufacturerName>דנונה</ManufacturerName><ManufactureCountry>ישראל</ManufactureCountry><ManufacturerItemDescription>דנונה פרי בתחתית תות 145</ManufacturerItemDescription><SoldByWeight/><Quantity>150.00</Quantity><UnitOfMeasure>גרם     </UnitOfMeasure><QtyInPackage>לא ידוע</QtyInPackage><UnitOfMeasurePrice>0.0333</UnitOfMeasurePrice><AllowDiscount>1</AllowDiscount><ItemStatus>1</ItemStatus><ItemPrice>5.00</ItemPrice></item><item><PriceUpdateDate>2015-12-28 07:43:22</PriceUpdateDate><ItemCode>7290106520417</ItemCode><ItemType>1</ItemType><ItemName>JOY בר חלב עם שברי ו</ItemName><ManufacturerName>דנונה</ManufacturerName><ManufactureCountry>ישראל</ManufactureCountry><ManufacturerItemDescription>דנונה+דגנים שוקולד200 1/2</ManufacturerItemDescription><SoldByWeight/><Quantity>140.00</Quantity><UnitOfMeasure>גרם     </UnitOfMeasure><QtyInPackage>לא ידוע</QtyInPackage><UnitOfMeasurePrice>0.0321</UnitOfMeasurePrice><AllowDiscount>1</AllowDiscount><ItemStatus>1</ItemStatus><ItemPrice>4.50</ItemPrice></item><item><PriceUpdateDate>2016-03-02 07:00:15</PriceUpdateDate><ItemCode>7290106521612</ItemCode><ItemType>1</ItemType><ItemName>מארז טורטית 4 יח'</ItemName><ManufacturerName>עלית</ManufacturerName><ManufactureCountry>ישראל</ManufactureCountry><ManufacturerItemDescription>רביעיית חטיפי טורטית 160</ManufacturerItemDescription><SoldByWeight/><Quantity>160.00</Quantity><UnitOfMeasure>גרם     </UnitOfMeasure><QtyInPackage>לא ידוע</QtyInPackage><UnitOfMeasurePrice>0.0931</UnitOfMeasurePrice><AllowDiscount>1</AllowDiscount><ItemStatus>1</ItemStatus><ItemPrice>14.90</ItemPrice></item><item><PriceUpdateDate>2016-03-02 07:00:15</PriceUpdateDate><ItemCode>7290106521629</ItemCode><ItemType>1</ItemType><ItemName>רביעיית טוויסט</ItemName><ManufacturerName>עלית</ManufacturerName><ManufactureCountry>ישראל</ManufactureCountry><ManufacturerItemDescription>רביעיית חטיפי טוויסט 112</ManufacturerItemDescription><SoldByWeight/><Quantity>112.00</Quantity><UnitOfMeasure>גרם     </UnitOfMeasure><QtyInPackage>לא ידוע</QtyInPackage><UnitOfMeasurePrice>0.1330</UnitOfMeasurePrice><AllowDiscount>1</AllowDiscount><ItemStatus>1</ItemStatus><ItemPrice>14.90</ItemPrice></item><item><PriceUpdateDate>2016-02-16 10:18:32</PriceUpdateDate><ItemCode>7290106522220</ItemCode><ItemType>1</ItemType><ItemName>פרה קראנצ' כדורי דגנ</ItemName><ManufacturerName>פרה</ManufacturerName><ManufactureCountry>ישראל</ManufactureCountry><ManufacturerItemDescription>פרה קראנצ כדורי דגנים</ManufacturerItemDescription><SoldByWeight/><Quantity>100.00</Quantity><UnitOfMeasure>גרם     </UnitOfMeasure><QtyInPackage>לא ידוע</QtyInPackage><UnitOfMeasurePrice>0.0690</UnitOfMeasurePrice><AllowDiscount>1</AllowDiscount><ItemStatus>1</ItemStatus><ItemPrice>6.90</ItemPrice></item><item><PriceUpdateDate>2016-05-01 07:23:51</PriceUpdateDate><ItemCode>7290106525719</ItemCode><ItemType>1</ItemType><ItemName>בונב' ספלנדיד TREATS</ItemName><ManufacturerName>עלית</ManufacturerName><ManufactureCountry>ישראל</ManufactureCountry><ManufacturerItemDescription>שוקולד ספלנדיד צימוקים מר</ManufacturerItemDescription><SoldByWeight/><Quantity>110.00</Quantity><UnitOfMeasure>גרם     </UnitOfMeasure><QtyInPackage>לא ידוע</QtyInPackage><UnitOfMeasurePrice>0.1355</UnitOfMeasurePrice><AllowDiscount>1</AllowDiscount><ItemStatus>1</ItemStatus><ItemPrice>14.90</ItemPrice></item><item><PriceUpdateDate>2016-05-05 12:30:04</PriceUpdateDate><ItemCode>7290106528567</ItemCode><ItemType>1</ItemType><ItemName>דוריטוס גריל 185 גרם</ItemName><ManufacturerName>דוריטוס</ManufacturerName><ManufactureCountry>ישראל</ManufactureCountry><ManufacturerItemDescription>דוריטוס חמוץ חריף 200 גרם</ManufacturerItemDescription><SoldByWeight/><Quantity>185.00</Quantity><UnitOfMeasure>גרם     </UnitOfMeasure><QtyInPackage>לא ידוע</QtyInPackage><UnitOfMeasurePrice>0.0459</UnitOfMeasurePrice><AllowDiscount>1</AllowDiscount><ItemStatus>1</ItemStatus><ItemPrice>8.50</ItemPrice></item><item><PriceUpdateDate>2016-08-02 06:36:45</PriceUpdateDate><ItemCode>7290106571907</ItemCode><ItemType>1</ItemType><ItemName>מב פיטנס עוגיות שוקו</ItemName><ManufacturerName>אסם</ManufacturerName><ManufactureCountry>ישראל</ManufactureCountry><ManufacturerItemDescription>עוגיות בטעם שוקולד ציפס 1</ManufacturerItemDescription><SoldByWeight/><Quantity>180.00</Quantity><UnitOfMeasure>גרם     </UnitOfMeasure><QtyInPackage>לא ידוע</QtyInPackage><UnitOfMeasurePrice>0.0606</UnitOfMeasurePrice><AllowDiscount>1</AllowDiscount><ItemStatus>1</ItemStatus><ItemPrice>10.90</ItemPrice></item><item><PriceUpdateDate>2015-01-27 06:46:53</PriceUpdateDate><ItemCode>7290106574120</ItemCode><ItemType>1</ItemType><ItemName>שלגון גומיגם</ItemName><ManufacturerName>גומי גם</ManufacturerName><ManufactureCountry>ישראל</ManufactureCountry><ManufacturerItemDescription>שלגון גומיגם</ManufacturerItemDescription><SoldByWeight/><Quantity>0.00</Quantity><UnitOfMeasure>יח'</UnitOfMeasure><QtyInPackage>לא ידוע</QtyInPackage><UnitOfMeasurePrice>0.0000</UnitOfMeasurePrice><AllowDiscount>1</AllowDiscount><ItemStatus>1</ItemStatus><ItemPrice>6.90</ItemPrice></item><item><PriceUpdateDate>2015-12-01 06:48:10</PriceUpdateDate><ItemCode>7290106574977</ItemCode><ItemType>1</ItemType><ItemName>בייגלה שטוחים עם מלח</ItemName><ManufacturerName>בייגלה אסם</ManufacturerName><ManufactureCountry>ישראל</ManufactureCountry><ManufacturerItemDescription>בייגלה שטוחים עם מלח 300</ManufacturerItemDescription><SoldByWeight/><Quantity>300.00</Quantity><UnitOfMeasure>גרם     </UnitOfMeasure><QtyInPackage>לא ידוע</QtyInPackage><UnitOfMeasurePrice>0.0447</UnitOfMeasurePrice><AllowDiscount>1</AllowDiscount><ItemStatus>1</ItemStatus><ItemPrice>13.40</ItemPrice></item><item><PriceUpdateDate>2016-03-16 13:25:44</PriceUpdateDate><ItemCode>7290106576537</ItemCode><ItemType>1</ItemType><ItemName>חומוס צבר מסעדה 700</ItemName><ManufacturerName>צבר</ManufacturerName><ManufactureCountry>ישראל</ManufactureCountry><ManufacturerItemDescription>חומוס מסעדה 700 גר</ManufacturerItemDescription><SoldByWeight/><Quantity>700.00</Quantity><UnitOfMeasure>גרם     </UnitOfMeasure><QtyInPackage>לא ידוע</QtyInPackage><UnitOfMeasurePrice>0.0156</UnitOfMeasurePrice><AllowDiscount>1</AllowDiscount><ItemStatus>1</ItemStatus><ItemPrice>10.90</ItemPrice></item><item><PriceUpdateDate>2016-05-31 09:34:19</PriceUpdateDate><ItemCode>7290106576797</ItemCode><ItemType>1</ItemType><ItemName>גלידה קרמריה 1.4 ליט</ItemName><ManufacturerName>לה קרמריה</ManufacturerName><ManufactureCountry>ישראל</ManufactureCountry><ManufacturerItemDescription>גלידה לה קרמריה וניל איטל</ManufacturerItemDescription><SoldByWeight/><Quantity>1400.00</Quantity><UnitOfMeasure>מ"ל</UnitOfMeasure><QtyInPackage>לא ידוע</QtyInPackage><UnitOfMeasurePrice>0.0128</UnitOfMeasurePrice><AllowDiscount>1</AllowDiscount><ItemStatus>1</ItemStatus><ItemPrice>17.90</ItemPrice></item><item><PriceUpdateDate>2016-05-31 09:34:19</PriceUpdateDate><ItemCode>7290106576810</ItemCode><ItemType>1</ItemType><ItemName>גלידה קרמריה 1.4 ליט</ItemName><ManufacturerName>לה קרמריה</ManufacturerName><ManufactureCountry>ישראל</ManufactureCountry><ManufacturerItemDescription>לה קרמריה ריבת חלב</ManufacturerItemDescription><SoldByWeight/><Quantity>1400.00</Quantity><UnitOfMeasure>מ"ל</UnitOfMeasure><QtyInPackage>לא ידוע</QtyInPackage><UnitOfMeasurePrice>0.0128</UnitOfMeasurePrice><AllowDiscount>1</AllowDiscount><ItemStatus>1</ItemStatus><ItemPrice>17.90</ItemPrice></item><item><PriceUpdateDate>2016-05-31 09:34:19</PriceUpdateDate><ItemCode>7290106576834</ItemCode><ItemType>1</ItemType><ItemName>גלידה קרמריה 1.4 ליט</ItemName><ManufacturerName>לה קרמריה</ManufacturerName><ManufactureCountry>ישראל</ManufactureCountry><ManufacturerItemDescription>לה קרמריה פונטש בננה</ManufacturerItemDescription><SoldByWeight/><Quantity>1400.00</Quantity><UnitOfMeasure>מ"ל</UnitOfMeasure><QtyInPackage>לא ידוע</QtyInPackage><UnitOfMeasurePrice>0.0128</UnitOfMeasurePrice><AllowDiscount>1</AllowDiscount><ItemStatus>1</ItemStatus><ItemPrice>17.90</ItemPrice></item><item><PriceUpdateDate>2016-05-31 09:34:19</PriceUpdateDate><ItemCode>7290106576858</ItemCode><ItemType>1</ItemType><ItemName>גלידה קרמריה 1.4 ליט</ItemName><ManufacturerName>לה קרמריה</ManufacturerName><ManufactureCountry>ישראל</ManufactureCountry><ManufacturerItemDescription>גלידה לה קרמריה תותים</ManufacturerItemDescription><SoldByWeight/><Quantity>1400.00</Quantity><UnitOfMeasure>מ"ל</UnitOfMeasure><QtyInPackage>לא ידוע</QtyInPackage><UnitOfMeasurePrice>0.0128</UnitOfMeasurePrice><AllowDiscount>1</AllowDiscount><ItemStatus>1</ItemStatus><ItemPrice>17.90</ItemPrice></item><item><PriceUpdateDate>2016-05-31 09:34:19</PriceUpdateDate><ItemCode>7290106576995</ItemCode><ItemType>1</ItemType><ItemName>גלידה לה קרמריה סורב</ItemName><ManufacturerName>לה קרמריה</ManufacturerName><ManufactureCountry>ישראל</ManufactureCountry><ManufacturerItemDescription>גלידה סורבה תות מנגו לייט</ManufacturerItemDescription><SoldByWeight/><Quantity>1400.00</Quantity><UnitOfMeasure>גרם     </UnitOfMeasure><QtyInPackage>לא ידוע</QtyInPackage><UnitOfMeasurePrice>0.0128</UnitOfMeasurePrice><AllowDiscount>1</AllowDiscount><ItemStatus>1</ItemStatus><ItemPrice>17.90</ItemPrice></item><item><PriceUpdateDate>2016-03-01 06:24:54</PriceUpdateDate><ItemCode>7290106578821</ItemCode><ItemType>1</ItemType><ItemName>עוגת הבית שמרים שוקו</ItemName><ManufacturerName>עוגות הבית</ManufacturerName><ManufactureCountry>ישראל</ManufactureCountry><ManufacturerItemDescription>עוגת הבית שמרים שוקו</ManufacturerItemDescription><SoldByWeight/><Quantity>350.00</Quantity><UnitOfMeasure>גרם     </UnitOfMeasure><QtyInPackage>לא ידוע</QtyInPackage><UnitOfMeasurePrice>0.0551</UnitOfMeasurePrice><AllowDiscount>1</AllowDiscount><ItemStatus>1</ItemStatus><ItemPrice>19.30</ItemPrice></item><item><PriceUpdateDate>2015-11-17 14:36:03</PriceUpdateDate><ItemCode>7290106579118</ItemCode><ItemType>1</ItemType><ItemName>פסטה פרפקטו ספגטי עת</ItemName><ManufacturerName>פרפקטו</ManufacturerName><ManufactureCountry>איטליה</ManufactureCountry><ManufacturerItemDescription>ספומנטה ורדי     מ"ל</ManufacturerItemDescription><SoldByWeight/><Quantity>450.00</Quantity><UnitOfMeasure>גרם     </UnitOfMeasure><QtyInPackage>לא ידוע</QtyInPackage><UnitOfMeasurePrice>0.0224</UnitOfMeasurePrice><AllowDiscount>1</AllowDiscount><ItemStatus>1</ItemStatus><ItemPrice>10.10</ItemPrice></item><item><PriceUpdateDate>2016-03-02 07:00:15</PriceUpdateDate><ItemCode>7290106651265</ItemCode><ItemType>1</ItemType><ItemName>שלישיית פסק זמן קלאס</ItemName><ManufacturerName>עלית</ManufacturerName><ManufactureCountry>ישראל</ManufactureCountry><ManufacturerItemDescription>שלישיית פסק זמן קלאס</ManufacturerItemDescription><SoldByWeight/><Quantity>135.00</Quantity><UnitOfMeasure>גרם     </UnitOfMeasure><QtyInPackage>לא ידוע</QtyInPackage><UnitOfMeasurePrice>0.1104</UnitOfMeasurePrice><AllowDiscount>1</AllowDiscount><ItemStatus>1</ItemStatus><ItemPrice>14.90</ItemPrice></item><item><PriceUpdateDate>2015-10-22 09:59:21</PriceUpdateDate><ItemCode>7290106651289</ItemCode><ItemType>1</ItemType><ItemName>פריכיות אנרג'י ביס ב</ItemName><ManufacturerName>עלית</ManufacturerName><ManufactureCountry>ישראל</ManufactureCountry><ManufacturerItemDescription>פריכיות ביס 5 דגנים בטעם</ManufacturerItemDescription><SoldByWeight/><Quantity>25.00</Quantity><UnitOfMeasure>גרם     </UnitOfMeasure><QtyInPackage>לא ידוע</QtyInPackage><UnitOfMeasurePrice>0.2000</UnitOfMeasurePrice><AllowDiscount>1</AllowDiscount><ItemStatus>1</ItemStatus><ItemPrice>5.00</ItemPrice></item><item><PriceUpdateDate>2015-10-22 09:59:21</PriceUpdateDate><ItemCode>7290106651296</ItemCode><ItemType>1</ItemType><ItemName>פריכיות אנרג'י ביס ס</ItemName><ManufacturerName>עלית</ManufacturerName><ManufactureCountry>ישראל</ManufactureCountry><ManufacturerItemDescription>פריכיות ביס 5 דגנים בטעם</ManufacturerItemDescription><SoldByWeight/><Quantity>25.00</Quantity><UnitOfMeasure>גרם     </UnitOfMeasure><QtyInPackage>לא ידוע</QtyInPackage><UnitOfMeasurePrice>0.2000</UnitOfMeasurePrice><AllowDiscount>1</AllowDiscount><ItemStatus>1</ItemStatus><ItemPrice>5.00</ItemPrice></item><item><PriceUpdateDate>2016-05-31 09:34:20</PriceUpdateDate><ItemCode>7290106652484</ItemCode><ItemType>1</ItemType><ItemName>בפלות שוקולד בד"צ 30</ItemName><ManufacturerName>עלית</ManufacturerName><ManufactureCountry>ישראל</ManufactureCountry><ManufacturerItemDescription>בפלות שוקולד קראנץ 300 גר</ManufacturerItemDescription><SoldByWeight/><Quantity>300.00</Quantity><UnitOfMeasure>גרם     </UnitOfMeasure><QtyInPackage>לא ידוע</QtyInPackage><UnitOfMeasurePrice>0.0197</UnitOfMeasurePrice><AllowDiscount>1</AllowDiscount><ItemStatus>1</ItemStatus><ItemPrice>5.90</ItemPrice></item><item><PriceUpdateDate>2016-01-14 11:46:24</PriceUpdateDate><ItemCode>7290106656352</ItemCode><ItemType>1</ItemType><ItemName>גומי לעיסה מאסט תות</ItemName><ManufacturerName>דזיטול</ManufacturerName><ManufactureCountry>ישראל</ManufactureCountry><ManufacturerItemDescription>גומי לעיסה מאסט תות</ManufacturerItemDescription><SoldByWeight/><Quantity>28.00</Quantity><UnitOfMeasure>גרם     </UnitOfMeasure><QtyInPackage>לא ידוע</QtyInPackage><UnitOfMeasurePrice>0.1607</UnitOfMeasurePrice><AllowDiscount>1</AllowDiscount><ItemStatus>1</ItemStatus><ItemPrice>4.50</ItemPrice></item><item><PriceUpdateDate>2016-02-01 20:38:58</PriceUpdateDate><ItemCode>7290106656734</ItemCode><ItemType>1</ItemType><ItemName>עוגיות חיוכים וניל 6</ItemName><ManufacturerName>עלית</ManufacturerName><ManufactureCountry>ישראל</ManufactureCountry><ManufacturerItemDescription>עוגיות חיוכים וניל 6</ManufacturerItemDescription><SoldByWeight/><Quantity>600.00</Quantity><UnitOfMeasure>גרם     </UnitOfMeasure><QtyInPackage>לא ידוע</QtyInPackage><UnitOfMeasurePrice>0.0332</UnitOfMeasurePrice><AllowDiscount>1</AllowDiscount><ItemStatus>1</ItemStatus><ItemPrice>19.90</ItemPrice></item><item><PriceUpdateDate>2016-06-27 19:06:29</PriceUpdateDate><ItemCode>7290106657137</ItemCode><ItemType>1</ItemType><ItemName>תפוצי'פס אקסטרא טבעי</ItemName><ManufacturerName>תפוצ'יפס</ManufacturerName><ManufactureCountry>ישראל</ManufactureCountry><ManufacturerItemDescription>תפוצי'פס אקסטרא טבעי</ManufacturerItemDescription><SoldByWeight/><Quantity>200.00</Quantity><UnitOfMeasure>גרם     </UnitOfMeasure><QtyInPackage>לא ידוע</QtyInPackage><UnitOfMeasurePrice>0.0610</UnitOfMeasurePrice><AllowDiscount>1</AllowDiscount><ItemStatus>1</ItemStatus><ItemPrice>12.20</ItemPrice></item><item><PriceUpdateDate>2015-01-27 06:47:00</PriceUpdateDate><ItemCode>7290106657748</ItemCode><ItemType>1</ItemType><ItemName>סוכריות עדשים מיני מ</ItemName><ManufacturerName>עלית</ManufacturerName><ManufactureCountry>ישראל</ManufactureCountry><ManufacturerItemDescription>סוכריות עדשים מיני מ</ManufacturerItemDescription><SoldByWeight/><Quantity>80.00</Quantity><UnitOfMeasure>גרם     </UnitOfMeasure><QtyInPackage>לא ידוע</QtyInPackage><UnitOfMeasurePrice>0.0988</UnitOfMeasurePrice><AllowDiscount>1</AllowDiscount><ItemStatus>1</ItemStatus><ItemPrice>7.90</ItemPrice></item><item><PriceUpdateDate>2016-02-16 10:18:32</PriceUpdateDate><ItemCode>7290106660724</ItemCode><ItemType>1</ItemType><ItemName>פרה קראנצ' שברי גליד</ItemName><ManufacturerName>פרה</ManufacturerName><ManufactureCountry>ישראל</ManufactureCountry><ManufacturerItemDescription>ביסקויט קראנצ לבן 100 גרם</ManufacturerItemDescription><SoldByWeight/><Quantity>100.00</Quantity><UnitOfMeasure>גרם     </UnitOfMeasure><QtyInPackage>לא ידוע</QtyInPackage><UnitOfMeasurePrice>0.0690</UnitOfMeasurePrice><AllowDiscount>1</AllowDiscount><ItemStatus>1</ItemStatus><ItemPrice>6.90</ItemPrice></item><item><PriceUpdateDate>2016-05-31 09:31:25</PriceUpdateDate><ItemCode>7290106662599</ItemCode><ItemType>1</ItemType><ItemName>JOY בר וניל וקורנפלק</ItemName><ManufacturerName>דנונה</ManufacturerName><ManufactureCountry>ישראל</ManufactureCountry><ManufacturerItemDescription>דנונה+דגנים שוקולד200 1/2</ManufacturerItemDescription><SoldByWeight/><Quantity>140.00</Quantity><UnitOfMeasure>גרם     </UnitOfMeasure><QtyInPackage>לא ידוע</QtyInPackage><UnitOfMeasurePrice>0.0321</UnitOfMeasurePrice><AllowDiscount>1</AllowDiscount><ItemStatus>1</ItemStatus><ItemPrice>4.50</ItemPrice></item><item><PriceUpdateDate>2015-12-28 07:43:23</PriceUpdateDate><ItemCode>7290106662612</ItemCode><ItemType>1</ItemType><ItemName>JOY מעדן וניל 130 גר</ItemName><ManufacturerName>מעדן שטראוס</ManufacturerName><ManufactureCountry>ישראל</ManufactureCountry><ManufacturerItemDescription>מעדן גוי דיאט בטעם שוקולד</ManufacturerItemDescription><SoldByWeight/><Quantity>130.00</Quantity><UnitOfMeasure>גרם     </UnitOfMeasure><QtyInPackage>לא ידוע</QtyInPackage><UnitOfMeasurePrice>0.0269</UnitOfMeasurePrice><AllowDiscount>1</AllowDiscount><ItemStatus>1</ItemStatus><ItemPrice>3.50</ItemPrice></item><item><PriceUpdateDate>2015-12-28 07:43:23</PriceUpdateDate><ItemCode>7290106662629</ItemCode><ItemType>1</ItemType><ItemName>JOY מעדן דיאט וניל 1</ItemName><ManufacturerName>מעדן שטראוס</ManufacturerName><ManufactureCountry>ישראל</ManufactureCountry><ManufacturerItemDescription>מעדן גוי דיאט בטעם שוקולד</ManufacturerItemDescription><SoldByWeight/><Quantity>130.00</Quantity><UnitOfMeasure>גרם     </UnitOfMeasure><QtyInPackage>לא ידוע</QtyInPackage><UnitOfMeasurePrice>0.0269</UnitOfMeasurePrice><AllowDiscount>1</AllowDiscount><ItemStatus>1</ItemStatus><ItemPrice>3.50</ItemPrice></item><item><PriceUpdateDate>2016-05-30 06:58:52</PriceUpdateDate><ItemCode>7290106663121</ItemCode><ItemType>1</ItemType><ItemName>מילקי CAKE קייק 34 ג</ItemName><ManufacturerName>מילקי</ManufacturerName><ManufactureCountry>ישראל</ManufactureCountry><ManufacturerItemDescription>מילקי וניל170 מל</ManufacturerItemDescription><SoldByWeight/><Quantity>34.00</Quantity><UnitOfMeasure>גרם     </UnitOfMeasure><QtyInPackage>לא ידוע</QtyInPackage><UnitOfMeasurePrice>0.0941</UnitOfMeasurePrice><AllowDiscount>1</AllowDiscount><ItemStatus>1</ItemStatus><ItemPrice>3.20</ItemPrice></item><item><PriceUpdateDate>2016-07-11 12:40:25</PriceUpdateDate><ItemCode>7290106663732</ItemCode><ItemType>1</ItemType><ItemName>צ'יטוס טבעות בצל 65</ItemName><ManufacturerName>צ'יטוס</ManufacturerName><ManufactureCountry>ישראל</ManufactureCountry><ManufacturerItemDescription>צ'יטוס טבעות בצל 65</ManufacturerItemDescription><SoldByWeight/><Quantity>65.00</Quantity><UnitOfMeasure>גרם     </UnitOfMeasure><QtyInPackage>לא ידוע</QtyInPackage><UnitOfMeasurePrice>0.0662</UnitOfMeasurePrice><AllowDiscount>1</AllowDiscount><ItemStatus>1</ItemStatus><ItemPrice>4.30</ItemPrice></item><item><PriceUpdateDate>2016-05-23 07:15:08</PriceUpdateDate><ItemCode>7290106665507</ItemCode><ItemType>1</ItemType><ItemName>שקית מיקס מיני טעמי</ItemName><ManufacturerName>עלית</ManufacturerName><ManufactureCountry>ישראל</ManufactureCountry><ManufacturerItemDescription>מיקס טעמי מקופלת כשלפ 175</ManufacturerItemDescription><SoldByWeight/><Quantity>175.00</Quantity><UnitOfMeasure>גרם     </UnitOfMeasure><QtyInPackage>לא ידוע</QtyInPackage><UnitOfMeasurePrice>0.0680</UnitOfMeasurePrice><AllowDiscount>1</AllowDiscount><ItemStatus>1</ItemStatus><ItemPrice>11.90</ItemPrice></item><item><PriceUpdateDate>2016-06-27 19:06:29</PriceUpdateDate><ItemCode>7290106665606</ItemCode><ItemType>1</ItemType><ItemName>תפוצ'יפס אקסטרא שווא</ItemName><ManufacturerName>תפוצ'יפס</ManufacturerName><ManufactureCountry>ישראל</ManufactureCountry><ManufacturerItemDescription>תפוציפס קראנץ בטעם טבעי 2</ManufacturerItemDescription><SoldByWeight/><Quantity>200.00</Quantity><UnitOfMeasure>גרם     </UnitOfMeasure><QtyInPackage>לא ידוע</QtyInPackage><UnitOfMeasurePrice>0.0610</UnitOfMeasurePrice><AllowDiscount>1</AllowDiscount><ItemStatus>1</ItemStatus><ItemPrice>12.20</ItemPrice></item><item><PriceUpdateDate>2016-02-16 10:18:32</PriceUpdateDate><ItemCode>7290106666092</ItemCode><ItemType>1</ItemType><ItemName>שוקולד פרה לבן במילו</ItemName><ManufacturerName>פרה</ManufacturerName><ManufactureCountry>ישראל</ManufactureCountry><ManufacturerItemDescription>שוקולד פרה לבן תות   כשלפ</ManufacturerItemDescription><SoldByWeight/><Quantity>100.00</Quantity><UnitOfMeasure>גרם     </UnitOfMeasure><QtyInPackage>לא ידוע</QtyInPackage><UnitOfMeasurePrice>0.0690</UnitOfMeasurePrice><AllowDiscount>0</AllowDiscount><ItemStatus>1</ItemStatus><ItemPrice>6.90</ItemPrice></item><item><PriceUpdateDate>2016-01-14 11:45:30</PriceUpdateDate><ItemCode>7290106666139</ItemCode><ItemType>1</ItemType><ItemName>פריכיות אנרג'י ביס ב</ItemName><ManufacturerName>עלית</ManufacturerName><ManufactureCountry>ישראל</ManufactureCountry><ManufacturerItemDescription>פריכיות ביס בטעם וניל 25</ManufacturerItemDescription><SoldByWeight/><Quantity>45.00</Quantity><UnitOfMeasure>גרם     </UnitOfMeasure><QtyInPackage>לא ידוע</QtyInPackage><UnitOfMeasurePrice>0.1667</UnitOfMeasurePrice><AllowDiscount>1</AllowDiscount><ItemStatus>1</ItemStatus><ItemPrice>7.50</ItemPrice></item><item><PriceUpdateDate>2016-05-05 12:30:04</PriceUpdateDate><ItemCode>7290106667266</ItemCode><ItemType>1</ItemType><ItemName>דוריטוס חמוץ חריף 18</ItemName><ManufacturerName>דוריטוס</ManufacturerName><ManufactureCountry>ישראל</ManufactureCountry><ManufacturerItemDescription>דוריטוס חמוץ חריף 200 גרם</ManufacturerItemDescription><SoldByWeight/><Quantity>185.00</Quantity><UnitOfMeasure>גרם     </UnitOfMeasure><QtyInPackage>לא ידוע</QtyInPackage><UnitOfMeasurePrice>0.0459</UnitOfMeasurePrice><AllowDiscount>1</AllowDiscount><ItemStatus>1</ItemStatus><ItemPrice>8.50</ItemPrice></item><item><PriceUpdateDate>2016-06-20 17:04:08</PriceUpdateDate><ItemCode>7290106668133</ItemCode><ItemType>1</ItemType><ItemName>שוקולית 400 גרם בשקי</ItemName><ManufacturerName>עלית</ManufacturerName><ManufactureCountry>ישראל</ManufactureCountry><ManufacturerItemDescription>שוקולית 400 גרם בשקי</ManufacturerItemDescription><SoldByWeight/><Quantity>400.00</Quantity><UnitOfMeasure>גרם     </UnitOfMeasure><QtyInPackage>לא ידוע</QtyInPackage><UnitOfMeasurePrice>0.0323</UnitOfMeasurePrice><AllowDiscount>1</AllowDiscount><ItemStatus>1</ItemStatus><ItemPrice>12.90</ItemPrice></item><item><PriceUpdateDate>2016-05-09 07:24:29</PriceUpdateDate><ItemCode>7290106668737</ItemCode><ItemType>1</ItemType><ItemName>דנונה לשתיה 0% תות 2</ItemName><ManufacturerName>לא ידוע</ManufacturerName><ManufactureCountry>לא ידוע</ManufactureCountry><ManufacturerItemDescription>דנונה לשתיה 0% תות 2</ManufacturerItemDescription><SoldByWeight/><Quantity>267.00</Quantity><UnitOfMeasure>גרם     </UnitOfMeasure><QtyInPackage>לא ידוע</QtyInPackage><UnitOfMeasurePrice>0.0206</UnitOfMeasurePrice><AllowDiscount>1</AllowDiscount><ItemStatus>1</ItemStatus><ItemPrice>5.50</ItemPrice></item><item><PriceUpdateDate>2016-06-21 18:43:43</PriceUpdateDate><ItemCode>7290106669499</ItemCode><ItemType>1</ItemType><ItemName>עוגיות שוקולד צ'אנקס</ItemName><ManufacturerName>עלית</ManufacturerName><ManufactureCountry>הולנד</ManufactureCountry><ManufacturerItemDescription>עוגיות מרבה      קרמל175</ManufacturerItemDescription><SoldByWeight/><Quantity>135.00</Quantity><UnitOfMeasure>גרם     </UnitOfMeasure><QtyInPackage>לא ידוע</QtyInPackage><UnitOfMeasurePrice>0.0807</UnitOfMeasurePrice><AllowDiscount>0</AllowDiscount><ItemStatus>1</ItemStatus><ItemPrice>10.90</ItemPrice></item><item><PriceUpdateDate>2016-06-21 18:43:43</PriceUpdateDate><ItemCode>7290106669505</ItemCode><ItemType>1</ItemType><ItemName>עוגיות שוקולד צ'אנקס</ItemName><ManufacturerName>עלית</ManufacturerName><ManufactureCountry>הולנד</ManufactureCountry><ManufacturerItemDescription>עוגיות מרבה      קרמל175</ManufacturerItemDescription><SoldByWeight/><Quantity>162.00</Quantity><UnitOfMeasure>גרם     </UnitOfMeasure><QtyInPackage>לא ידוע</QtyInPackage><UnitOfMeasurePrice>0.0673</UnitOfMeasurePrice><AllowDiscount>0</AllowDiscount><ItemStatus>1</ItemStatus><ItemPrice>10.90</ItemPrice></item><item><PriceUpdateDate>2015-10-28 06:46:20</PriceUpdateDate><ItemCode>7290106723153</ItemCode><ItemType>1</ItemType><ItemName>חטיף תפוצ'יפס אקסטרא</ItemName><ManufacturerName>תפוצ'יפס</ManufacturerName><ManufactureCountry>ישראל</ManufactureCountry><ManufacturerItemDescription>תפוציפס מלוח 50 גר</ManufacturerItemDescription><SoldByWeight/><Quantity>14.00</Quantity><UnitOfMeasure>גרם     </UnitOfMeasure><QtyInPackage>לא ידוע</QtyInPackage><UnitOfMeasurePrice>0.2786</UnitOfMeasurePrice><AllowDiscount>1</AllowDiscount><ItemStatus>1</ItemStatus><ItemPrice>3.90</ItemPrice></item><item><PriceUpdateDate>2015-12-28 07:43:23</PriceUpdateDate><ItemCode>7290106726178</ItemCode><ItemType>1</ItemType><ItemName>דנונה פרו פירות יער</ItemName><ManufacturerName>דנונה</ManufacturerName><ManufactureCountry>ישראל</ManufactureCountry><ManufacturerItemDescription>דנונה פרי בתחתית תות 145</ManufacturerItemDescription><SoldByWeight/><Quantity>150.00</Quantity><UnitOfMeasure>גרם     </UnitOfMeasure><QtyInPackage>לא ידוע</QtyInPackage><UnitOfMeasurePrice>0.0333</UnitOfMeasurePrice><AllowDiscount>1</AllowDiscount><ItemStatus>1</ItemStatus><ItemPrice>5.00</ItemPrice></item><item><PriceUpdateDate>2016-03-16 13:25:44</PriceUpdateDate><ItemCode>7290106726796</ItemCode><ItemType>1</ItemType><ItemName>דנונה בר עדשים 180 ג</ItemName><ManufacturerName>דנונה</ManufacturerName><ManufactureCountry>ישראל</ManufactureCountry><ManufacturerItemDescription>דנונהבר תות קורנפלקס מצופ</ManufacturerItemDescription><SoldByWeight/><Quantity>180.00</Quantity><UnitOfMeasure>גרם     </UnitOfMeasure><QtyInPackage>לא ידוע</QtyInPackage><UnitOfMeasurePrice>0.0250</UnitOfMeasurePrice><AllowDiscount>1</AllowDiscount><ItemStatus>1</ItemStatus><ItemPrice>4.50</ItemPrice></item><item><PriceUpdateDate>2016-06-27 19:06:30</PriceUpdateDate><ItemCode>7290107280723</ItemCode><ItemType>1</ItemType><ItemName>נוזל כלים סנו ספארק</ItemName><ManufacturerName>ספארק</ManufacturerName><ManufactureCountry>ישראל</ManufactureCountry><ManufacturerItemDescription>נוזל כלים סנו ספארק</ManufacturerItemDescription><SoldByWeight/><Quantity>700.00</Quantity><UnitOfMeasure>מ"ל</UnitOfMeasure><QtyInPackage>לא ידוע</QtyInPackage><UnitOfMeasurePrice>0.0121</UnitOfMeasurePrice><AllowDiscount>1</AllowDiscount><ItemStatus>1</ItemStatus><ItemPrice>8.50</ItemPrice></item><item><PriceUpdateDate>2016-06-27 19:06:30</PriceUpdateDate><ItemCode>7290107280730</ItemCode><ItemType>1</ItemType><ItemName>נוזל כלים סנו ספארק</ItemName><ManufacturerName>ספארק</ManufacturerName><ManufactureCountry>ישראל</ManufactureCountry><ManufacturerItemDescription>נוזל כלים סנו ספארק</ManufacturerItemDescription><SoldByWeight/><Quantity>700.00</Quantity><UnitOfMeasure>מ"ל</UnitOfMeasure><QtyInPackage>לא ידוע</QtyInPackage><UnitOfMeasurePrice>0.0121</UnitOfMeasurePrice><AllowDiscount>1</AllowDiscount><ItemStatus>1</ItemStatus><ItemPrice>8.50</ItemPrice></item><item><PriceUpdateDate>2016-05-31 09:31:26</PriceUpdateDate><ItemCode>7290107280815</ItemCode><ItemType>1</ItemType><ItemName>מב סנו ק 301 ספריי 3</ItemName><ManufacturerName>K-301</ManufacturerName><ManufactureCountry>ישראל</ManufactureCountry><ManufacturerItemDescription>מב סנו ק 301 ספריי 3</ManufacturerItemDescription><SoldByWeight/><Quantity>300.00</Quantity><UnitOfMeasure>מ"ל</UnitOfMeasure><QtyInPackage>לא ידוע</QtyInPackage><UnitOfMeasurePrice>0.0363</UnitOfMeasurePrice><AllowDiscount>1</AllowDiscount><ItemStatus>1</ItemStatus><ItemPrice>10.90</ItemPrice></item><item><PriceUpdateDate>2016-04-01 07:46:11</PriceUpdateDate><ItemCode>7290107640190</ItemCode><ItemType>1</ItemType><ItemName>שמפו פינוק למגע רך כ</ItemName><ManufacturerName>פינוק</ManufacturerName><ManufactureCountry>ישראל</ManufactureCountry><ManufacturerItemDescription>שמפו פינוק למגע רך כ</ManufacturerItemDescription><SoldByWeight/><Quantity>700.00</Quantity><UnitOfMeasure>מ"ל</UnitOfMeasure><QtyInPackage>לא ידוע</QtyInPackage><UnitOfMeasurePrice>0.0184</UnitOfMeasurePrice><AllowDiscount>1</AllowDiscount><ItemStatus>1</ItemStatus><ItemPrice>12.90</ItemPrice></item><item><PriceUpdateDate>2016-04-07 07:36:24</PriceUpdateDate><ItemCode>7290107640473</ItemCode><ItemType>1</ItemType><ItemName>קורנפלקס אלופים 850</ItemName><ManufacturerName>לא ממותג</ManufacturerName><ManufactureCountry>ישראל</ManufactureCountry><ManufacturerItemDescription>קורנפלקס אלופים 850</ManufacturerItemDescription><SoldByWeight/><Quantity>850.00</Quantity><UnitOfMeasure>גרם     </UnitOfMeasure><QtyInPackage>לא ידוע</QtyInPackage><UnitOfMeasurePrice>0.0175</UnitOfMeasurePrice><AllowDiscount>0</AllowDiscount><ItemStatus>1</ItemStatus><ItemPrice>14.90</ItemPrice></item><item><PriceUpdateDate>2016-06-28 06:24:03</PriceUpdateDate><ItemCode>7290107640749</ItemCode><ItemType>1</ItemType><ItemName>מב קוקומן חום לבן 75</ItemName><ManufacturerName>קוקומן</ManufacturerName><ManufactureCountry>ישראל</ManufactureCountry><ManufacturerItemDescription>מב קוקומן חום לבן 75</ManufacturerItemDescription><SoldByWeight/><Quantity>750.00</Quantity><UnitOfMeasure>גרם     </UnitOfMeasure><QtyInPackage>לא ידוע</QtyInPackage><UnitOfMeasurePrice>0.0265</UnitOfMeasurePrice><AllowDiscount>1</AllowDiscount><ItemStatus>1</ItemStatus><ItemPrice>19.90</ItemPrice></item><item><PriceUpdateDate>2016-05-31 09:34:21</PriceUpdateDate><ItemCode>7290107641012</ItemCode><ItemType>1</ItemType><ItemName>נשנושי ברנפלקס שקדים</ItemName><ManufacturerName>ברנפלקס - תלמה</ManufacturerName><ManufactureCountry>לא ידוע</ManufactureCountry><ManufacturerItemDescription>נשנושי ברנפלקס שקדים</ManufacturerItemDescription><SoldByWeight/><Quantity>375.00</Quantity><UnitOfMeasure>גרם     </UnitOfMeasure><QtyInPackage>לא ידוע</QtyInPackage><UnitOfMeasurePrice>0.0531</UnitOfMeasurePrice><AllowDiscount>1</AllowDiscount><ItemStatus>1</ItemStatus><ItemPrice>19.90</ItemPrice></item><item><PriceUpdateDate>2016-06-28 06:24:03</PriceUpdateDate><ItemCode>7290107641395</ItemCode><ItemType>1</ItemType><ItemName>מב דגני בוקר שוגי 1</ItemName><ManufacturerName>שוגי</ManufacturerName><ManufactureCountry>ישראל</ManufactureCountry><ManufacturerItemDescription>מב דגני בוקר שוגי 1</ManufacturerItemDescription><SoldByWeight/><Quantity>1000.00</Quantity><UnitOfMeasure>גרם     </UnitOfMeasure><QtyInPackage>לא ידוע</QtyInPackage><UnitOfMeasurePrice>0.0199</UnitOfMeasurePrice><AllowDiscount>1</AllowDiscount><ItemStatus>1</ItemStatus><ItemPrice>19.90</ItemPrice></item><item><PriceUpdateDate>2016-05-31 09:34:21</PriceUpdateDate><ItemCode>7290107641654</ItemCode><ItemType>1</ItemType><ItemName>דליתות 400 גרם</ItemName><ManufacturerName>תלמה</ManufacturerName><ManufactureCountry>ישראל</ManufactureCountry><ManufacturerItemDescription>דליפקאן 400 גר בדץ</ManufacturerItemDescription><SoldByWeight/><Quantity>400.00</Quantity><UnitOfMeasure>גרם     </UnitOfMeasure><QtyInPackage>לא ידוע</QtyInPackage><UnitOfMeasurePrice>0.0497</UnitOfMeasurePrice><AllowDiscount>1</AllowDiscount><ItemStatus>1</ItemStatus><ItemPrice>19.90</ItemPrice></item><item><PriceUpdateDate>2016-02-03 07:52:01</PriceUpdateDate><ItemCode>7290107641944</ItemCode><ItemType>1</ItemType><ItemName>חטיף פתית שמנת בצל 7</ItemName><ManufacturerName>תלמה</ManufacturerName><ManufactureCountry>לא ידוע</ManufactureCountry><ManufacturerItemDescription>חטיף פתית שמנת בצל 7</ManufacturerItemDescription><SoldByWeight/><Quantity>70.00</Quantity><UnitOfMeasure>גרם     </UnitOfMeasure><QtyInPackage>לא ידוע</QtyInPackage><UnitOfMeasurePrice>0.1071</UnitOfMeasurePrice><AllowDiscount>1</AllowDiscount><ItemStatus>1</ItemStatus><ItemPrice>7.50</ItemPrice></item><item><PriceUpdateDate>2015-10-22 09:59:22</PriceUpdateDate><ItemCode>7290107871761</ItemCode><ItemType>1</ItemType><ItemName>לחמית ירקות קלויים 1</ItemName><ManufacturerName>אסם</ManufacturerName><ManufactureCountry>ישראל</ManufactureCountry><ManufacturerItemDescription>לחמית ירקות קלויים 1</ManufacturerItemDescription><SoldByWeight/><Quantity>160.00</Quantity><UnitOfMeasure>גרם     </UnitOfMeasure><QtyInPackage>לא ידוע</QtyInPackage><UnitOfMeasurePrice>0.0719</UnitOfMeasurePrice><AllowDiscount>1</AllowDiscount><ItemStatus>1</ItemStatus><ItemPrice>11.50</ItemPrice></item><item><PriceUpdateDate>2016-04-20 07:01:13</PriceUpdateDate><ItemCode>7290107871822</ItemCode><ItemType>1</ItemType><ItemName>לחמית ירקות ירוקים 1</ItemName><ManufacturerName>אסם</ManufacturerName><ManufactureCountry>ישראל</ManufactureCountry><ManufacturerItemDescription>לחמית ירקות ירוקים 1</ManufacturerItemDescription><SoldByWeight/><Quantity>160.00</Quantity><UnitOfMeasure>גרם     </UnitOfMeasure><QtyInPackage>לא ידוע</QtyInPackage><UnitOfMeasurePrice>0.0719</UnitOfMeasurePrice><AllowDiscount>1</AllowDiscount><ItemStatus>1</ItemStatus><ItemPrice>11.50</ItemPrice></item><item><PriceUpdateDate>2016-08-02 06:31:57</PriceUpdateDate><ItemCode>7290107872744</ItemCode><ItemType>1</ItemType><ItemName>מאגדת מיניונים 4 יחי</ItemName><ManufacturerName>גלידות נסטלה</ManufacturerName><ManufactureCountry>ישראל</ManufactureCountry><ManufacturerItemDescription>מאגדת הלו קיטי</ManufacturerItemDescription><SoldByWeight/><Quantity>320.00</Quantity><UnitOfMeasure>גרם     </UnitOfMeasure><QtyInPackage>לא ידוע</QtyInPackage><UnitOfMeasurePrice>0.0872</UnitOfMeasurePrice><AllowDiscount>1</AllowDiscount><ItemStatus>1</ItemStatus><ItemPrice>27.90</ItemPrice></item><item><PriceUpdateDate>2016-03-16 13:25:44</PriceUpdateDate><ItemCode>7290107873239</ItemCode><ItemType>1</ItemType><ItemName>פתי בר קרמל 500 גרם</ItemName><ManufacturerName>פתי בר אסם</ManufacturerName><ManufactureCountry>ישראל</ManufactureCountry><ManufacturerItemDescription>אסם פתי בר קרמל</ManufacturerItemDescription><SoldByWeight/><Quantity>500.00</Quantity><UnitOfMeasure>גרם     </UnitOfMeasure><QtyInPackage>לא ידוע</QtyInPackage><UnitOfMeasurePrice>0.0218</UnitOfMeasurePrice><AllowDiscount>1</AllowDiscount><ItemStatus>1</ItemStatus><ItemPrice>10.90</ItemPrice></item><item><PriceUpdateDate>2016-07-15 11:59:07</PriceUpdateDate><ItemCode>7290107876674</ItemCode><ItemType>1</ItemType><ItemName>במבה  עגולה 80 גרם</ItemName><ManufacturerName>במבה</ManufacturerName><ManufactureCountry>ישראל</ManufactureCountry><ManufacturerItemDescription>במבה  עגולה 80 גרם</ManufacturerItemDescription><SoldByWeight/><Quantity>80.00</Quantity><UnitOfMeasure>גרם     </UnitOfMeasure><QtyInPackage>לא ידוע</QtyInPackage><UnitOfMeasurePrice>0.0563</UnitOfMeasurePrice><AllowDiscount>1</AllowDiscount><ItemStatus>1</ItemStatus><ItemPrice>4.50</ItemPrice></item><item><PriceUpdateDate>2016-04-25 06:56:35</PriceUpdateDate><ItemCode>7290107876803</ItemCode><ItemType>1</ItemType><ItemName>זית חרוזית בית השיטה</ItemName><ManufacturerName>בית השיטה</ManufacturerName><ManufactureCountry>ישראל</ManufactureCountry><ManufacturerItemDescription>זית חרוזית בית השיטה 560</ManufacturerItemDescription><SoldByWeight/><Quantity>275.00</Quantity><UnitOfMeasure>גרם     </UnitOfMeasure><QtyInPackage>לא ידוע</QtyInPackage><UnitOfMeasurePrice>0.0324</UnitOfMeasurePrice><AllowDiscount>0</AllowDiscount><ItemStatus>1</ItemStatus><ItemPrice>8.90</ItemPrice></item><item><PriceUpdateDate>2016-04-25 06:56:35</PriceUpdateDate><ItemCode>7290107876827</ItemCode><ItemType>1</ItemType><ItemName>זית טבעות 280 גרם יר</ItemName><ManufacturerName>לא ממותג</ManufacturerName><ManufactureCountry>ישראל</ManufactureCountry><ManufacturerItemDescription>זית טבעות 280 גרם יר</ManufacturerItemDescription><SoldByWeight/><Quantity>280.00</Quantity><UnitOfMeasure>גרם     </UnitOfMeasure><QtyInPackage>לא ידוע</QtyInPackage><UnitOfMeasurePrice>0.0404</UnitOfMeasurePrice><AllowDiscount>1</AllowDiscount><ItemStatus>1</ItemStatus><ItemPrice>11.30</ItemPrice></item><item><PriceUpdateDate>2016-03-01 06:24:55</PriceUpdateDate><ItemCode>7290107877541</ItemCode><ItemType>1</ItemType><ItemName>זוג מרק נמס טעם עוף</ItemName><ManufacturerName>אסם</ManufacturerName><ManufactureCountry>ישראל</ManufactureCountry><ManufacturerItemDescription>זוג מרק נמס אפונה 52 גרם</ManufacturerItemDescription><SoldByWeight/><Quantity>52.00</Quantity><UnitOfMeasure>גרם     </UnitOfMeasure><QtyInPackage>לא ידוע</QtyInPackage><UnitOfMeasurePrice>0.1481</UnitOfMeasurePrice><AllowDiscount>1</AllowDiscount><ItemStatus>1</ItemStatus><ItemPrice>7.70</ItemPrice></item><item><PriceUpdateDate>2015-12-01 06:48:12</PriceUpdateDate><ItemCode>7290107877992</ItemCode><ItemType>1</ItemType><ItemName>פרפקטו ספירלי מהדורה</ItemName><ManufacturerName>פרפקטו</ManufacturerName><ManufactureCountry>לא ידוע</ManufactureCountry><ManufacturerItemDescription>פרפקטו ספירלי מהדורה</ManufacturerItemDescription><SoldByWeight/><Quantity>600.00</Quantity><UnitOfMeasure>גרם     </UnitOfMeasure><QtyInPackage>לא ידוע</QtyInPackage><UnitOfMeasurePrice>0.0152</UnitOfMeasurePrice><AllowDiscount>1</AllowDiscount><ItemStatus>1</ItemStatus><ItemPrice>9.10</ItemPrice></item><item><PriceUpdateDate>2016-08-02 06:36:47</PriceUpdateDate><ItemCode>7290107878357</ItemCode><ItemType>1</ItemType><ItemName>מב פיטנס גלידת יוגור</ItemName><ManufacturerName>פיטנס</ManufacturerName><ManufactureCountry>לא ידוע</ManufactureCountry><ManufacturerItemDescription>מב פיטנס גלידת יוגור</ManufacturerItemDescription><SoldByWeight/><Quantity>700.00</Quantity><UnitOfMeasure>מ"ל</UnitOfMeasure><QtyInPackage>לא ידוע</QtyInPackage><UnitOfMeasurePrice>0.0284</UnitOfMeasurePrice><AllowDiscount>1</AllowDiscount><ItemStatus>1</ItemStatus><ItemPrice>19.90</ItemPrice></item><item><PriceUpdateDate>2016-06-27 19:06:30</PriceUpdateDate><ItemCode>7290107878418</ItemCode><ItemType>1</ItemType><ItemName>ג'ויה חמאת בוטנים 50</ItemName><ManufacturerName>גלידות נסטלה</ManufacturerName><ManufactureCountry>לא ידוע</ManufactureCountry><ManufacturerItemDescription>ג'ויה חמאת בוטנים 50</ManufacturerItemDescription><SoldByWeight/><Quantity>500.00</Quantity><UnitOfMeasure>מ"ל</UnitOfMeasure><QtyInPackage>לא ידוע</QtyInPackage><UnitOfMeasurePrice>0.0478</UnitOfMeasurePrice><AllowDiscount>1</AllowDiscount><ItemStatus>1</ItemStatus><ItemPrice>23.90</ItemPrice></item><item><PriceUpdateDate>2016-04-20 07:01:14</PriceUpdateDate><ItemCode>7290107878739</ItemCode><ItemType>1</ItemType><ItemName>במבה במילוי חצי מוקה</ItemName><ManufacturerName>במבה</ManufacturerName><ManufactureCountry>ישראל</ManufactureCountry><ManufacturerItemDescription>במבה במילוי קרם חלבה 60 ג</ManufacturerItemDescription><SoldByWeight/><Quantity>60.00</Quantity><UnitOfMeasure>גרם     </UnitOfMeasure><QtyInPackage>לא ידוע</QtyInPackage><UnitOfMeasurePrice>0.0933</UnitOfMeasurePrice><AllowDiscount>1</AllowDiscount><ItemStatus>1</ItemStatus><ItemPrice>5.60</ItemPrice></item><item><PriceUpdateDate>2016-04-25 06:56:35</PriceUpdateDate><ItemCode>7290107878920</ItemCode><ItemType>1</ItemType><ItemName>קוקטייל זיתים 500 גר</ItemName><ManufacturerName>בית השיטה</ManufacturerName><ManufactureCountry>ישראל</ManufactureCountry><ManufacturerItemDescription>קוקטייל זיתים 500 גר</ManufacturerItemDescription><SoldByWeight/><Quantity>340.00</Quantity><UnitOfMeasure>גרם     </UnitOfMeasure><QtyInPackage>לא ידוע</QtyInPackage><UnitOfMeasurePrice>0.0379</UnitOfMeasurePrice><AllowDiscount>1</AllowDiscount><ItemStatus>1</ItemStatus><ItemPrice>12.90</ItemPrice></item><item><PriceUpdateDate>2016-06-27 19:06:30</PriceUpdateDate><ItemCode>7290107879477</ItemCode><ItemType>1</ItemType><ItemName>ג'ויה טופי בננה 500</ItemName><ManufacturerName>גלידות נסטלה</ManufacturerName><ManufactureCountry>לא ידוע</ManufactureCountry><ManufacturerItemDescription>ג'ויה טופי בננה 500</ManufacturerItemDescription><SoldByWeight/><Quantity>500.00</Quantity><UnitOfMeasure>מ"ל</UnitOfMeasure><QtyInPackage>לא ידוע</QtyInPackage><UnitOfMeasurePrice>0.0478</UnitOfMeasurePrice><AllowDiscount>1</AllowDiscount><ItemStatus>1</ItemStatus><ItemPrice>23.90</ItemPrice></item><item><PriceUpdateDate>2016-05-31 09:31:26</PriceUpdateDate><ItemCode>7290107879521</ItemCode><ItemType>1</ItemType><ItemName>מאגדת לה פרוטה תות 5</ItemName><ManufacturerName>גלידות נסטלה</ManufacturerName><ManufactureCountry>לא ידוע</ManufactureCountry><ManufacturerItemDescription>מאגדת לה פרוטה תות 5</ManufacturerItemDescription><SoldByWeight/><Quantity>325.00</Quantity><UnitOfMeasure>גרם     </UnitOfMeasure><QtyInPackage>לא ידוע</QtyInPackage><UnitOfMeasurePrice>0.0797</UnitOfMeasurePrice><AllowDiscount>1</AllowDiscount><ItemStatus>1</ItemStatus><ItemPrice>25.90</ItemPrice></item><item><PriceUpdateDate>2016-05-31 09:31:26</PriceUpdateDate><ItemCode>7290107879569</ItemCode><ItemType>1</ItemType><ItemName>מאגדת לה פרוטה מנגו</ItemName><ManufacturerName>גלידות נסטלה</ManufacturerName><ManufactureCountry>לא ידוע</ManufactureCountry><ManufacturerItemDescription>מאגדת לה פרוטה מנגו</ManufacturerItemDescription><SoldByWeight/><Quantity>325.00</Quantity><UnitOfMeasure>גרם     </UnitOfMeasure><QtyInPackage>לא ידוע</QtyInPackage><UnitOfMeasurePrice>0.0797</UnitOfMeasurePrice><AllowDiscount>1</AllowDiscount><ItemStatus>1</ItemStatus><ItemPrice>25.90</ItemPrice></item><item><PriceUpdateDate>2016-05-06 08:07:13</PriceUpdateDate><ItemCode>7290107930116</ItemCode><ItemType>1</ItemType><ItemName>מעדן מילקי מוס 81 גר</ItemName><ManufacturerName>מילקי</ManufacturerName><ManufactureCountry>ישראל</ManufactureCountry><ManufacturerItemDescription>מילקי וניל170 מל</ManufacturerItemDescription><SoldByWeight/><Quantity>81.00</Quantity><UnitOfMeasure>גרם     </UnitOfMeasure><QtyInPackage>לא ידוע</QtyInPackage><UnitOfMeasurePrice>0.0432</UnitOfMeasurePrice><AllowDiscount>1</AllowDiscount><ItemStatus>1</ItemStatus><ItemPrice>3.50</ItemPrice></item><item><PriceUpdateDate>2016-05-26 17:29:09</PriceUpdateDate><ItemCode>7290107931007</ItemCode><ItemType>1</ItemType><ItemName>שוקולד פרה מילקשייק</ItemName><ManufacturerName>פרה</ManufacturerName><ManufactureCountry>ישראל</ManufactureCountry><ManufacturerItemDescription>ביסקויט קראנצ לבן 100 גרם</ManufacturerItemDescription><SoldByWeight/><Quantity>95.00</Quantity><UnitOfMeasure>גרם     </UnitOfMeasure><QtyInPackage>לא ידוע</QtyInPackage><UnitOfMeasurePrice>0.0726</UnitOfMeasurePrice><AllowDiscount>1</AllowDiscount><ItemStatus>1</ItemStatus><ItemPrice>6.90</ItemPrice></item><item><PriceUpdateDate>2015-12-28 07:43:23</PriceUpdateDate><ItemCode>7290107932080</ItemCode><ItemType>1</ItemType><ItemName>חלב מועשר 3% בבקבוק</ItemName><ManufacturerName>יטבתה</ManufacturerName><ManufactureCountry>ישראל</ManufactureCountry><ManufacturerItemDescription>חלב 3% יטבתה עשיר בסידן 1</ManufacturerItemDescription><SoldByWeight/><Quantity>1000.00</Quantity><UnitOfMeasure>מ"ל</UnitOfMeasure><QtyInPackage>לא ידוע</QtyInPackage><UnitOfMeasurePrice>0.0079</UnitOfMeasurePrice><AllowDiscount>1</AllowDiscount><ItemStatus>1</ItemStatus><ItemPrice>7.90</ItemPrice></item><item><PriceUpdateDate>2015-12-28 07:43:23</PriceUpdateDate><ItemCode>7290107932127</ItemCode><ItemType>1</ItemType><ItemName>חלב מועשר 2% בבקבוק</ItemName><ManufacturerName>יטבתה</ManufacturerName><ManufactureCountry>ישראל</ManufactureCountry><ManufacturerItemDescription>חלב 3% יטבתה עשיר בסידן 1</ManufacturerItemDescription><SoldByWeight/><Quantity>1000.00</Quantity><UnitOfMeasure>מ"ל</UnitOfMeasure><QtyInPackage>לא ידוע</QtyInPackage><UnitOfMeasurePrice>0.0079</UnitOfMeasurePrice><AllowDiscount>1</AllowDiscount><ItemStatus>1</ItemStatus><ItemPrice>7.90</ItemPrice></item><item><PriceUpdateDate>2015-12-28 07:43:23</PriceUpdateDate><ItemCode>7290107932134</ItemCode><ItemType>1</ItemType><ItemName>חלב מועשר 1% בבקבוק</ItemName><ManufacturerName>יטבתה</ManufacturerName><ManufactureCountry>ישראל</ManufactureCountry><ManufacturerItemDescription>חלב 3% יטבתה עשיר בסידן 1</ManufacturerItemDescription><SoldByWeight/><Quantity>1000.00</Quantity><UnitOfMeasure>מ"ל</UnitOfMeasure><QtyInPackage>לא ידוע</QtyInPackage><UnitOfMeasurePrice>0.0079</UnitOfMeasurePrice><AllowDiscount>1</AllowDiscount><ItemStatus>1</ItemStatus><ItemPrice>7.90</ItemPrice></item><item><PriceUpdateDate>2016-06-27 19:06:30</PriceUpdateDate><ItemCode>7290107933100</ItemCode><ItemType>1</ItemType><ItemName>פריכיות אנרג'י גדולו</ItemName><ManufacturerName>עלית</ManufacturerName><ManufactureCountry>ישראל</ManufactureCountry><ManufacturerItemDescription>פריכיות ביס בטעם וניל 25</ManufacturerItemDescription><SoldByWeight/><Quantity>135.00</Quantity><UnitOfMeasure>גרם     </UnitOfMeasure><QtyInPackage>לא ידוע</QtyInPackage><UnitOfMeasurePrice>0.1030</UnitOfMeasurePrice><AllowDiscount>1</AllowDiscount><ItemStatus>1</ItemStatus><ItemPrice>13.90</ItemPrice></item><item><PriceUpdateDate>2016-03-24 06:59:31</PriceUpdateDate><ItemCode>7290107933155</ItemCode><ItemType>1</ItemType><ItemName>לקט סלנובה שטראוס 20</ItemName><ManufacturerName>שטראוס</ManufacturerName><ManufactureCountry>ישראל</ManufactureCountry><ManufacturerItemDescription>עלי רוקט 150 גרם</ManufacturerItemDescription><SoldByWeight/><Quantity>200.00</Quantity><UnitOfMeasure>גרם     </UnitOfMeasure><QtyInPackage>לא ידוע</QtyInPackage><UnitOfMeasurePrice>0.0795</UnitOfMeasurePrice><AllowDiscount>1</AllowDiscount><ItemStatus>1</ItemStatus><ItemPrice>15.90</ItemPrice></item><item><PriceUpdateDate>2016-07-11 12:40:25</PriceUpdateDate><ItemCode>7290107933872</ItemCode><ItemType>1</ItemType><ItemName>דוריטוס מיני פיצה 55</ItemName><ManufacturerName>דוריטוס</ManufacturerName><ManufactureCountry>ישראל</ManufactureCountry><ManufacturerItemDescription>דוריטוס גריל 55 גרם</ManufacturerItemDescription><SoldByWeight/><Quantity>55.00</Quantity><UnitOfMeasure>גרם     </UnitOfMeasure><QtyInPackage>לא ידוע</QtyInPackage><UnitOfMeasurePrice>0.0655</UnitOfMeasurePrice><AllowDiscount>1</AllowDiscount><ItemStatus>1</ItemStatus><ItemPrice>3.60</ItemPrice></item><item><PriceUpdateDate>2016-07-11 12:40:25</PriceUpdateDate><ItemCode>7290107933940</ItemCode><ItemType>1</ItemType><ItemName>דוריטוס מיני ברביקיו</ItemName><ManufacturerName>דוריטוס</ManufacturerName><ManufactureCountry>ישראל</ManufactureCountry><ManufacturerItemDescription>דוריטוס גריל 55 גרם</ManufacturerItemDescription><SoldByWeight/><Quantity>55.00</Quantity><UnitOfMeasure>גרם     </UnitOfMeasure><QtyInPackage>לא ידוע</QtyInPackage><UnitOfMeasurePrice>0.0655</UnitOfMeasurePrice><AllowDiscount>1</AllowDiscount><ItemStatus>1</ItemStatus><ItemPrice>3.60</ItemPrice></item><item><PriceUpdateDate>2016-07-28 08:20:03</PriceUpdateDate><ItemCode>7290107934039</ItemCode><ItemType>1</ItemType><ItemName>חטיף תפוציפס סטיקס ב</ItemName><ManufacturerName>תפוצ'יפס</ManufacturerName><ManufactureCountry>ישראל</ManufactureCountry><ManufacturerItemDescription>תפוציפס מלוח 50 גר</ManufacturerItemDescription><SoldByWeight/><Quantity>60.00</Quantity><UnitOfMeasure>גרם     </UnitOfMeasure><QtyInPackage>לא ידוע</QtyInPackage><UnitOfMeasurePrice>0.0650</UnitOfMeasurePrice><AllowDiscount>1</AllowDiscount><ItemStatus>1</ItemStatus><ItemPrice>3.90</ItemPrice></item><item><PriceUpdateDate>2016-07-28 08:20:03</PriceUpdateDate><ItemCode>7290107934053</ItemCode><ItemType>1</ItemType><ItemName>חטיף תפוציפס סטיקס ב</ItemName><ManufacturerName>תפוצ'יפס</ManufacturerName><ManufactureCountry>ישראל</ManufactureCountry><ManufacturerItemDescription>תפוציפס מלוח 50 גר</ManufacturerItemDescription><SoldByWeight/><Quantity>60.00</Quantity><UnitOfMeasure>גרם     </UnitOfMeasure><QtyInPackage>לא ידוע</QtyInPackage><UnitOfMeasurePrice>0.0650</UnitOfMeasurePrice><AllowDiscount>1</AllowDiscount><ItemStatus>1</ItemStatus><ItemPrice>3.90</ItemPrice></item><item><PriceUpdateDate>2015-11-17 11:40:11</PriceUpdateDate><ItemCode>7290107934497</ItemCode><ItemType>1</ItemType><ItemName>מארז מיוחד רביעיה אק</ItemName><ManufacturerName>אקטיביה</ManufacturerName><ManufactureCountry>ישראל</ManufactureCountry><ManufacturerItemDescription>מארז יוגורט אקטיביה</ManufacturerItemDescription><SoldByWeight/><Quantity>600.00</Quantity><UnitOfMeasure>גרם     </UnitOfMeasure><QtyInPackage>לא ידוע</QtyInPackage><UnitOfMeasurePrice>0.0198</UnitOfMeasurePrice><AllowDiscount>1</AllowDiscount><ItemStatus>1</ItemStatus><ItemPrice>11.90</ItemPrice></item><item><PriceUpdateDate>2015-11-17 11:40:14</PriceUpdateDate><ItemCode>7290107934503</ItemCode><ItemType>1</ItemType><ItemName>מארז מיוחד רביעיה אק</ItemName><ManufacturerName>אקטיביה</ManufacturerName><ManufactureCountry>ישראל</ManufactureCountry><ManufacturerItemDescription>מארז יוגורט אקטיביה</ManufacturerItemDescription><SoldByWeight/><Quantity>600.00</Quantity><UnitOfMeasure>גרם     </UnitOfMeasure><QtyInPackage>לא ידוע</QtyInPackage><UnitOfMeasurePrice>0.0198</UnitOfMeasurePrice><AllowDiscount>1</AllowDiscount><ItemStatus>1</ItemStatus><ItemPrice>11.90</ItemPrice></item><item><PriceUpdateDate>2016-03-24 06:59:31</PriceUpdateDate><ItemCode>7290107936248</ItemCode><ItemType>1</ItemType><ItemName>מילקי קצפת קפוצ'ינו</ItemName><ManufacturerName>מילקי</ManufacturerName><ManufactureCountry>ישראל</ManufactureCountry><ManufacturerItemDescription>מילקיקל שוקולד 170-3% מל</ManufacturerItemDescription><SoldByWeight/><Quantity>133.00</Quantity><UnitOfMeasure>גרם     </UnitOfMeasure><QtyInPackage>לא ידוע</QtyInPackage><UnitOfMeasurePrice>0.0316</UnitOfMeasurePrice><AllowDiscount>1</AllowDiscount><ItemStatus>1</ItemStatus><ItemPrice>4.20</ItemPrice></item><item><PriceUpdateDate>2016-06-21 18:43:43</PriceUpdateDate><ItemCode>7290107936910</ItemCode><ItemType>1</ItemType><ItemName>עוגיות שוקולד צ'אנקס</ItemName><ManufacturerName>עלית</ManufacturerName><ManufactureCountry>הולנד</ManufactureCountry><ManufacturerItemDescription>עוגיות מרבה      קרמל175</ManufacturerItemDescription><SoldByWeight/><Quantity>162.00</Quantity><UnitOfMeasure>גרם     </UnitOfMeasure><QtyInPackage>לא ידוע</QtyInPackage><UnitOfMeasurePrice>0.0673</UnitOfMeasurePrice><AllowDiscount>0</AllowDiscount><ItemStatus>1</ItemStatus><ItemPrice>10.90</ItemPrice></item><item><PriceUpdateDate>2016-07-05 18:59:42</PriceUpdateDate><ItemCode>7290107937603</ItemCode><ItemType>1</ItemType><ItemName>דנונה קוקוס 3% 150 ג</ItemName><ManufacturerName>דנונה</ManufacturerName><ManufactureCountry>ישראל</ManufactureCountry><ManufacturerItemDescription>יוגורט דנונה תות</ManufacturerItemDescription><SoldByWeight/><Quantity>150.00</Quantity><UnitOfMeasure>גרם     </UnitOfMeasure><QtyInPackage>לא ידוע</QtyInPackage><UnitOfMeasurePrice>0.0260</UnitOfMeasurePrice><AllowDiscount>1</AllowDiscount><ItemStatus>1</ItemStatus><ItemPrice>3.90</ItemPrice></item><item><PriceUpdateDate>2016-07-22 06:58:59</PriceUpdateDate><ItemCode>7290107937870</ItemCode><ItemType>1</ItemType><ItemName>מילקי טופ נשיקות 141</ItemName><ManufacturerName>מילקי</ManufacturerName><ManufactureCountry>ישראל</ManufactureCountry><ManufacturerItemDescription>מילקי טופ מגולגלת 140 גר</ManufacturerItemDescription><SoldByWeight/><Quantity>141.00</Quantity><UnitOfMeasure>גרם     </UnitOfMeasure><QtyInPackage>לא ידוע</QtyInPackage><UnitOfMeasurePrice>0.0333</UnitOfMeasurePrice><AllowDiscount>1</AllowDiscount><ItemStatus>1</ItemStatus><ItemPrice>4.70</ItemPrice></item><item><PriceUpdateDate>2016-05-05 12:30:38</PriceUpdateDate><ItemCode>7290108355000</ItemCode><ItemType>1</ItemType><ItemName>מב שמפו נקה 7 קידס מ</ItemName><ManufacturerName>נקה 7</ManufacturerName><ManufactureCountry>לא ידוע</ManufactureCountry><ManufacturerItemDescription>מב שמפו נקה 7 קידס מ</ManufacturerItemDescription><SoldByWeight/><Quantity>750.00</Quantity><UnitOfMeasure>מ"ל</UnitOfMeasure><QtyInPackage>לא ידוע</QtyInPackage><UnitOfMeasurePrice>0.0159</UnitOfMeasurePrice><AllowDiscount>1</AllowDiscount><ItemStatus>1</ItemStatus><ItemPrice>11.90</ItemPrice></item><item><PriceUpdateDate>2016-05-05 12:30:38</PriceUpdateDate><ItemCode>7290108355017</ItemCode><ItemType>1</ItemType><ItemName>מב מרכך נקה 7 קידס מ</ItemName><ManufacturerName>נקה 7</ManufacturerName><ManufactureCountry>לא ידוע</ManufactureCountry><ManufacturerItemDescription>מב מרכך נקה 7 קידס מ</ManufacturerItemDescription><SoldByWeight/><Quantity>750.00</Quantity><UnitOfMeasure>מ"ל</UnitOfMeasure><QtyInPackage>לא ידוע</QtyInPackage><UnitOfMeasurePrice>0.0159</UnitOfMeasurePrice><AllowDiscount>1</AllowDiscount><ItemStatus>1</ItemStatus><ItemPrice>11.90</ItemPrice></item><item><PriceUpdateDate>2016-08-02 06:36:48</PriceUpdateDate><ItemCode>7290109351643</ItemCode><ItemType>1</ItemType><ItemName>מב צבר חומוסיבוב ברו</ItemName><ManufacturerName>צבר</ManufacturerName><ManufactureCountry>לא ידוע</ManufactureCountry><ManufacturerItemDescription>מב צבר חומוסיבוב ברו</ManufacturerItemDescription><SoldByWeight/><Quantity>400.00</Quantity><UnitOfMeasure>גרם     </UnitOfMeasure><QtyInPackage>לא ידוע</QtyInPackage><UnitOfMeasurePrice>0.0273</UnitOfMeasurePrice><AllowDiscount>1</AllowDiscount><ItemStatus>1</ItemStatus><ItemPrice>10.90</ItemPrice></item><item><PriceUpdateDate>2016-06-17 07:10:51</PriceUpdateDate><ItemCode>7290109351780</ItemCode><ItemType>1</ItemType><ItemName>אסם פתיתים אפויים  א</ItemName><ManufacturerName>אסם</ManufacturerName><ManufactureCountry>לא ידוע</ManufactureCountry><ManufacturerItemDescription>אסם פתיתים אפויים  א</ManufacturerItemDescription><SoldByWeight/><Quantity>1200.00</Quantity><UnitOfMeasure>גרם     </UnitOfMeasure><QtyInPackage>לא ידוע</QtyInPackage><UnitOfMeasurePrice>0.0113</UnitOfMeasurePrice><AllowDiscount>1</AllowDiscount><ItemStatus>1</ItemStatus><ItemPrice>13.50</ItemPrice></item><item><PriceUpdateDate>2016-06-17 07:10:51</PriceUpdateDate><ItemCode>7290109351803</ItemCode><ItemType>1</ItemType><ItemName>אסם פתיתים אפויים  ק</ItemName><ManufacturerName>אסם</ManufacturerName><ManufactureCountry>לא ידוע</ManufactureCountry><ManufacturerItemDescription>אסם פתיתים אפויים  ק</ManufacturerItemDescription><SoldByWeight/><Quantity>1200.00</Quantity><UnitOfMeasure>גרם     </UnitOfMeasure><QtyInPackage>לא ידוע</QtyInPackage><UnitOfMeasurePrice>0.0113</UnitOfMeasurePrice><AllowDiscount>1</AllowDiscount><ItemStatus>1</ItemStatus><ItemPrice>13.50</ItemPrice></item><item><PriceUpdateDate>2015-11-17 07:37:55</PriceUpdateDate><ItemCode>72909768</ItemCode><ItemType>1</ItemType><ItemName>פסק זמן 4PLAY</ItemName><ManufacturerName>עלית</ManufacturerName><ManufactureCountry>ישראל</ManufactureCountry><ManufacturerItemDescription>חטיף פסק זמן 40 PLAY גרם</ManufacturerItemDescription><SoldByWeight/><Quantity>100.00</Quantity><UnitOfMeasure>יח'</UnitOfMeasure><QtyInPackage>לא ידוע</QtyInPackage><UnitOfMeasurePrice>0.0570</UnitOfMeasurePrice><AllowDiscount>1</AllowDiscount><ItemStatus>1</ItemStatus><ItemPrice>5.70</ItemPrice></item><item><PriceUpdateDate>2015-07-29 07:39:38</PriceUpdateDate><ItemCode>7291067251913</ItemCode><ItemType>1</ItemType><ItemName>מסטיק מאסט צנצנת ריח</ItemName><ManufacturerName>מאסט</ManufacturerName><ManufactureCountry>לא ידוע</ManufactureCountry><ManufacturerItemDescription>מסטיק מאסט צנצנת ריח</ManufacturerItemDescription><SoldByWeight/><Quantity>66.00</Quantity><UnitOfMeasure>גרם     </UnitOfMeasure><QtyInPackage>לא ידוע</QtyInPackage><UnitOfMeasurePrice>0.1500</UnitOfMeasurePrice><AllowDiscount>1</AllowDiscount><ItemStatus>1</ItemStatus><ItemPrice>9.90</ItemPrice></item><item><PriceUpdateDate>2015-10-13 09:47:56</PriceUpdateDate><ItemCode>72917275</ItemCode><ItemType>1</ItemType><ItemName>חטיף טורטית 40 גרם</ItemName><ManufacturerName>עלית</ManufacturerName><ManufactureCountry>ישראל</ManufactureCountry><ManufacturerItemDescription>חטיף טורטית40 גר</ManufacturerItemDescription><SoldByWeight/><Quantity>40.00</Quantity><UnitOfMeasure>גרם     </UnitOfMeasure><QtyInPackage>לא ידוע</QtyInPackage><UnitOfMeasurePrice>0.1250</UnitOfMeasurePrice><AllowDiscount>1</AllowDiscount><ItemStatus>1</ItemStatus><ItemPrice>5.00</ItemPrice></item><item><PriceUpdateDate>2015-10-13 09:47:56</PriceUpdateDate><ItemCode>72917329</ItemCode><ItemType>1</ItemType><ItemName>חטיף אגוזי בודד 45 ג</ItemName><ManufacturerName>אגוזי</ManufacturerName><ManufactureCountry>ישראל</ManufactureCountry><ManufacturerItemDescription>חטיף אגוזי 45 גר</ManufacturerItemDescription><SoldByWeight/><Quantity>45.00</Quantity><UnitOfMeasure>גרם     </UnitOfMeasure><QtyInPackage>לא ידוע</QtyInPackage><UnitOfMeasurePrice>0.1111</UnitOfMeasurePrice><AllowDiscount>1</AllowDiscount><ItemStatus>1</ItemStatus><ItemPrice>5.00</ItemPrice></item><item><PriceUpdateDate>2015-10-13 09:47:56</PriceUpdateDate><ItemCode>72917367</ItemCode><ItemType>1</ItemType><ItemName>חטיף טעמי בודד 40 גר</ItemName><ManufacturerName>טעמי</ManufacturerName><ManufactureCountry>ישראל</ManufactureCountry><ManufacturerItemDescription>חטיף טעמי 40 גרם</ManufacturerItemDescription><SoldByWeight/><Quantity>40.00</Quantity><UnitOfMeasure>גרם     </UnitOfMeasure><QtyInPackage>לא ידוע</QtyInPackage><UnitOfMeasurePrice>0.1250</UnitOfMeasurePrice><AllowDiscount>1</AllowDiscount><ItemStatus>1</ItemStatus><ItemPrice>5.00</ItemPrice></item><item><PriceUpdateDate>2015-10-13 09:47:56</PriceUpdateDate><ItemCode>72917893</ItemCode><ItemType>1</ItemType><ItemName>פסק זמן חלב קלאסי 45</ItemName><ManufacturerName>עלית</ManufacturerName><ManufactureCountry>ישראל</ManufactureCountry><ManufacturerItemDescription>חטיף פסק זמן חלב45 גר</ManufacturerItemDescription><SoldByWeight/><Quantity>45.00</Quantity><UnitOfMeasure>גרם     </UnitOfMeasure><QtyInPackage>לא ידוע</QtyInPackage><UnitOfMeasurePrice>0.1356</UnitOfMeasurePrice><AllowDiscount>1</AllowDiscount><ItemStatus>1</ItemStatus><ItemPrice>6.10</ItemPrice></item><item><PriceUpdateDate>2015-10-13 09:47:56</PriceUpdateDate><ItemCode>72918388</ItemCode><ItemType>1</ItemType><ItemName>חטיף טויסט 28 גרם</ItemName><ManufacturerName>עלית</ManufacturerName><ManufactureCountry>ישראל</ManufactureCountry><ManufacturerItemDescription>חטיף טוויסט 28 גר</ManufacturerItemDescription><SoldByWeight/><Quantity>28.00</Quantity><UnitOfMeasure>גרם     </UnitOfMeasure><QtyInPackage>לא ידוע</QtyInPackage><UnitOfMeasurePrice>0.1786</UnitOfMeasurePrice><AllowDiscount>1</AllowDiscount><ItemStatus>1</ItemStatus><ItemPrice>5.00</ItemPrice></item><item><PriceUpdateDate>2015-10-01 00:27:04</PriceUpdateDate><ItemCode>72940761</ItemCode><ItemType>1</ItemType><ItemName>מעדן מילקי שוקו 170</ItemName><ManufacturerName>מילקי</ManufacturerName><ManufactureCountry>ישראל</ManufactureCountry><ManufacturerItemDescription>מילקי שוקו170 גר</ManufacturerItemDescription><SoldByWeight/><Quantity>170.00</Quantity><UnitOfMeasure>מ"ל</UnitOfMeasure><QtyInPackage>לא ידוע</QtyInPackage><UnitOfMeasurePrice>0.0165</UnitOfMeasurePrice><AllowDiscount>1</AllowDiscount><ItemStatus>1</ItemStatus><ItemPrice>2.80</ItemPrice></item><item><PriceUpdateDate>2015-10-22 09:58:38</PriceUpdateDate><ItemCode>72941041</ItemCode><ItemType>1</ItemType><ItemName>מיני מילקי שוקולד 70</ItemName><ManufacturerName>מילקי</ManufacturerName><ManufactureCountry>ישראל</ManufactureCountry><ManufacturerItemDescription>מיני מילקי שוקולד 70</ManufacturerItemDescription><SoldByWeight/><Quantity>70.00</Quantity><UnitOfMeasure>גרם     </UnitOfMeasure><QtyInPackage>לא ידוע</QtyInPackage><UnitOfMeasurePrice>0.0314</UnitOfMeasurePrice><AllowDiscount>1</AllowDiscount><ItemStatus>1</ItemStatus><ItemPrice>2.20</ItemPrice></item><item><PriceUpdateDate>2015-10-22 09:58:38</PriceUpdateDate><ItemCode>72945308</ItemCode><ItemType>1</ItemType><ItemName>שמרים לחים קוביות 50</ItemName><ManufacturerName>שמרית</ManufacturerName><ManufactureCountry>ישראל</ManufactureCountry><ManufacturerItemDescription>שמרים לחים 50 גר</ManufacturerItemDescription><SoldByWeight/><Quantity>14.00</Quantity><UnitOfMeasure>גרם     </UnitOfMeasure><QtyInPackage>לא ידוע</QtyInPackage><UnitOfMeasurePrice>0.2643</UnitOfMeasurePrice><AllowDiscount>1</AllowDiscount><ItemStatus>1</ItemStatus><ItemPrice>3.70</ItemPrice></item><item><PriceUpdateDate>2016-02-11 07:49:23</PriceUpdateDate><ItemCode>72961209</ItemCode><ItemType>1</ItemType><ItemName>שמנית חמוצה 15% 200</ItemName><ManufacturerName>תנובה</ManufacturerName><ManufactureCountry>ישראל</ManufactureCountry><ManufacturerItemDescription>שמנית חמוצה 15% 200</ManufacturerItemDescription><SoldByWeight/><Quantity>200.00</Quantity><UnitOfMeasure>מ"ל</UnitOfMeasure><QtyInPackage>לא ידוע</QtyInPackage><UnitOfMeasurePrice>0.0110</UnitOfMeasurePrice><AllowDiscount>1</AllowDiscount><ItemStatus>1</ItemStatus><ItemPrice>2.20</ItemPrice></item><item><PriceUpdateDate>2016-02-11 07:49:23</PriceUpdateDate><ItemCode>72961216</ItemCode><ItemType>1</ItemType><ItemName>אשד מהדרין 200 מ"ל</ItemName><ManufacturerName>אשד</ManufacturerName><ManufactureCountry>ישראל</ManufactureCountry><ManufacturerItemDescription>אשד מהדרין 200 מ"ל</ManufacturerItemDescription><SoldByWeight/><Quantity>200.00</Quantity><UnitOfMeasure>מ"ל</UnitOfMeasure><QtyInPackage>לא ידוע</QtyInPackage><UnitOfMeasurePrice>0.0078</UnitOfMeasurePrice><AllowDiscount>1</AllowDiscount><ItemStatus>1</ItemStatus><ItemPrice>1.55</ItemPrice></item><item><PriceUpdateDate>2016-02-11 07:49:23</PriceUpdateDate><ItemCode>72961223</ItemCode><ItemType>1</ItemType><ItemName>גילה לבן 3% מהדרין 2</ItemName><ManufacturerName>גיל</ManufacturerName><ManufactureCountry>ישראל</ManufactureCountry><ManufacturerItemDescription>גילה לבן 3% מהדרין 2</ManufacturerItemDescription><SoldByWeight/><Quantity>200.00</Quantity><UnitOfMeasure>מ"ל</UnitOfMeasure><QtyInPackage>לא ידוע</QtyInPackage><UnitOfMeasurePrice>0.0070</UnitOfMeasurePrice><AllowDiscount>1</AllowDiscount><ItemStatus>1</ItemStatus><ItemPrice>1.40</ItemPrice></item><item><PriceUpdateDate>2015-10-13 09:47:56</PriceUpdateDate><ItemCode>72961506</ItemCode><ItemType>1</ItemType><ItemName>פרילי תות 125 גרם</ItemName><ManufacturerName>פרילי</ManufacturerName><ManufactureCountry>ישראל</ManufactureCountry><ManufacturerItemDescription>פרילי תות בגביע125 גר</ManufacturerItemDescription><SoldByWeight/><Quantity>125.00</Quantity><UnitOfMeasure>גרם     </UnitOfMeasure><QtyInPackage>לא ידוע</QtyInPackage><UnitOfMeasurePrice>0.0296</UnitOfMeasurePrice><AllowDiscount>1</AllowDiscount><ItemStatus>1</ItemStatus><ItemPrice>3.70</ItemPrice></item><item><PriceUpdateDate>2015-10-13 09:47:56</PriceUpdateDate><ItemCode>72961520</ItemCode><ItemType>1</ItemType><ItemName>פרילי אננס 125 גרם</ItemName><ManufacturerName>פרילי</ManufacturerName><ManufactureCountry>ישראל</ManufactureCountry><ManufacturerItemDescription>פרילי אננס בגביע125 מל</ManufacturerItemDescription><SoldByWeight/><Quantity>125.00</Quantity><UnitOfMeasure>גרם     </UnitOfMeasure><QtyInPackage>לא ידוע</QtyInPackage><UnitOfMeasurePrice>0.0296</UnitOfMeasurePrice><AllowDiscount>1</AllowDiscount><ItemStatus>1</ItemStatus><ItemPrice>3.70</ItemPrice></item><item><PriceUpdateDate>2016-02-11 07:49:23</PriceUpdateDate><ItemCode>72963104</ItemCode><ItemType>1</ItemType><ItemName>חמאה מפוסטרת חבילה 1</ItemName><ManufacturerName>חמאת תנובה</ManufacturerName><ManufactureCountry>ישראל</ManufactureCountry><ManufacturerItemDescription>חמאה 100 גרם פיקוח</ManufacturerItemDescription><SoldByWeight/><Quantity>100.00</Quantity><UnitOfMeasure>גרם     </UnitOfMeasure><QtyInPackage>לא ידוע</QtyInPackage><UnitOfMeasurePrice>0.0380</UnitOfMeasurePrice><AllowDiscount>1</AllowDiscount><ItemStatus>1</ItemStatus><ItemPrice>3.80</ItemPrice></item><item><PriceUpdateDate>2015-01-27 06:47:13</PriceUpdateDate><ItemCode>72963753</ItemCode><ItemType>1</ItemType><ItemName>שמנת של פעם 200 מ"ל</ItemName><ManufacturerName>חלב תנובה</ManufacturerName><ManufactureCountry>ישראל</ManufactureCountry><ManufacturerItemDescription>שמנת של פעם200 מל</ManufacturerItemDescription><SoldByWeight/><Quantity>200.00</Quantity><UnitOfMeasure>מ"ל</UnitOfMeasure><QtyInPackage>לא ידוע</QtyInPackage><UnitOfMeasurePrice>0.0210</UnitOfMeasurePrice><AllowDiscount>1</AllowDiscount><ItemStatus>1</ItemStatus><ItemPrice>4.20</ItemPrice></item><item><PriceUpdateDate>2015-10-22 09:58:38</PriceUpdateDate><ItemCode>72964132</ItemCode><ItemType>1</ItemType><ItemName>פרילי טבע 200 מ''ל</ItemName><ManufacturerName>פרילי</ManufacturerName><ManufactureCountry>ישראל</ManufactureCountry><ManufacturerItemDescription>טבעגורט-יוגורט עם גרנולה2</ManufacturerItemDescription><SoldByWeight/><Quantity>200.00</Quantity><UnitOfMeasure>מ"ל</UnitOfMeasure><QtyInPackage>לא ידוע</QtyInPackage><UnitOfMeasurePrice>0.0265</UnitOfMeasurePrice><AllowDiscount>1</AllowDiscount><ItemStatus>1</ItemStatus><ItemPrice>5.30</ItemPrice></item><item><PriceUpdateDate>2015-10-13 09:47:56</PriceUpdateDate><ItemCode>72964422</ItemCode><ItemType>1</ItemType><ItemName>יוגורט 200 מ"ל</ItemName><ManufacturerName>חלב תנובה</ManufacturerName><ManufactureCountry>ישראל</ManufactureCountry><ManufacturerItemDescription>יוגורט200-4% מל</ManufacturerItemDescription><SoldByWeight/><Quantity>200.00</Quantity><UnitOfMeasure>מ"ל</UnitOfMeasure><QtyInPackage>לא ידוע</QtyInPackage><UnitOfMeasurePrice>0.0145</UnitOfMeasurePrice><AllowDiscount>1</AllowDiscount><ItemStatus>1</ItemStatus><ItemPrice>2.90</ItemPrice></item><item><PriceUpdateDate>2015-10-13 09:47:56</PriceUpdateDate><ItemCode>72983225</ItemCode><ItemType>1</ItemType><ItemName>מילקי הפוך 123 מ''ל</ItemName><ManufacturerName>מילקי</ManufacturerName><ManufactureCountry>ישראל</ManufactureCountry><ManufacturerItemDescription>מילקי הפוך 123 מ''ל</ManufacturerItemDescription><SoldByWeight/><Quantity>123.00</Quantity><UnitOfMeasure>מ"ל</UnitOfMeasure><QtyInPackage>לא ידוע</QtyInPackage><UnitOfMeasurePrice>0.0317</UnitOfMeasurePrice><AllowDiscount>1</AllowDiscount><ItemStatus>1</ItemStatus><ItemPrice>3.90</ItemPrice></item><item><PriceUpdateDate>2016-08-03 07:24:08</PriceUpdateDate><ItemCode>72983416</ItemCode><ItemType>1</ItemType><ItemName>ס.אל אם בלו ארוך בוק</ItemName><ManufacturerName>אל אם</ManufacturerName><ManufactureCountry>ארצות הברית</ManufactureCountry><ManufacturerItemDescription>סיגריות L.M בלו לייבל ארו</ManufacturerItemDescription><SoldByWeight/><Quantity>0.00</Quantity><UnitOfMeasure>יח'</UnitOfMeasure><QtyInPackage>לא ידוע</QtyInPackage><UnitOfMeasurePrice>0.0000</UnitOfMeasurePrice><AllowDiscount>1</AllowDiscount><ItemStatus>1</ItemStatus><ItemPrice>30.50</ItemPrice></item><item><PriceUpdateDate>2016-05-05 12:30:14</PriceUpdateDate><ItemCode>72986370</ItemCode><ItemType>1</ItemType><ItemName>גלידה וניל צרפתי 500</ItemName><ManufacturerName>בן&amp;גריס</ManufacturerName><ManufactureCountry>ישראל</ManufactureCountry><ManufacturerItemDescription>גלידה וניל צרפתי 500 מל</ManufacturerItemDescription><SoldByWeight/><Quantity>500.00</Quantity><UnitOfMeasure>מ"ל</UnitOfMeasure><QtyInPackage>לא ידוע</QtyInPackage><UnitOfMeasurePrice>0.0398</UnitOfMeasurePrice><AllowDiscount>1</AllowDiscount><ItemStatus>1</ItemStatus><ItemPrice>19.90</ItemPrice></item><item><PriceUpdateDate>2016-05-01 07:22:54</PriceUpdateDate><ItemCode>72986424</ItemCode><ItemType>1</ItemType><ItemName>גלידה וקרם עוגיות 50</ItemName><ManufacturerName>בן&amp;גריס</ManufacturerName><ManufactureCountry>ישראל</ManufactureCountry><ManufacturerItemDescription>גלידה קרם עוגיות 500 מל</ManufacturerItemDescription><SoldByWeight/><Quantity>500.00</Quantity><UnitOfMeasure>מ"ל</UnitOfMeasure><QtyInPackage>לא ידוע</QtyInPackage><UnitOfMeasurePrice>0.0398</UnitOfMeasurePrice><AllowDiscount>1</AllowDiscount><ItemStatus>1</ItemStatus><ItemPrice>19.90</ItemPrice></item><item><PriceUpdateDate>2016-05-05 12:30:14</PriceUpdateDate><ItemCode>72986479</ItemCode><ItemType>1</ItemType><ItemName>גלידה צאנקי מנקי 500</ItemName><ManufacturerName>בן&amp;גריס</ManufacturerName><ManufactureCountry>ישראל</ManufactureCountry><ManufacturerItemDescription>גלידה צינקי מונקי 500 מל</ManufacturerItemDescription><SoldByWeight/><Quantity>500.00</Quantity><UnitOfMeasure>מ"ל</UnitOfMeasure><QtyInPackage>לא ידוע</QtyInPackage><UnitOfMeasurePrice>0.0398</UnitOfMeasurePrice><AllowDiscount>1</AllowDiscount><ItemStatus>1</ItemStatus><ItemPrice>19.90</ItemPrice></item><item><PriceUpdateDate>2015-10-13 09:47:57</PriceUpdateDate><ItemCode>72991008</ItemCode><ItemType>1</ItemType><ItemName>פסק זמן קלאסי מגדים</ItemName><ManufacturerName>עלית</ManufacturerName><ManufactureCountry>ישראל</ManufactureCountry><ManufacturerItemDescription>פסק זמן קלאסי מגדים</ManufacturerItemDescription><SoldByWeight/><Quantity>45.00</Quantity><UnitOfMeasure>גרם     </UnitOfMeasure><QtyInPackage>לא ידוע</QtyInPackage><UnitOfMeasurePrice>0.1356</UnitOfMeasurePrice><AllowDiscount>1</AllowDiscount><ItemStatus>1</ItemStatus><ItemPrice>6.10</ItemPrice></item><item><PriceUpdateDate>2016-08-03 07:24:09</PriceUpdateDate><ItemCode>72991381</ItemCode><ItemType>1</ItemType><ItemName>ס.טיים ארוך בודד</ItemName><ManufacturerName>טיים</ManufacturerName><ManufactureCountry>ישראל</ManufactureCountry><ManufacturerItemDescription>סיגריות טיים RED 100 בודד</ManufacturerItemDescription><SoldByWeight/><Quantity>0.00</Quantity><UnitOfMeasure>יח'</UnitOfMeasure><QtyInPackage>לא ידוע</QtyInPackage><UnitOfMeasurePrice>0.0000</UnitOfMeasurePrice><AllowDiscount>1</AllowDiscount><ItemStatus>1</ItemStatus><ItemPrice>27.90</ItemPrice></item><item><PriceUpdateDate>2016-05-05 12:30:14</PriceUpdateDate><ItemCode>72991886</ItemCode><ItemType>1</ItemType><ItemName>גלידהריבת חלב 500 מ"</ItemName><ManufacturerName>בן&amp;גריס</ManufacturerName><ManufactureCountry>ישראל</ManufactureCountry><ManufacturerItemDescription>גלידת ריבת חלב500  מל</ManufacturerItemDescription><SoldByWeight/><Quantity>500.00</Quantity><UnitOfMeasure>מ"ל</UnitOfMeasure><QtyInPackage>לא ידוע</QtyInPackage><UnitOfMeasurePrice>0.0398</UnitOfMeasurePrice><AllowDiscount>1</AllowDiscount><ItemStatus>1</ItemStatus><ItemPrice>19.90</ItemPrice></item><item><PriceUpdateDate>2015-10-13 09:47:57</PriceUpdateDate><ItemCode>72992357</ItemCode><ItemType>1</ItemType><ItemName>פסק זמן ביג בייט קלא</ItemName><ManufacturerName>פסק זמן</ManufacturerName><ManufactureCountry>ישראל</ManufactureCountry><ManufacturerItemDescription>חטיף פסק זמן ביג בייט 52</ManufacturerItemDescription><SoldByWeight/><Quantity>45.00</Quantity><UnitOfMeasure>גרם     </UnitOfMeasure><QtyInPackage>לא ידוע</QtyInPackage><UnitOfMeasurePrice>0.1356</UnitOfMeasurePrice><AllowDiscount>1</AllowDiscount><ItemStatus>1</ItemStatus><ItemPrice>6.10</ItemPrice></item><item><PriceUpdateDate>2015-10-13 09:47:57</PriceUpdateDate><ItemCode>72993637</ItemCode><ItemType>1</ItemType><ItemName>מעדן דני 125 גרם</ItemName><ManufacturerName>דני</ManufacturerName><ManufactureCountry>ישראל</ManufactureCountry><ManufacturerItemDescription>מעדן דני שוקולד 125 גרם</ManufacturerItemDescription><SoldByWeight/><Quantity>125.00</Quantity><UnitOfMeasure>מ"ל</UnitOfMeasure><QtyInPackage>לא ידוע</QtyInPackage><UnitOfMeasurePrice>0.0216</UnitOfMeasurePrice><AllowDiscount>1</AllowDiscount><ItemStatus>1</ItemStatus><ItemPrice>2.70</ItemPrice></item><item><PriceUpdateDate>2015-10-13 09:47:57</PriceUpdateDate><ItemCode>72993767</ItemCode><ItemType>1</ItemType><ItemName>פסק זמן גלילית אגוזי</ItemName><ManufacturerName>פסק זמן</ManufacturerName><ManufactureCountry>ישראל</ManufactureCountry><ManufacturerItemDescription>פסק זמן גלילית אגוזי</ManufacturerItemDescription><SoldByWeight/><Quantity>40.00</Quantity><UnitOfMeasure>גרם     </UnitOfMeasure><QtyInPackage>לא ידוע</QtyInPackage><UnitOfMeasurePrice>0.1525</UnitOfMeasurePrice><AllowDiscount>1</AllowDiscount><ItemStatus>1</ItemStatus><ItemPrice>6.10</ItemPrice></item><item><PriceUpdateDate>2015-10-13 09:47:57</PriceUpdateDate><ItemCode>72993781</ItemCode><ItemType>1</ItemType><ItemName>פסק זמן גלילית לבן 4</ItemName><ManufacturerName>פסק זמן</ManufacturerName><ManufactureCountry>ישראל</ManufactureCountry><ManufacturerItemDescription>פסק זמן גלילית לבן 4</ManufacturerItemDescription><SoldByWeight/><Quantity>40.00</Quantity><UnitOfMeasure>גרם     </UnitOfMeasure><QtyInPackage>לא ידוע</QtyInPackage><UnitOfMeasurePrice>0.1525</UnitOfMeasurePrice><AllowDiscount>1</AllowDiscount><ItemStatus>1</ItemStatus><ItemPrice>6.10</ItemPrice></item><item><PriceUpdateDate>2016-08-03 07:24:09</PriceUpdateDate><ItemCode>72993927</ItemCode><ItemType>1</ItemType><ItemName>ס.נקסט 100 בודד</ItemName><ManufacturerName>נקסט-סיגריות</ManufacturerName><ManufactureCountry>ארצות הברית</ManufactureCountry><ManufacturerItemDescription>סיגריות נקסט ארוך בודד</ManufacturerItemDescription><SoldByWeight/><Quantity>0.00</Quantity><UnitOfMeasure>יח'</UnitOfMeasure><QtyInPackage>לא ידוע</QtyInPackage><UnitOfMeasurePrice>0.0000</UnitOfMeasurePrice><AllowDiscount>1</AllowDiscount><ItemStatus>1</ItemStatus><ItemPrice>27.90</ItemPrice></item><item><PriceUpdateDate>2016-06-28 06:24:05</PriceUpdateDate><ItemCode>7501064191466</ItemCode><ItemType>1</ItemType><ItemName>מב בירה קורונה שישיי</ItemName><ManufacturerName>קורונה</ManufacturerName><ManufactureCountry>ישראל</ManufactureCountry><ManufacturerItemDescription>שישית בירה קורונה אקסטרא</ManufacturerItemDescription><SoldByWeight/><Quantity>2130.00</Quantity><UnitOfMeasure>מ"ל</UnitOfMeasure><QtyInPackage>לא ידוע</QtyInPackage><UnitOfMeasurePrice>0.0234</UnitOfMeasurePrice><AllowDiscount>1</AllowDiscount><ItemStatus>1</ItemStatus><ItemPrice>49.90</ItemPrice></item><item><PriceUpdateDate>2016-08-02 06:36:49</PriceUpdateDate><ItemCode>7613032045753</ItemCode><ItemType>1</ItemType><ItemName>מב פיטנס שוקולד 375</ItemName><ManufacturerName>פיטנס</ManufacturerName><ManufactureCountry>ישראל</ManufactureCountry><ManufacturerItemDescription>מב פיטנס שוקולד 375</ManufacturerItemDescription><SoldByWeight/><Quantity>375.00</Quantity><UnitOfMeasure>גרם     </UnitOfMeasure><QtyInPackage>לא ידוע</QtyInPackage><UnitOfMeasurePrice>0.0477</UnitOfMeasurePrice><AllowDiscount>1</AllowDiscount><ItemStatus>1</ItemStatus><ItemPrice>17.90</ItemPrice></item><item><PriceUpdateDate>2015-10-22 09:59:46</PriceUpdateDate><ItemCode>7613033539800</ItemCode><ItemType>1</ItemType><ItemName>מטרנה מחית סלט פירות</ItemName><ManufacturerName>מטרנה</ManufacturerName><ManufactureCountry>ישראל</ManufactureCountry><ManufacturerItemDescription>מטרנה מחית סלט פירות</ManufacturerItemDescription><SoldByWeight/><Quantity>190.00</Quantity><UnitOfMeasure>גרם     </UnitOfMeasure><QtyInPackage>לא ידוע</QtyInPackage><UnitOfMeasurePrice>0.0363</UnitOfMeasurePrice><AllowDiscount>1</AllowDiscount><ItemStatus>1</ItemStatus><ItemPrice>6.90</ItemPrice></item><item><PriceUpdateDate>2016-08-02 06:32:00</PriceUpdateDate><ItemCode>7613035548374</ItemCode><ItemType>1</ItemType><ItemName>מב דגני בוקר גולדן מ</ItemName><ManufacturerName>נסטלה</ManufacturerName><ManufactureCountry>פולין</ManufactureCountry><ManufacturerItemDescription>הוטפופ מלח      ח100*5ג</ManufacturerItemDescription><SoldByWeight/><Quantity>570.00</Quantity><UnitOfMeasure>גרם     </UnitOfMeasure><QtyInPackage>לא ידוע</QtyInPackage><UnitOfMeasurePrice>0.0332</UnitOfMeasurePrice><AllowDiscount>1</AllowDiscount><ItemStatus>1</ItemStatus><ItemPrice>18.90</ItemPrice></item><item><PriceUpdateDate>2016-02-11 07:53:22</PriceUpdateDate><ItemCode>7613035571587</ItemCode><ItemType>1</ItemType><ItemName>מאגדת קיט קט רביעיות</ItemName><ManufacturerName>גלידות נסטלה</ManufacturerName><ManufactureCountry>לא ידוע</ManufactureCountry><ManufacturerItemDescription>מאגדת קיט קט רביעיות</ManufacturerItemDescription><SoldByWeight/><Quantity>272.00</Quantity><UnitOfMeasure>גרם     </UnitOfMeasure><QtyInPackage>לא ידוע</QtyInPackage><UnitOfMeasurePrice>0.1099</UnitOfMeasurePrice><AllowDiscount>1</AllowDiscount><ItemStatus>1</ItemStatus><ItemPrice>29.90</ItemPrice></item><item><PriceUpdateDate>2016-05-17 17:39:04</PriceUpdateDate><ItemCode>7622300617820</ItemCode><ItemType>1</ItemType><ItemName>שוקולד מילקה אוראו 1</ItemName><ManufacturerName>מילקה</ManufacturerName><ManufactureCountry>גרמניה</ManufactureCountry><ManufacturerItemDescription>שוקולד מילקה אוראו 100 גר</ManufacturerItemDescription><SoldByWeight/><Quantity>100.00</Quantity><UnitOfMeasure>גרם     </UnitOfMeasure><QtyInPackage>לא ידוע</QtyInPackage><UnitOfMeasurePrice>0.0890</UnitOfMeasurePrice><AllowDiscount>1</AllowDiscount><ItemStatus>1</ItemStatus><ItemPrice>8.90</ItemPrice></item><item><PriceUpdateDate>2016-03-29 06:06:50</PriceUpdateDate><ItemCode>7622400013423</ItemCode><ItemType>1</ItemType><ItemName>שוקולד קוטדור 86% קק</ItemName><ManufacturerName>קוטדור</ManufacturerName><ManufactureCountry>בלגיה</ManufactureCountry><ManufacturerItemDescription>שוקולד קוטדור   קאו100גר</ManufacturerItemDescription><SoldByWeight/><Quantity>100.00</Quantity><UnitOfMeasure>גרם     </UnitOfMeasure><QtyInPackage>לא ידוע</QtyInPackage><UnitOfMeasurePrice>0.1490</UnitOfMeasurePrice><AllowDiscount>1</AllowDiscount><ItemStatus>1</ItemStatus><ItemPrice>14.90</ItemPrice></item><item><PriceUpdateDate>2016-05-01 07:22:55</PriceUpdateDate><ItemCode>76840220267</ItemCode><ItemType>1</ItemType><ItemName>גלידת יוגורט יווני ע</ItemName><ManufacturerName>בן&amp;גריס</ManufacturerName><ManufactureCountry>ישראל</ManufactureCountry><ManufacturerItemDescription>גלידת יוגורט חמאת בוטנים</ManufacturerItemDescription><SoldByWeight/><Quantity>473.00</Quantity><UnitOfMeasure>מ"ל</UnitOfMeasure><QtyInPackage>לא ידוע</QtyInPackage><UnitOfMeasurePrice>0.0421</UnitOfMeasurePrice><AllowDiscount>1</AllowDiscount><ItemStatus>1</ItemStatus><ItemPrice>19.90</ItemPrice></item><item><PriceUpdateDate>2016-06-28 06:24:05</PriceUpdateDate><ItemCode>7702174073783</ItemCode><ItemType>1</ItemType><ItemName>מב לקקן פין פופ טעם</ItemName><ManufacturerName>אלדור</ManufacturerName><ManufactureCountry>ישראל</ManufactureCountry><ManufacturerItemDescription>מב לקקן פין פופ טעם</ManufacturerItemDescription><SoldByWeight/><Quantity>180.00</Quantity><UnitOfMeasure>גרם     </UnitOfMeasure><QtyInPackage>לא ידוע</QtyInPackage><UnitOfMeasurePrice>0.0439</UnitOfMeasurePrice><AllowDiscount>1</AllowDiscount><ItemStatus>1</ItemStatus><ItemPrice>7.90</ItemPrice></item><item><PriceUpdateDate>2015-12-01 06:49:04</PriceUpdateDate><ItemCode>77245110573</ItemCode><ItemType>1</ItemType><ItemName>סוכריות מאסט טעם יוג</ItemName><ManufacturerName>מאסט</ManufacturerName><ManufactureCountry>פולין</ManufactureCountry><ManufacturerItemDescription>סוכריות מאסט ללא סוכר יוג</ManufacturerItemDescription><SoldByWeight/><Quantity>0.00</Quantity><UnitOfMeasure>יח'</UnitOfMeasure><QtyInPackage>לא ידוע</QtyInPackage><UnitOfMeasurePrice>0.0000</UnitOfMeasurePrice><AllowDiscount>1</AllowDiscount><ItemStatus>1</ItemStatus><ItemPrice>8.90</ItemPrice></item><item><PriceUpdateDate>2015-12-01 06:49:04</PriceUpdateDate><ItemCode>77245110597</ItemCode><ItemType>1</ItemType><ItemName>סוכריות מאסט לימון ל</ItemName><ManufacturerName>מאסט</ManufacturerName><ManufactureCountry>פולין</ManufactureCountry><ManufacturerItemDescription>צבע לשיער גרנייהנד זהוב</ManufacturerItemDescription><SoldByWeight/><Quantity>80.00</Quantity><UnitOfMeasure>גרם     </UnitOfMeasure><QtyInPackage>לא ידוע</QtyInPackage><UnitOfMeasurePrice>0.1113</UnitOfMeasurePrice><AllowDiscount>1</AllowDiscount><ItemStatus>1</ItemStatus><ItemPrice>8.90</ItemPrice></item><item><PriceUpdateDate>2016-06-27 19:06:35</PriceUpdateDate><ItemCode>8000380004669</ItemCode><ItemType>1</ItemType><ItemName>וופל לואקר קקאו 200</ItemName><ManufacturerName>לואקר</ManufacturerName><ManufactureCountry>אוסטריה</ManufactureCountry><ManufacturerItemDescription>וופל לואקר קקאו 200 גרם</ManufacturerItemDescription><SoldByWeight/><Quantity>200.00</Quantity><UnitOfMeasure>גרם     </UnitOfMeasure><QtyInPackage>לא ידוע</QtyInPackage><UnitOfMeasurePrice>0.0745</UnitOfMeasurePrice><AllowDiscount>1</AllowDiscount><ItemStatus>1</ItemStatus><ItemPrice>14.90</ItemPrice></item><item><PriceUpdateDate>2016-05-05 12:30:40</PriceUpdateDate><ItemCode>8000380004911</ItemCode><ItemType>1</ItemType><ItemName>וופל קואדרטיני אגוז</ItemName><ManufacturerName>לואקר</ManufacturerName><ManufactureCountry>אוסטריה</ManufactureCountry><ManufacturerItemDescription>ופל קואדרטיני   אגוז250ג</ManufacturerItemDescription><SoldByWeight/><Quantity>250.00</Quantity><UnitOfMeasure>גרם     </UnitOfMeasure><QtyInPackage>לא ידוע</QtyInPackage><UnitOfMeasurePrice>0.0556</UnitOfMeasurePrice><AllowDiscount>1</AllowDiscount><ItemStatus>1</ItemStatus><ItemPrice>13.90</ItemPrice></item><item><PriceUpdateDate>2016-02-16 10:18:32</PriceUpdateDate><ItemCode>8000380007257</ItemCode><ItemType>1</ItemType><ItemName>וופל גרדנה 200 גרם</ItemName><ManufacturerName>לואקר</ManufacturerName><ManufactureCountry>איטליה</ManufactureCountry><ManufacturerItemDescription>חטיפי ביס גו פיטננה132גר</ManufacturerItemDescription><SoldByWeight/><Quantity>200.00</Quantity><UnitOfMeasure>גרם     </UnitOfMeasure><QtyInPackage>לא ידוע</QtyInPackage><UnitOfMeasurePrice>0.0795</UnitOfMeasurePrice><AllowDiscount>1</AllowDiscount><ItemStatus>1</ItemStatus><ItemPrice>15.90</ItemPrice></item><item><PriceUpdateDate>2016-06-27 19:06:35</PriceUpdateDate><ItemCode>8000380007264</ItemCode><ItemType>1</ItemType><ItemName>וופל לואקר קקאו 175</ItemName><ManufacturerName>לואקר</ManufacturerName><ManufactureCountry>אוסטריה</ManufactureCountry><ManufacturerItemDescription>וופל לואקר קקאו 175 גר</ManufacturerItemDescription><SoldByWeight/><Quantity>175.00</Quantity><UnitOfMeasure>גרם     </UnitOfMeasure><QtyInPackage>לא ידוע</QtyInPackage><UnitOfMeasurePrice>0.0737</UnitOfMeasurePrice><AllowDiscount>1</AllowDiscount><ItemStatus>1</ItemStatus><ItemPrice>12.90</ItemPrice></item><item><PriceUpdateDate>2016-06-27 19:06:35</PriceUpdateDate><ItemCode>8000380007271</ItemCode><ItemType>1</ItemType><ItemName>וופל לואקר חלב 175 ג</ItemName><ManufacturerName>לואקר</ManufacturerName><ManufactureCountry>ישראל</ManufactureCountry><ManufacturerItemDescription>וופל לואקר חלב 175 ג</ManufacturerItemDescription><SoldByWeight/><Quantity>175.00</Quantity><UnitOfMeasure>גרם     </UnitOfMeasure><QtyInPackage>לא ידוע</QtyInPackage><UnitOfMeasurePrice>0.0737</UnitOfMeasurePrice><AllowDiscount>1</AllowDiscount><ItemStatus>1</ItemStatus><ItemPrice>12.90</ItemPrice></item><item><PriceUpdateDate>2016-05-31 09:31:30</PriceUpdateDate><ItemCode>8000380106028</ItemCode><ItemType>1</ItemType><ItemName>טורטינה שישייה חלב 1</ItemName><ManufacturerName>לואקר</ManufacturerName><ManufactureCountry>איטליה</ManufactureCountry><ManufacturerItemDescription>טורטינה אורגינל</ManufacturerItemDescription><SoldByWeight/><Quantity>125.00</Quantity><UnitOfMeasure>גרם     </UnitOfMeasure><QtyInPackage>לא ידוע</QtyInPackage><UnitOfMeasurePrice>0.1704</UnitOfMeasurePrice><AllowDiscount>1</AllowDiscount><ItemStatus>1</ItemStatus><ItemPrice>21.30</ItemPrice></item><item><PriceUpdateDate>2016-05-05 12:30:40</PriceUpdateDate><ItemCode>8000380180745</ItemCode><ItemType>1</ItemType><ItemName>וופל קואדרטיני שוקו</ItemName><ManufacturerName>לואקר</ManufacturerName><ManufactureCountry>אוסטריה</ManufactureCountry><ManufacturerItemDescription>וופל קואדרטיני טירמיסו 22</ManufacturerItemDescription><SoldByWeight/><Quantity>250.00</Quantity><UnitOfMeasure>גרם     </UnitOfMeasure><QtyInPackage>לא ידוע</QtyInPackage><UnitOfMeasurePrice>0.0556</UnitOfMeasurePrice><AllowDiscount>1</AllowDiscount><ItemStatus>1</ItemStatus><ItemPrice>13.90</ItemPrice></item><item><PriceUpdateDate>2016-05-31 09:34:26</PriceUpdateDate><ItemCode>8000500029350</ItemCode><ItemType>1</ItemType><ItemName>מאגדת קינדר בואנו חל</ItemName><ManufacturerName>קינדר בואנו</ManufacturerName><ManufactureCountry>פולין</ManufactureCountry><ManufacturerItemDescription>דגנים גו פיט    וזי לוז</ManufacturerItemDescription><SoldByWeight/><Quantity>129.00</Quantity><UnitOfMeasure>גרם     </UnitOfMeasure><QtyInPackage>לא ידוע</QtyInPackage><UnitOfMeasurePrice>0.0969</UnitOfMeasurePrice><AllowDiscount>1</AllowDiscount><ItemStatus>1</ItemStatus><ItemPrice>12.50</ItemPrice></item><item><PriceUpdateDate>2016-06-27 19:15:25</PriceUpdateDate><ItemCode>8000500071083</ItemCode><ItemType>1</ItemType><ItemName>אצבעות שוקולד קינדר</ItemName><ManufacturerName>קינדר</ManufacturerName><ManufactureCountry>איטליה</ManufactureCountry><ManufacturerItemDescription>דגנים גו פיט    וקוס340ג</ManufacturerItemDescription><SoldByWeight/><Quantity>200.00</Quantity><UnitOfMeasure>גרם     </UnitOfMeasure><QtyInPackage>לא ידוע</QtyInPackage><UnitOfMeasurePrice>0.0795</UnitOfMeasurePrice><AllowDiscount>1</AllowDiscount><ItemStatus>1</ItemStatus><ItemPrice>15.90</ItemPrice></item><item><PriceUpdateDate>2016-05-31 09:34:26</PriceUpdateDate><ItemCode>8000500075708</ItemCode><ItemType>1</ItemType><ItemName>מארז ביצי קינדר ג'וי</ItemName><ManufacturerName>קינדר</ManufacturerName><ManufactureCountry>דרום אפריקה</ManufactureCountry><ManufacturerItemDescription>קינדר ג'וי כחול כחול20*3</ManufacturerItemDescription><SoldByWeight/><Quantity>0.00</Quantity><UnitOfMeasure>יח'</UnitOfMeasure><QtyInPackage>לא ידוע</QtyInPackage><UnitOfMeasurePrice>0.0000</UnitOfMeasurePrice><AllowDiscount>1</AllowDiscount><ItemStatus>1</ItemStatus><ItemPrice>14.50</ItemPrice></item><item><PriceUpdateDate>2016-05-31 09:34:26</PriceUpdateDate><ItemCode>8000500126325</ItemCode><ItemType>1</ItemType><ItemName>מארז ביצי קינדר ג'וי</ItemName><ManufacturerName>קינדר</ManufacturerName><ManufactureCountry>דרום אפריקה</ManufactureCountry><ManufacturerItemDescription>קינדר ג'וי ורוד ורוד20*3</ManufacturerItemDescription><SoldByWeight/><Quantity>0.00</Quantity><UnitOfMeasure>יח'</UnitOfMeasure><QtyInPackage>לא ידוע</QtyInPackage><UnitOfMeasurePrice>0.0000</UnitOfMeasurePrice><AllowDiscount>1</AllowDiscount><ItemStatus>1</ItemStatus><ItemPrice>14.50</ItemPrice></item><item><PriceUpdateDate>2016-06-27 19:06:35</PriceUpdateDate><ItemCode>8002450201008</ItemCode><ItemType>1</ItemType><ItemName>יין ורדי רספברי מבעב</ItemName><ManufacturerName>ורדי</ManufacturerName><ManufactureCountry>איטליה</ManufactureCountry><ManufacturerItemDescription>מרכך דאב        גום 400מ</ManufacturerItemDescription><SoldByWeight/><Quantity>750.00</Quantity><UnitOfMeasure>מ"ל</UnitOfMeasure><QtyInPackage>לא ידוע</QtyInPackage><UnitOfMeasurePrice>0.0399</UnitOfMeasurePrice><AllowDiscount>1</AllowDiscount><ItemStatus>1</ItemStatus><ItemPrice>29.90</ItemPrice></item><item><PriceUpdateDate>2016-06-27 19:06:35</PriceUpdateDate><ItemCode>8002450209004</ItemCode><ItemType>1</ItemType><ItemName>יין ורדי רוזה מבעבע</ItemName><ManufacturerName>ורדי</ManufacturerName><ManufactureCountry>איטליה</ManufactureCountry><ManufacturerItemDescription>מרכך דאב        גום 400מ</ManufacturerItemDescription><SoldByWeight/><Quantity>750.00</Quantity><UnitOfMeasure>מ"ל</UnitOfMeasure><QtyInPackage>לא ידוע</QtyInPackage><UnitOfMeasurePrice>0.0399</UnitOfMeasurePrice><AllowDiscount>1</AllowDiscount><ItemStatus>1</ItemStatus><ItemPrice>29.90</ItemPrice></item><item><PriceUpdateDate>2016-08-02 06:36:49</PriceUpdateDate><ItemCode>8002594003186</ItemCode><ItemType>1</ItemType><ItemName>מב עלים לקרמשניט 300</ItemName><ManufacturerName>לא ממותג</ManufacturerName><ManufactureCountry>ישראל</ManufactureCountry><ManufacturerItemDescription>עלים לעוגת קרם שניט 400</ManufacturerItemDescription><SoldByWeight/><Quantity>300.00</Quantity><UnitOfMeasure>גרם     </UnitOfMeasure><QtyInPackage>לא ידוע</QtyInPackage><UnitOfMeasurePrice>0.0497</UnitOfMeasurePrice><AllowDiscount>1</AllowDiscount><ItemStatus>1</ItemStatus><ItemPrice>14.90</ItemPrice></item><item><PriceUpdateDate>2016-08-02 06:36:49</PriceUpdateDate><ItemCode>8004030026018</ItemCode><ItemType>1</ItemType><ItemName>מב ריו מארה אינסלטיס</ItemName><ManufacturerName>ריו מרה</ManufacturerName><ManufactureCountry>ישראל</ManufactureCountry><ManufacturerItemDescription>מב ריו מארה אינסלטיס</ManufacturerItemDescription><SoldByWeight/><Quantity>160.00</Quantity><UnitOfMeasure>גרם     </UnitOfMeasure><QtyInPackage>לא ידוע</QtyInPackage><UnitOfMeasurePrice>0.0931</UnitOfMeasurePrice><AllowDiscount>1</AllowDiscount><ItemStatus>1</ItemStatus><ItemPrice>14.90</ItemPrice></item><item><PriceUpdateDate>2016-08-02 06:32:01</PriceUpdateDate><ItemCode>8004030044005</ItemCode><ItemType>1</ItemType><ItemName>טונה ריו מארה בשמן ז</ItemName><ManufacturerName>לא ידוע</ManufacturerName><ManufactureCountry>איטליה</ManufactureCountry><ManufacturerItemDescription>טונה בשמן זית 160 ריומרה1</ManufacturerItemDescription><SoldByWeight/><Quantity>112.00</Quantity><UnitOfMeasure>גרם     </UnitOfMeasure><QtyInPackage>לא ידוע</QtyInPackage><UnitOfMeasurePrice>0.1777</UnitOfMeasurePrice><AllowDiscount>1</AllowDiscount><ItemStatus>1</ItemStatus><ItemPrice>19.90</ItemPrice></item><item><PriceUpdateDate>2016-08-02 06:32:01</PriceUpdateDate><ItemCode>8004030081024</ItemCode><ItemType>1</ItemType><ItemName>טונה ריו מארה בשמן ז</ItemName><ManufacturerName>ריו מרה</ManufacturerName><ManufactureCountry>איטליה</ManufactureCountry><ManufacturerItemDescription>גלייד מטהר אוויר3 מל</ManufacturerItemDescription><SoldByWeight/><Quantity>112.00</Quantity><UnitOfMeasure>גרם     </UnitOfMeasure><QtyInPackage>לא ידוע</QtyInPackage><UnitOfMeasurePrice>0.1777</UnitOfMeasurePrice><AllowDiscount>1</AllowDiscount><ItemStatus>1</ItemStatus><ItemPrice>19.90</ItemPrice></item><item><PriceUpdateDate>2016-05-23 06:58:19</PriceUpdateDate><ItemCode>8004860640026</ItemCode><ItemType>1</ItemType><ItemName>בישקוטים פריכים 200</ItemName><ManufacturerName>ק.א.שוקולד</ManufacturerName><ManufactureCountry>ישראל</ManufactureCountry><ManufacturerItemDescription>בישקוטים פריכים 200</ManufacturerItemDescription><SoldByWeight/><Quantity>200.00</Quantity><UnitOfMeasure>גרם     </UnitOfMeasure><QtyInPackage>לא ידוע</QtyInPackage><UnitOfMeasurePrice>0.0325</UnitOfMeasurePrice><AllowDiscount>1</AllowDiscount><ItemStatus>1</ItemStatus><ItemPrice>6.50</ItemPrice></item><item><PriceUpdateDate>2015-10-13 09:48:50</PriceUpdateDate><ItemCode>8005200496525</ItemCode><ItemType>1</ItemType><ItemName>נסטי בטעם אפרסק 1.5</ItemName><ManufacturerName>נסטי</ManufacturerName><ManufactureCountry>ישראל</ManufactureCountry><ManufacturerItemDescription>נסטי אפרסק      יטר</ManufacturerItemDescription><SoldByWeight/><Quantity>1500.00</Quantity><UnitOfMeasure>מ"ל</UnitOfMeasure><QtyInPackage>לא ידוע</QtyInPackage><UnitOfMeasurePrice>0.0054</UnitOfMeasurePrice><AllowDiscount>1</AllowDiscount><ItemStatus>1</ItemStatus><ItemPrice>8.10</ItemPrice></item><item><PriceUpdateDate>2015-10-13 09:48:50</PriceUpdateDate><ItemCode>8005200536528</ItemCode><ItemType>1</ItemType><ItemName>נסטי בטעם מנגו אננס</ItemName><ManufacturerName>נסטי</ManufacturerName><ManufactureCountry>ישראל</ManufactureCountry><ManufacturerItemDescription>נסטי מנגו אננס  1. ליטר</ManufacturerItemDescription><SoldByWeight/><Quantity>1500.00</Quantity><UnitOfMeasure>מ"ל</UnitOfMeasure><QtyInPackage>לא ידוע</QtyInPackage><UnitOfMeasurePrice>0.0054</UnitOfMeasurePrice><AllowDiscount>1</AllowDiscount><ItemStatus>1</ItemStatus><ItemPrice>8.10</ItemPrice></item><item><PriceUpdateDate>2015-10-13 09:48:50</PriceUpdateDate><ItemCode>8005200556526</ItemCode><ItemType>1</ItemType><ItemName>נסטי בטעם לימון 1.5</ItemName><ManufacturerName>נסטי</ManufacturerName><ManufactureCountry>ישראל</ManufactureCountry><ManufacturerItemDescription>נסטי בטעם לימון 1.5</ManufacturerItemDescription><SoldByWeight/><Quantity>1500.00</Quantity><UnitOfMeasure>מ"ל</UnitOfMeasure><QtyInPackage>לא ידוע</QtyInPackage><UnitOfMeasurePrice>0.0054</UnitOfMeasurePrice><AllowDiscount>1</AllowDiscount><ItemStatus>1</ItemStatus><ItemPrice>8.10</ItemPrice></item><item><PriceUpdateDate>2015-10-13 09:48:50</PriceUpdateDate><ItemCode>8005200786527</ItemCode><ItemType>1</ItemType><ItemName>נסטי בטעם תפוח 1.5 ל</ItemName><ManufacturerName>נסטי</ManufacturerName><ManufactureCountry>ישראל</ManufactureCountry><ManufacturerItemDescription>נסטי בטעם תפוח 1.5 ל</ManufacturerItemDescription><SoldByWeight/><Quantity>1500.00</Quantity><UnitOfMeasure>מ"ל</UnitOfMeasure><QtyInPackage>לא ידוע</QtyInPackage><UnitOfMeasurePrice>0.0054</UnitOfMeasurePrice><AllowDiscount>1</AllowDiscount><ItemStatus>1</ItemStatus><ItemPrice>8.10</ItemPrice></item><item><PriceUpdateDate>2015-10-13 09:48:50</PriceUpdateDate><ItemCode>8008857200194</ItemCode><ItemType>1</ItemType><ItemName>פסטה רג'ייה ספגטי 50</ItemName><ManufacturerName>לא ממותג</ManufacturerName><ManufactureCountry>ישראל</ManufactureCountry><ManufacturerItemDescription>פסטה רג'ייה ספגטי 50</ManufacturerItemDescription><SoldByWeight/><Quantity>500.00</Quantity><UnitOfMeasure>גרם     </UnitOfMeasure><QtyInPackage>לא ידוע</QtyInPackage><UnitOfMeasurePrice>0.0100</UnitOfMeasurePrice><AllowDiscount>1</AllowDiscount><ItemStatus>1</ItemStatus><ItemPrice>5.00</ItemPrice></item><item><PriceUpdateDate>2015-10-13 09:48:50</PriceUpdateDate><ItemCode>8008857300344</ItemCode><ItemType>1</ItemType><ItemName>פסטה רג'ייה צינור 50</ItemName><ManufacturerName>לא ממותג</ManufacturerName><ManufactureCountry>ישראל</ManufactureCountry><ManufacturerItemDescription>פסטה רג'ייה צינור 50</ManufacturerItemDescription><SoldByWeight/><Quantity>500.00</Quantity><UnitOfMeasure>גרם     </UnitOfMeasure><QtyInPackage>לא ידוע</QtyInPackage><UnitOfMeasurePrice>0.0100</UnitOfMeasurePrice><AllowDiscount>1</AllowDiscount><ItemStatus>1</ItemStatus><ItemPrice>5.00</ItemPrice></item><item><PriceUpdateDate>2015-10-13 09:48:50</PriceUpdateDate><ItemCode>8008857300603</ItemCode><ItemType>1</ItemType><ItemName>פסטה רג'ייה קונכיה 5</ItemName><ManufacturerName>לא ממותג</ManufacturerName><ManufactureCountry>ישראל</ManufactureCountry><ManufacturerItemDescription>פסטה רג'ייה קונכיה 5</ManufacturerItemDescription><SoldByWeight/><Quantity>500.00</Quantity><UnitOfMeasure>גרם     </UnitOfMeasure><QtyInPackage>לא ידוע</QtyInPackage><UnitOfMeasurePrice>0.0100</UnitOfMeasurePrice><AllowDiscount>1</AllowDiscount><ItemStatus>1</ItemStatus><ItemPrice>5.00</ItemPrice></item><item><PriceUpdateDate>2016-03-16 13:26:03</PriceUpdateDate><ItemCode>80176800</ItemCode><ItemType>1</ItemType><ItemName>ממרח שוקולד נוטלה 75</ItemName><ManufacturerName>נוטלה</ManufacturerName><ManufactureCountry>פולין</ManufactureCountry><ManufacturerItemDescription>מסטיק מנטוס      90 גרם</ManufacturerItemDescription><SoldByWeight/><Quantity>750.00</Quantity><UnitOfMeasure>גרם     </UnitOfMeasure><QtyInPackage>לא ידוע</QtyInPackage><UnitOfMeasurePrice>0.0332</UnitOfMeasurePrice><AllowDiscount>1</AllowDiscount><ItemStatus>1</ItemStatus><ItemPrice>24.90</ItemPrice></item><item><PriceUpdateDate>2016-04-01 07:46:10</PriceUpdateDate><ItemCode>80177173</ItemCode><ItemType>1</ItemType><ItemName>ממרח שוקולד נוטלה 35</ItemName><ManufacturerName>פררו</ManufacturerName><ManufactureCountry>איטליה</ManufactureCountry><ManufacturerItemDescription>מסטיק מנטוס     ת מיקס90</ManufacturerItemDescription><SoldByWeight/><Quantity>350.00</Quantity><UnitOfMeasure>גרם     </UnitOfMeasure><QtyInPackage>לא ידוע</QtyInPackage><UnitOfMeasurePrice>0.0411</UnitOfMeasurePrice><AllowDiscount>1</AllowDiscount><ItemStatus>1</ItemStatus><ItemPrice>14.40</ItemPrice></item><item><PriceUpdateDate>2016-06-27 19:15:24</PriceUpdateDate><ItemCode>80177180</ItemCode><ItemType>1</ItemType><ItemName>חטיף קינדר קאנטרי 23</ItemName><ManufacturerName>קינדר</ManufacturerName><ManufactureCountry>איטליה</ManufactureCountry><ManufacturerItemDescription>שוקולד קינדר קאנטרי 23.5</ManufacturerItemDescription><SoldByWeight/><Quantity>24.00</Quantity><UnitOfMeasure>גרם     </UnitOfMeasure><QtyInPackage>לא ידוע</QtyInPackage><UnitOfMeasurePrice>0.1208</UnitOfMeasurePrice><AllowDiscount>1</AllowDiscount><ItemStatus>1</ItemStatus><ItemPrice>2.90</ItemPrice></item><item><PriceUpdateDate>2016-06-27 19:15:24</PriceUpdateDate><ItemCode>80177609</ItemCode><ItemType>1</ItemType><ItemName>אצבעות שוקולד קינדר</ItemName><ManufacturerName>קינדר</ManufacturerName><ManufactureCountry>איטליה</ManufactureCountry><ManufacturerItemDescription>שוקולד חלב ממולא קינדר50</ManufacturerItemDescription><SoldByWeight/><Quantity>50.00</Quantity><UnitOfMeasure>גרם     </UnitOfMeasure><QtyInPackage>לא ידוע</QtyInPackage><UnitOfMeasurePrice>0.0980</UnitOfMeasurePrice><AllowDiscount>1</AllowDiscount><ItemStatus>1</ItemStatus><ItemPrice>4.90</ItemPrice></item><item><PriceUpdateDate>2015-12-07 07:22:40</PriceUpdateDate><ItemCode>80765790</ItemCode><ItemType>1</ItemType><ItemName>מסטיק מנטוס 3D  אניג</ItemName><ManufacturerName>מנטוס</ManufacturerName><ManufactureCountry>ישראל</ManufactureCountry><ManufacturerItemDescription>מסטיק מנטוס 3D  יגמה33ג</ManufacturerItemDescription><SoldByWeight/><Quantity>33.00</Quantity><UnitOfMeasure>גרם     </UnitOfMeasure><QtyInPackage>לא ידוע</QtyInPackage><UnitOfMeasurePrice>0.2273</UnitOfMeasurePrice><AllowDiscount>1</AllowDiscount><ItemStatus>1</ItemStatus><ItemPrice>7.50</ItemPrice></item><item><PriceUpdateDate>2016-05-31 09:34:28</PriceUpdateDate><ItemCode>8076800195033</ItemCode><ItemType>1</ItemType><ItemName>ברילה ספגטיני מ''ס 3</ItemName><ManufacturerName>ברילה</ManufacturerName><ManufactureCountry>איטליה</ManufactureCountry><ManufacturerItemDescription>ג'לי בצורת תולעים 250 גר</ManufacturerItemDescription><SoldByWeight/><Quantity>500.00</Quantity><UnitOfMeasure>גרם     </UnitOfMeasure><QtyInPackage>לא ידוע</QtyInPackage><UnitOfMeasurePrice>0.0130</UnitOfMeasurePrice><AllowDiscount>1</AllowDiscount><ItemStatus>1</ItemStatus><ItemPrice>6.50</ItemPrice></item><item><PriceUpdateDate>2016-05-31 09:34:28</PriceUpdateDate><ItemCode>8076800195057</ItemCode><ItemType>1</ItemType><ItemName>ברילה פסטה ספגטיני מ</ItemName><ManufacturerName>ברילה</ManufacturerName><ManufactureCountry>איטליה</ManufactureCountry><ManufacturerItemDescription>ג'לי לבבות       250 גרם</ManufacturerItemDescription><SoldByWeight/><Quantity>500.00</Quantity><UnitOfMeasure>גרם     </UnitOfMeasure><QtyInPackage>לא ידוע</QtyInPackage><UnitOfMeasurePrice>0.0130</UnitOfMeasurePrice><AllowDiscount>1</AllowDiscount><ItemStatus>1</ItemStatus><ItemPrice>6.50</ItemPrice></item><item><PriceUpdateDate>2016-05-31 09:34:28</PriceUpdateDate><ItemCode>8076802085738</ItemCode><ItemType>1</ItemType><ItemName>ברילה פסטה פנה ריגטה</ItemName><ManufacturerName>ברילה</ManufacturerName><ManufactureCountry>איטליה</ManufactureCountry><ManufacturerItemDescription>פסטה ברילה פנה רגטה מס</ManufacturerItemDescription><SoldByWeight/><Quantity>500.00</Quantity><UnitOfMeasure>גרם     </UnitOfMeasure><QtyInPackage>לא ידוע</QtyInPackage><UnitOfMeasurePrice>0.0130</UnitOfMeasurePrice><AllowDiscount>1</AllowDiscount><ItemStatus>1</ItemStatus><ItemPrice>6.50</ItemPrice></item><item><PriceUpdateDate>2016-05-31 09:34:28</PriceUpdateDate><ItemCode>8076802085981</ItemCode><ItemType>1</ItemType><ItemName>ברילה פסטה פוזילי 50</ItemName><ManufacturerName>ברילה</ManufacturerName><ManufactureCountry>איטליה</ManufactureCountry><ManufacturerItemDescription>ג'לי קולה       25 גרם</ManufacturerItemDescription><SoldByWeight/><Quantity>500.00</Quantity><UnitOfMeasure>גרם     </UnitOfMeasure><QtyInPackage>לא ידוע</QtyInPackage><UnitOfMeasurePrice>0.0130</UnitOfMeasurePrice><AllowDiscount>1</AllowDiscount><ItemStatus>1</ItemStatus><ItemPrice>6.50</ItemPrice></item><item><PriceUpdateDate>2016-05-31 09:34:28</PriceUpdateDate><ItemCode>8076808060654</ItemCode><ItemType>1</ItemType><ItemName>ברילה פסטה פרפלה 500</ItemName><ManufacturerName>ברילה</ManufacturerName><ManufactureCountry>איטליה</ManufactureCountry><ManufacturerItemDescription>פסטה ברילה פרפלה מס</ManufacturerItemDescription><SoldByWeight/><Quantity>500.00</Quantity><UnitOfMeasure>גרם     </UnitOfMeasure><QtyInPackage>לא ידוע</QtyInPackage><UnitOfMeasurePrice>0.0130</UnitOfMeasurePrice><AllowDiscount>1</AllowDiscount><ItemStatus>1</ItemStatus><ItemPrice>6.50</ItemPrice></item><item><PriceUpdateDate>2016-05-31 09:34:29</PriceUpdateDate><ItemCode>8076809512268</ItemCode><ItemType>1</ItemType><ItemName>ברילה פסטה גירנדולה</ItemName><ManufacturerName>ברילה</ManufacturerName><ManufactureCountry>איטליה</ManufactureCountry><ManufacturerItemDescription>סבון נוזלי       לגבר500</ManufacturerItemDescription><SoldByWeight/><Quantity>500.00</Quantity><UnitOfMeasure>גרם     </UnitOfMeasure><QtyInPackage>לא ידוע</QtyInPackage><UnitOfMeasurePrice>0.0130</UnitOfMeasurePrice><AllowDiscount>1</AllowDiscount><ItemStatus>1</ItemStatus><ItemPrice>6.50</ItemPrice></item><item><PriceUpdateDate>2016-05-01 07:23:58</PriceUpdateDate><ItemCode>8076809513395</ItemCode><ItemType>1</ItemType><ItemName>ברילה רוטב פומודורו</ItemName><ManufacturerName>ברילה</ManufacturerName><ManufactureCountry>איטליה</ManufactureCountry><ManufacturerItemDescription>זוג מברשות      ט פחם</ManufacturerItemDescription><SoldByWeight/><Quantity>400.00</Quantity><UnitOfMeasure>גרם     </UnitOfMeasure><QtyInPackage>לא ידוע</QtyInPackage><UnitOfMeasurePrice>0.0380</UnitOfMeasurePrice><AllowDiscount>1</AllowDiscount><ItemStatus>1</ItemStatus><ItemPrice>15.20</ItemPrice></item><item><PriceUpdateDate>2016-05-01 07:23:58</PriceUpdateDate><ItemCode>8076809513739</ItemCode><ItemType>1</ItemType><ItemName>רוטב בזיליקום ברילה</ItemName><ManufacturerName>ברילה</ManufacturerName><ManufactureCountry>איטליה</ManufactureCountry><ManufacturerItemDescription>נוטרילון שלה1-  80 גרם</ManufacturerItemDescription><SoldByWeight/><Quantity>400.00</Quantity><UnitOfMeasure>גרם     </UnitOfMeasure><QtyInPackage>לא ידוע</QtyInPackage><UnitOfMeasurePrice>0.0380</UnitOfMeasurePrice><AllowDiscount>1</AllowDiscount><ItemStatus>1</ItemStatus><ItemPrice>15.20</ItemPrice></item><item><PriceUpdateDate>2016-08-02 06:36:50</PriceUpdateDate><ItemCode>8076809523738</ItemCode><ItemType>1</ItemType><ItemName>מב לזניה 500 גרם ברי</ItemName><ManufacturerName>ברילה</ManufacturerName><ManufactureCountry>איטליה</ManufactureCountry><ManufacturerItemDescription>משחת שיניים     ל100 מ"ל</ManufacturerItemDescription><SoldByWeight/><Quantity>500.00</Quantity><UnitOfMeasure>גרם     </UnitOfMeasure><QtyInPackage>לא ידוע</QtyInPackage><UnitOfMeasurePrice>0.0278</UnitOfMeasurePrice><AllowDiscount>1</AllowDiscount><ItemStatus>1</ItemStatus><ItemPrice>13.90</ItemPrice></item><item><PriceUpdateDate>2016-08-02 06:32:01</PriceUpdateDate><ItemCode>8076809529419</ItemCode><ItemType>1</ItemType><ItemName>ברילה ספגטי חיטה מלא</ItemName><ManufacturerName>ברילה</ManufacturerName><ManufactureCountry>איטליה</ManufactureCountry><ManufacturerItemDescription>משחת שיניים     בנה100מל</ManufacturerItemDescription><SoldByWeight/><Quantity>500.00</Quantity><UnitOfMeasure>גרם     </UnitOfMeasure><QtyInPackage>לא ידוע</QtyInPackage><UnitOfMeasurePrice>0.0306</UnitOfMeasurePrice><AllowDiscount>1</AllowDiscount><ItemStatus>1</ItemStatus><ItemPrice>15.30</ItemPrice></item><item><PriceUpdateDate>2015-11-17 14:36:13</PriceUpdateDate><ItemCode>8076809545464</ItemCode><ItemType>1</ItemType><ItemName>ברילה ספירילי ללא גל</ItemName><ManufacturerName>ברילה</ManufacturerName><ManufactureCountry>לא ידוע</ManufactureCountry><ManufacturerItemDescription>ברילה ספירילי ללא גל</ManufacturerItemDescription><SoldByWeight/><Quantity>400.00</Quantity><UnitOfMeasure>גרם     </UnitOfMeasure><QtyInPackage>לא ידוע</QtyInPackage><UnitOfMeasurePrice>0.0298</UnitOfMeasurePrice><AllowDiscount>1</AllowDiscount><ItemStatus>1</ItemStatus><ItemPrice>11.90</ItemPrice></item><item><PriceUpdateDate>2016-01-08 07:33:05</PriceUpdateDate><ItemCode>80828174</ItemCode><ItemType>1</ItemType><ItemName>מסטיק מנטוס ווייט בט</ItemName><ManufacturerName>מנטוס</ManufacturerName><ManufactureCountry>ישראל</ManufactureCountry><ManufacturerItemDescription>מסטיק מנטוס ויט טעם מנטה</ManufacturerItemDescription><SoldByWeight/><Quantity>60.00</Quantity><UnitOfMeasure>גרם     </UnitOfMeasure><QtyInPackage>לא ידוע</QtyInPackage><UnitOfMeasurePrice>0.1650</UnitOfMeasurePrice><AllowDiscount>1</AllowDiscount><ItemStatus>1</ItemStatus><ItemPrice>9.90</ItemPrice></item><item><PriceUpdateDate>2016-01-08 07:33:05</PriceUpdateDate><ItemCode>80850885</ItemCode><ItemType>1</ItemType><ItemName>מסטיק מנטוס ווייט בט</ItemName><ManufacturerName>מנטוס</ManufacturerName><ManufactureCountry>ישראל</ManufactureCountry><ManufacturerItemDescription>מסטיק מנטוס ויט טעם מנטה</ManufacturerItemDescription><SoldByWeight/><Quantity>60.00</Quantity><UnitOfMeasure>גרם     </UnitOfMeasure><QtyInPackage>לא ידוע</QtyInPackage><UnitOfMeasurePrice>0.1650</UnitOfMeasurePrice><AllowDiscount>1</AllowDiscount><ItemStatus>1</ItemStatus><ItemPrice>9.90</ItemPrice></item><item><PriceUpdateDate>2016-01-20 08:12:37</PriceUpdateDate><ItemCode>80859741</ItemCode><ItemType>1</ItemType><ItemName>בקבוקון מסטיק מנטוס</ItemName><ManufacturerName>מנטוס</ManufacturerName><ManufactureCountry>ישראל</ManufactureCountry><ManufacturerItemDescription>מנטוס וויט       מנטה60ג</ManufacturerItemDescription><SoldByWeight/><Quantity>60.00</Quantity><UnitOfMeasure>גרם     </UnitOfMeasure><QtyInPackage>לא ידוע</QtyInPackage><UnitOfMeasurePrice>0.1650</UnitOfMeasurePrice><AllowDiscount>1</AllowDiscount><ItemStatus>1</ItemStatus><ItemPrice>9.90</ItemPrice></item><item><PriceUpdateDate>2016-06-27 19:05:23</PriceUpdateDate><ItemCode>835811005940</ItemCode><ItemType>1</ItemType><ItemName>מגש הכסף אלומניום גד</ItemName><ManufacturerName>הנמל</ManufacturerName><ManufactureCountry>ישראל</ManufactureCountry><ManufacturerItemDescription>מגש הכסף אלומניום גד</ManufacturerItemDescription><SoldByWeight/><Quantity>0.00</Quantity><UnitOfMeasure>יח'</UnitOfMeasure><QtyInPackage>לא ידוע</QtyInPackage><UnitOfMeasurePrice>0.0000</UnitOfMeasurePrice><AllowDiscount>1</AllowDiscount><ItemStatus>1</ItemStatus><ItemPrice>12.90</ItemPrice></item><item><PriceUpdateDate>2015-11-17 07:38:03</PriceUpdateDate><ItemCode>835811007357</ItemCode><ItemType>1</ItemType><ItemName>סלטינות לבן 25 יח'</ItemName><ManufacturerName>הנמל</ManufacturerName><ManufactureCountry>ישראל</ManufactureCountry><ManufacturerItemDescription>סלטינות לבן 25 יח'</ManufacturerItemDescription><SoldByWeight/><Quantity>25.00</Quantity><UnitOfMeasure>בודד</UnitOfMeasure><QtyInPackage>לא ידוע</QtyInPackage><UnitOfMeasurePrice>0.3000</UnitOfMeasurePrice><AllowDiscount>1</AllowDiscount><ItemStatus>1</ItemStatus><ItemPrice>7.50</ItemPrice></item><item><PriceUpdateDate>2015-11-17 07:38:03</PriceUpdateDate><ItemCode>835811008132</ItemCode><ItemType>1</ItemType><ItemName>ספוגי מתכת שישייה</ItemName><ManufacturerName>הנמל</ManufacturerName><ManufactureCountry>ישראל</ManufactureCountry><ManufacturerItemDescription>ספוגי מתכת שישייה</ManufacturerItemDescription><SoldByWeight/><Quantity>0.00</Quantity><UnitOfMeasure>יח'</UnitOfMeasure><QtyInPackage>לא ידוע</QtyInPackage><UnitOfMeasurePrice>0.0000</UnitOfMeasurePrice><AllowDiscount>1</AllowDiscount><ItemStatus>1</ItemStatus><ItemPrice>10.90</ItemPrice></item><item><PriceUpdateDate>2015-01-27 06:47:37</PriceUpdateDate><ItemCode>835811008569</ItemCode><ItemType>1</ItemType><ItemName>קישוט לעוגה ולגלידה</ItemName><ManufacturerName>הנמל</ManufacturerName><ManufactureCountry>ישראל</ManufactureCountry><ManufacturerItemDescription>קישוט לעוגה ולגלידה</ManufacturerItemDescription><SoldByWeight/><Quantity>150.00</Quantity><UnitOfMeasure>גרם     </UnitOfMeasure><QtyInPackage>לא ידוע</QtyInPackage><UnitOfMeasurePrice>0.0873</UnitOfMeasurePrice><AllowDiscount>1</AllowDiscount><ItemStatus>1</ItemStatus><ItemPrice>13.10</ItemPrice></item><item><PriceUpdateDate>2016-08-10 11:21:40</PriceUpdateDate><ItemCode>835811008934</ItemCode><ItemType>1</ItemType><ItemName>מזלגות חד פעמי שקוף</ItemName><ManufacturerName>הנמל</ManufacturerName><ManufactureCountry>ישראל</ManufactureCountry><ManufacturerItemDescription>מזלגות חד פעמי שקוף</ManufacturerItemDescription><SoldByWeight/><Quantity>50.00</Quantity><UnitOfMeasure>בודד</UnitOfMeasure><QtyInPackage>לא ידוע</QtyInPackage><UnitOfMeasurePrice>0.2380</UnitOfMeasurePrice><AllowDiscount>1</AllowDiscount><ItemStatus>1</ItemStatus><ItemPrice>11.90</ItemPrice></item><item><PriceUpdateDate>2016-08-10 11:21:40</PriceUpdateDate><ItemCode>835811008941</ItemCode><ItemType>1</ItemType><ItemName>סכינים חד פעמי 50 יח</ItemName><ManufacturerName>הנמל</ManufacturerName><ManufactureCountry>ישראל</ManufactureCountry><ManufacturerItemDescription>סכינים חד פעמי 50 יח</ManufacturerItemDescription><SoldByWeight/><Quantity>50.00</Quantity><UnitOfMeasure>בודד</UnitOfMeasure><QtyInPackage>לא ידוע</QtyInPackage><UnitOfMeasurePrice>0.2380</UnitOfMeasurePrice><AllowDiscount>1</AllowDiscount><ItemStatus>1</ItemStatus><ItemPrice>11.90</ItemPrice></item><item><PriceUpdateDate>2016-08-10 11:21:40</PriceUpdateDate><ItemCode>835811008958</ItemCode><ItemType>1</ItemType><ItemName>כפיות חד פעמי שקוף 5</ItemName><ManufacturerName>הנמל</ManufacturerName><ManufactureCountry>ישראל</ManufactureCountry><ManufacturerItemDescription>כפיות חד פעמי שקוף 5</ManufacturerItemDescription><SoldByWeight/><Quantity>50.00</Quantity><UnitOfMeasure>בודד</UnitOfMeasure><QtyInPackage>לא ידוע</QtyInPackage><UnitOfMeasurePrice>0.2380</UnitOfMeasurePrice><AllowDiscount>1</AllowDiscount><ItemStatus>1</ItemStatus><ItemPrice>11.90</ItemPrice></item><item><PriceUpdateDate>2016-01-05 06:03:24</PriceUpdateDate><ItemCode>835811008996</ItemCode><ItemType>1</ItemType><ItemName>כוסות חד פעמי מקרטון</ItemName><ManufacturerName>הנמל</ManufacturerName><ManufactureCountry>ישראל</ManufactureCountry><ManufacturerItemDescription>כוסות חד פעמי מקרטון</ManufacturerItemDescription><SoldByWeight/><Quantity>1.00</Quantity><UnitOfMeasure>יח'</UnitOfMeasure><QtyInPackage>לא ידוע</QtyInPackage><UnitOfMeasurePrice>12.5000</UnitOfMeasurePrice><AllowDiscount>1</AllowDiscount><ItemStatus>1</ItemStatus><ItemPrice>12.50</ItemPrice></item><item><PriceUpdateDate>2016-08-02 06:36:05</PriceUpdateDate><ItemCode>835811009023</ItemCode><ItemType>1</ItemType><ItemName>מב כוסות חד פעמי מקר</ItemName><ManufacturerName>הנמל</ManufacturerName><ManufactureCountry>ישראל</ManufactureCountry><ManufacturerItemDescription>מב כוסות חד פעמי מקר</ManufacturerItemDescription><SoldByWeight/><Quantity>50.00</Quantity><UnitOfMeasure>יח'</UnitOfMeasure><QtyInPackage>לא ידוע</QtyInPackage><UnitOfMeasurePrice>0.1380</UnitOfMeasurePrice><AllowDiscount>1</AllowDiscount><ItemStatus>1</ItemStatus><ItemPrice>6.90</ItemPrice></item><item><PriceUpdateDate>2016-03-01 06:24:17</PriceUpdateDate><ItemCode>835811009405</ItemCode><ItemType>1</ItemType><ItemName>מגש חד פעמי  אובלי 2</ItemName><ManufacturerName>הנמל</ManufacturerName><ManufactureCountry>ישראל</ManufactureCountry><ManufacturerItemDescription>מגש חד פעמי  אובלי 2</ManufacturerItemDescription><SoldByWeight/><Quantity>25.00</Quantity><UnitOfMeasure>בודד</UnitOfMeasure><QtyInPackage>לא ידוע</QtyInPackage><UnitOfMeasurePrice>0.9520</UnitOfMeasurePrice><AllowDiscount>1</AllowDiscount><ItemStatus>1</ItemStatus><ItemPrice>23.80</ItemPrice></item><item><PriceUpdateDate>2016-05-31 09:31:31</PriceUpdateDate><ItemCode>8410076600622</ItemCode><ItemType>1</ItemType><ItemName>נייטשר וואלי קראנצ'י</ItemName><ManufacturerName>Nature Valley</ManufacturerName><ManufactureCountry>ספרד</ManufactureCountry><ManufacturerItemDescription>4 מברשות שיניים טרה קלין</ManufacturerItemDescription><SoldByWeight/><Quantity>210.00</Quantity><UnitOfMeasure>גרם     </UnitOfMeasure><QtyInPackage>לא ידוע</QtyInPackage><UnitOfMeasurePrice>0.0757</UnitOfMeasurePrice><AllowDiscount>1</AllowDiscount><ItemStatus>1</ItemStatus><ItemPrice>15.90</ItemPrice></item><item><PriceUpdateDate>2016-05-31 09:31:31</PriceUpdateDate><ItemCode>8410076610218</ItemCode><ItemType>1</ItemType><ItemName>נייטשר וואלי צ'ואי ש</ItemName><ManufacturerName>Nature Valley</ManufacturerName><ManufactureCountry>ארצות הברית</ManufactureCountry><ManufacturerItemDescription>2 מברשות שיניים יום 2 יח</ManufacturerItemDescription><SoldByWeight/><Quantity>150.00</Quantity><UnitOfMeasure>גרם     </UnitOfMeasure><QtyInPackage>לא ידוע</QtyInPackage><UnitOfMeasurePrice>0.1060</UnitOfMeasurePrice><AllowDiscount>1</AllowDiscount><ItemStatus>1</ItemStatus><ItemPrice>15.90</ItemPrice></item><item><PriceUpdateDate>2016-05-31 09:34:29</PriceUpdateDate><ItemCode>8410104045111</ItemCode><ItemType>1</ItemType><ItemName>מלח למדיח פיניש 2 ק'</ItemName><ManufacturerName>פיניש</ManufacturerName><ManufactureCountry>ישראל</ManufactureCountry><ManufacturerItemDescription>פיניש מלח למדיח 2 קג</ManufacturerItemDescription><SoldByWeight/><Quantity>2000.00</Quantity><UnitOfMeasure>מ"ל</UnitOfMeasure><QtyInPackage>לא ידוע</QtyInPackage><UnitOfMeasurePrice>0.0075</UnitOfMeasurePrice><AllowDiscount>1</AllowDiscount><ItemStatus>1</ItemStatus><ItemPrice>14.90</ItemPrice></item><item><PriceUpdateDate>2015-01-27 06:49:17</PriceUpdateDate><ItemCode>8410196051663</ItemCode><ItemType>1</ItemType><ItemName>וירג'יניאס עוגיות בי</ItemName><ManufacturerName>ק.א.שוקולד</ManufacturerName><ManufactureCountry>ספרד</ManufactureCountry><ManufacturerItemDescription>עוגיות ביסאן חיטה מלאה ל.</ManufacturerItemDescription><SoldByWeight/><Quantity>180.00</Quantity><UnitOfMeasure>גרם     </UnitOfMeasure><QtyInPackage>לא ידוע</QtyInPackage><UnitOfMeasurePrice>0.0661</UnitOfMeasurePrice><AllowDiscount>1</AllowDiscount><ItemStatus>1</ItemStatus><ItemPrice>11.90</ItemPrice></item><item><PriceUpdateDate>2015-11-17 14:36:13</PriceUpdateDate><ItemCode>8410376009392</ItemCode><ItemType>1</ItemType><ItemName>גולון ביסקוויט חיטה</ItemName><ManufacturerName>ק.א.שוקולד</ManufacturerName><ManufactureCountry>ספרד</ManufactureCountry><ManufacturerItemDescription>ביסקוויט ח.מלאה ללא סוכר</ManufacturerItemDescription><SoldByWeight/><Quantity>170.00</Quantity><UnitOfMeasure>גרם     </UnitOfMeasure><QtyInPackage>לא ידוע</QtyInPackage><UnitOfMeasurePrice>0.0776</UnitOfMeasurePrice><AllowDiscount>1</AllowDiscount><ItemStatus>1</ItemStatus><ItemPrice>13.20</ItemPrice></item><item><PriceUpdateDate>2016-01-05 06:04:42</PriceUpdateDate><ItemCode>8410376031898</ItemCode><ItemType>1</ItemType><ItemName>עוגיות סנדביץ וניל ג</ItemName><ManufacturerName>לא ממותג</ManufacturerName><ManufactureCountry>ישראל</ManufactureCountry><ManufacturerItemDescription>עוגיות סנדביץ וניל ג</ManufacturerItemDescription><SoldByWeight/><Quantity>176.00</Quantity><UnitOfMeasure>גרם     </UnitOfMeasure><QtyInPackage>לא ידוע</QtyInPackage><UnitOfMeasurePrice>0.0449</UnitOfMeasurePrice><AllowDiscount>1</AllowDiscount><ItemStatus>1</ItemStatus><ItemPrice>7.90</ItemPrice></item><item><PriceUpdateDate>2015-11-17 14:36:13</PriceUpdateDate><ItemCode>8410376037883</ItemCode><ItemType>1</ItemType><ItemName>גולון שוקולד צ'יפס ל</ItemName><ManufacturerName>ק.א.שוקולד</ManufacturerName><ManufactureCountry>ספרד</ManufactureCountry><ManufacturerItemDescription>גולן שוקו ציפס ל.גלוטן130</ManufacturerItemDescription><SoldByWeight/><Quantity>130.00</Quantity><UnitOfMeasure>גרם     </UnitOfMeasure><QtyInPackage>לא ידוע</QtyInPackage><UnitOfMeasurePrice>0.0862</UnitOfMeasurePrice><AllowDiscount>1</AllowDiscount><ItemStatus>1</ItemStatus><ItemPrice>11.20</ItemPrice></item><item><PriceUpdateDate>2016-05-05 12:30:15</PriceUpdateDate><ItemCode>856591000109</ItemCode><ItemType>1</ItemType><ItemName>עוגיות מזרחיות פריך</ItemName><ManufacturerName>עבדי</ManufacturerName><ManufactureCountry>ישראל</ManufactureCountry><ManufacturerItemDescription>ע.מזרחיות  פריך 400 גרם</ManufacturerItemDescription><SoldByWeight/><Quantity>400.00</Quantity><UnitOfMeasure>גרם     </UnitOfMeasure><QtyInPackage>לא ידוע</QtyInPackage><UnitOfMeasurePrice>0.0447</UnitOfMeasurePrice><AllowDiscount>1</AllowDiscount><ItemStatus>1</ItemStatus><ItemPrice>17.90</ItemPrice></item><item><PriceUpdateDate>2016-08-02 06:31:00</PriceUpdateDate><ItemCode>856591000536</ItemCode><ItemType>1</ItemType><ItemName>מיני מזרחיות בטעם גר</ItemName><ManufacturerName>עבאדי</ManufacturerName><ManufactureCountry>ישראל</ManufactureCountry><ManufacturerItemDescription>מיני מזרחיות בטעם גר</ManufacturerItemDescription><SoldByWeight/><Quantity>200.00</Quantity><UnitOfMeasure>גרם     </UnitOfMeasure><QtyInPackage>לא ידוע</QtyInPackage><UnitOfMeasurePrice>0.0660</UnitOfMeasurePrice><AllowDiscount>1</AllowDiscount><ItemStatus>1</ItemStatus><ItemPrice>13.20</ItemPrice></item><item><PriceUpdateDate>2016-08-02 06:31:00</PriceUpdateDate><ItemCode>856591000550</ItemCode><ItemType>1</ItemType><ItemName>מיני מזרחיות בטעם טב</ItemName><ManufacturerName>עבאדי</ManufacturerName><ManufactureCountry>ישראל</ManufactureCountry><ManufacturerItemDescription>מיני נשנוש חריף בקטנה</ManufacturerItemDescription><SoldByWeight/><Quantity>200.00</Quantity><UnitOfMeasure>גרם     </UnitOfMeasure><QtyInPackage>לא ידוע</QtyInPackage><UnitOfMeasurePrice>0.0660</UnitOfMeasurePrice><AllowDiscount>1</AllowDiscount><ItemStatus>1</ItemStatus><ItemPrice>13.20</ItemPrice></item><item><PriceUpdateDate>2016-08-02 06:36:05</PriceUpdateDate><ItemCode>856591000826</ItemCode><ItemType>1</ItemType><ItemName>מב קרקרס 140 גרם שיפ</ItemName><ManufacturerName>לא ממותג</ManufacturerName><ManufactureCountry>ישראל</ManufactureCountry><ManufacturerItemDescription>מב קרקרס 140 גרם שיפ</ManufacturerItemDescription><SoldByWeight/><Quantity>140.00</Quantity><UnitOfMeasure>גרם     </UnitOfMeasure><QtyInPackage>לא ידוע</QtyInPackage><UnitOfMeasurePrice>0.0779</UnitOfMeasurePrice><AllowDiscount>1</AllowDiscount><ItemStatus>1</ItemStatus><ItemPrice>10.90</ItemPrice></item><item><PriceUpdateDate>2016-03-16 13:26:10</PriceUpdateDate><ItemCode>8680763402017</ItemCode><ItemType>1</ItemType><ItemName>כוסות שתיה קרה ח.פ 1</ItemName><ManufacturerName>לא ממותג</ManufacturerName><ManufactureCountry>לא ידוע</ManufactureCountry><ManufacturerItemDescription>כוסות שתיה קרה ח.פ 1</ManufacturerItemDescription><SoldByWeight/><Quantity>100.00</Quantity><UnitOfMeasure>יח'</UnitOfMeasure><QtyInPackage>לא ידוע</QtyInPackage><UnitOfMeasurePrice>0.0390</UnitOfMeasurePrice><AllowDiscount>1</AllowDiscount><ItemStatus>1</ItemStatus><ItemPrice>3.90</ItemPrice></item><item><PriceUpdateDate>2016-05-11 12:02:57</PriceUpdateDate><ItemCode>8690520019907</ItemCode><ItemType>1</ItemType><ItemName>בירה אפס פילזנר  500</ItemName><ManufacturerName>לא ממותג</ManufacturerName><ManufactureCountry>ישראל</ManufactureCountry><ManufacturerItemDescription>בירה אפס פילזנר פחית 500</ManufacturerItemDescription><SoldByWeight/><Quantity>500.00</Quantity><UnitOfMeasure>מ"ל</UnitOfMeasure><QtyInPackage>לא ידוע</QtyInPackage><UnitOfMeasurePrice>0.0150</UnitOfMeasurePrice><AllowDiscount>1</AllowDiscount><ItemStatus>1</ItemStatus><ItemPrice>7.50</ItemPrice></item><item><PriceUpdateDate>2015-11-17 14:36:15</PriceUpdateDate><ItemCode>8690637073434</ItemCode><ItemType>1</ItemType><ItemName>תה ליפטון ארל גריי 1</ItemName><ManufacturerName>ליפטון</ManufacturerName><ManufactureCountry>ישראל</ManufactureCountry><ManufacturerItemDescription>תה ליפטון ארל גריי 1</ManufacturerItemDescription><SoldByWeight/><Quantity>200.00</Quantity><UnitOfMeasure>גרם     </UnitOfMeasure><QtyInPackage>לא ידוע</QtyInPackage><UnitOfMeasurePrice>0.1525</UnitOfMeasurePrice><AllowDiscount>1</AllowDiscount><ItemStatus>1</ItemStatus><ItemPrice>30.50</ItemPrice></item><item><PriceUpdateDate>2016-05-31 09:34:29</PriceUpdateDate><ItemCode>8690637555084</ItemCode><ItemType>1</ItemType><ItemName>מרכך כביסה בדין אקסט</ItemName><ManufacturerName>בדין</ManufacturerName><ManufactureCountry>ישראל</ManufactureCountry><ManufacturerItemDescription>מרכך בדין אקסטראת התפוז</ManufacturerItemDescription><SoldByWeight/><Quantity>960.00</Quantity><UnitOfMeasure>מ"ל</UnitOfMeasure><QtyInPackage>לא ידוע</QtyInPackage><UnitOfMeasurePrice>0.0176</UnitOfMeasurePrice><AllowDiscount>0</AllowDiscount><ItemStatus>1</ItemStatus><ItemPrice>16.90</ItemPrice></item><item><PriceUpdateDate>2016-08-18 10:28:34</PriceUpdateDate><ItemCode>8690637682551</ItemCode><ItemType>1</ItemType><ItemName>מב מרכך כביסה בדין א</ItemName><ManufacturerName>בדין</ManufacturerName><ManufactureCountry>ישראל</ManufactureCountry><ManufacturerItemDescription>מב מרכך כביסה בדין א</ManufacturerItemDescription><SoldByWeight/><Quantity>960.00</Quantity><UnitOfMeasure>מ"ל</UnitOfMeasure><QtyInPackage>לא ידוע</QtyInPackage><UnitOfMeasurePrice>0.0176</UnitOfMeasurePrice><AllowDiscount>1</AllowDiscount><ItemStatus>1</ItemStatus><ItemPrice>16.90</ItemPrice></item><item><PriceUpdateDate>2016-05-31 09:34:30</PriceUpdateDate><ItemCode>8690637789472</ItemCode><ItemType>1</ItemType><ItemName>מרכך כביסה בדין אקסט</ItemName><ManufacturerName>בדין</ManufacturerName><ManufactureCountry>ישראל</ManufactureCountry><ManufacturerItemDescription>מרכך כביסה בדין  960 מ"ל</ManufacturerItemDescription><SoldByWeight/><Quantity>960.00</Quantity><UnitOfMeasure>מ"ל</UnitOfMeasure><QtyInPackage>לא ידוע</QtyInPackage><UnitOfMeasurePrice>0.0176</UnitOfMeasurePrice><AllowDiscount>0</AllowDiscount><ItemStatus>1</ItemStatus><ItemPrice>16.90</ItemPrice></item><item><PriceUpdateDate>2015-11-17 14:36:15</PriceUpdateDate><ItemCode>8690770322598</ItemCode><ItemType>1</ItemType><ItemName>שמרים יבשים 125 גרם</ItemName><ManufacturerName>הנמל</ManufacturerName><ManufactureCountry>ישראל</ManufactureCountry><ManufacturerItemDescription>שמרים יבשים 125 גרם</ManufacturerItemDescription><SoldByWeight/><Quantity>125.00</Quantity><UnitOfMeasure>גרם     </UnitOfMeasure><QtyInPackage>לא ידוע</QtyInPackage><UnitOfMeasurePrice>0.0456</UnitOfMeasurePrice><AllowDiscount>1</AllowDiscount><ItemStatus>1</ItemStatus><ItemPrice>5.70</ItemPrice></item><item><PriceUpdateDate>2016-08-03 07:24:12</PriceUpdateDate><ItemCode>8697530910750</ItemCode><ItemType>1</ItemType><ItemName>ס.פאל מאל כחול ארוך</ItemName><ManufacturerName>פאל מאל</ManufacturerName><ManufactureCountry>ישראל</ManufactureCountry><ManufacturerItemDescription>פאל מאל חפ.     ך חפ.</ManufacturerItemDescription><SoldByWeight/><Quantity>0.00</Quantity><UnitOfMeasure>יח'</UnitOfMeasure><QtyInPackage>לא ידוע</QtyInPackage><UnitOfMeasurePrice>0.0000</UnitOfMeasurePrice><AllowDiscount>1</AllowDiscount><ItemStatus>1</ItemStatus><ItemPrice>27.90</ItemPrice></item><item><PriceUpdateDate>2016-08-03 07:24:13</PriceUpdateDate><ItemCode>8697530910774</ItemCode><ItemType>1</ItemType><ItemName>ס.פאל מאל כתום בודד</ItemName><ManufacturerName>פאל מאל</ManufacturerName><ManufactureCountry>ישראל</ManufactureCountry><ManufacturerItemDescription>סיגריות פאל מאל כתום</ManufacturerItemDescription><SoldByWeight/><Quantity>0.00</Quantity><UnitOfMeasure>יח'</UnitOfMeasure><QtyInPackage>לא ידוע</QtyInPackage><UnitOfMeasurePrice>0.0000</UnitOfMeasurePrice><AllowDiscount>1</AllowDiscount><ItemStatus>1</ItemStatus><ItemPrice>27.90</ItemPrice></item><item><PriceUpdateDate>2016-08-03 07:24:13</PriceUpdateDate><ItemCode>8697530910781</ItemCode><ItemType>1</ItemType><ItemName>ס.פאל מאל אדום בודד</ItemName><ManufacturerName>פאל מאל</ManufacturerName><ManufactureCountry>ישראל</ManufactureCountry><ManufacturerItemDescription>סיגריות פאל מל אדום בודד</ManufacturerItemDescription><SoldByWeight/><Quantity>0.00</Quantity><UnitOfMeasure>יח'</UnitOfMeasure><QtyInPackage>לא ידוע</QtyInPackage><UnitOfMeasurePrice>0.0000</UnitOfMeasurePrice><AllowDiscount>1</AllowDiscount><ItemStatus>1</ItemStatus><ItemPrice>27.90</ItemPrice></item><item><PriceUpdateDate>2016-08-03 07:24:13</PriceUpdateDate><ItemCode>8697530911276</ItemCode><ItemType>1</ItemType><ItemName>ס.קנט קצר בודד</ItemName><ManufacturerName>קנט</ManufacturerName><ManufactureCountry>ישראל</ManufactureCountry><ManufacturerItemDescription>קנט קצר חפיסה</ManufacturerItemDescription><SoldByWeight/><Quantity>0.00</Quantity><UnitOfMeasure>יח'</UnitOfMeasure><QtyInPackage>לא ידוע</QtyInPackage><UnitOfMeasurePrice>0.0000</UnitOfMeasurePrice><AllowDiscount>1</AllowDiscount><ItemStatus>1</ItemStatus><ItemPrice>33.90</ItemPrice></item><item><PriceUpdateDate>2016-05-05 12:30:42</PriceUpdateDate><ItemCode>8710502139017</ItemCode><ItemType>1</ItemType><ItemName>עוגיות מרבה טריפל שו</ItemName><ManufacturerName>מרבה</ManufacturerName><ManufactureCountry>הולנד</ManufactureCountry><ManufacturerItemDescription>עוגיות שוקוצ'יפסיפס180גר</ManufacturerItemDescription><SoldByWeight/><Quantity>180.00</Quantity><UnitOfMeasure>גרם     </UnitOfMeasure><QtyInPackage>לא ידוע</QtyInPackage><UnitOfMeasurePrice>0.0494</UnitOfMeasurePrice><AllowDiscount>0</AllowDiscount><ItemStatus>1</ItemStatus><ItemPrice>8.90</ItemPrice></item><item><PriceUpdateDate>2016-03-24 07:00:51</PriceUpdateDate><ItemCode>87108538</ItemCode><ItemType>1</ItemType><ItemName>סוכריות מנטוס גליל ב</ItemName><ManufacturerName>מנטוס</ManufacturerName><ManufactureCountry>הולנד</ManufactureCountry><ManufacturerItemDescription>מנטוס תות       37. גר</ManufacturerItemDescription><SoldByWeight/><Quantity>0.00</Quantity><UnitOfMeasure>יח'</UnitOfMeasure><QtyInPackage>לא ידוע</QtyInPackage><UnitOfMeasurePrice>0.0000</UnitOfMeasurePrice><AllowDiscount>1</AllowDiscount><ItemStatus>1</ItemStatus><ItemPrice>3.90</ItemPrice></item><item><PriceUpdateDate>2016-07-19 08:32:41</PriceUpdateDate><ItemCode>8714599513873</ItemCode><ItemType>1</ItemType><ItemName>קפה ג'ייקובס קרונונג</ItemName><ManufacturerName>ג'יקובס</ManufacturerName><ManufactureCountry>לא ידוע</ManufactureCountry><ManufacturerItemDescription>קפה ג'ייקובס קרונונג</ManufacturerItemDescription><SoldByWeight/><Quantity>33.00</Quantity><UnitOfMeasure>גרם     </UnitOfMeasure><QtyInPackage>לא ידוע</QtyInPackage><UnitOfMeasurePrice>0.1788</UnitOfMeasurePrice><AllowDiscount>1</AllowDiscount><ItemStatus>1</ItemStatus><ItemPrice>5.90</ItemPrice></item><item><PriceUpdateDate>2016-05-31 09:31:34</PriceUpdateDate><ItemCode>8714789529561</ItemCode><ItemType>1</ItemType><ItemName>משחת שיניים קולגייט</ItemName><ManufacturerName>קולגייט</ManufacturerName><ManufactureCountry>ישראל</ManufactureCountry><ManufacturerItemDescription>משחת קולגייט    ף+הלבנ75</ManufacturerItemDescription><SoldByWeight/><Quantity>75.00</Quantity><UnitOfMeasure>מ"ל</UnitOfMeasure><QtyInPackage>לא ידוע</QtyInPackage><UnitOfMeasurePrice>0.3653</UnitOfMeasurePrice><AllowDiscount>1</AllowDiscount><ItemStatus>1</ItemStatus><ItemPrice>27.40</ItemPrice></item><item><PriceUpdateDate>2016-05-05 12:30:42</PriceUpdateDate><ItemCode>8715700419732</ItemCode><ItemType>1</ItemType><ItemName>מתבל עגבניות היינץ 7</ItemName><ManufacturerName>היינץ</ManufacturerName><ManufactureCountry>הולנד</ManufactureCountry><ManufacturerItemDescription>קטשופ היינץ 700 גרם</ManufacturerItemDescription><SoldByWeight/><Quantity>700.00</Quantity><UnitOfMeasure>גרם     </UnitOfMeasure><QtyInPackage>לא ידוע</QtyInPackage><UnitOfMeasurePrice>0.0199</UnitOfMeasurePrice><AllowDiscount>1</AllowDiscount><ItemStatus>1</ItemStatus><ItemPrice>13.90</ItemPrice></item><item><PriceUpdateDate>2016-05-31 09:34:32</PriceUpdateDate><ItemCode>8717644390566</ItemCode><ItemType>1</ItemType><ItemName>סבון מוצק דאב רביעיי</ItemName><ManufacturerName>דאב</ManufacturerName><ManufactureCountry>ישראל</ManufactureCountry><ManufacturerItemDescription>סבון מוצק דאב רביעיי</ManufacturerItemDescription><SoldByWeight/><Quantity>400.00</Quantity><UnitOfMeasure>גרם     </UnitOfMeasure><QtyInPackage>לא ידוע</QtyInPackage><UnitOfMeasurePrice>0.0398</UnitOfMeasurePrice><AllowDiscount>1</AllowDiscount><ItemStatus>1</ItemStatus><ItemPrice>15.90</ItemPrice></item><item><PriceUpdateDate>2016-05-01 07:24:02</PriceUpdateDate><ItemCode>8718951001602</ItemCode><ItemType>1</ItemType><ItemName>אג'קס ספריי רב פעולו</ItemName><ManufacturerName>אג'קס</ManufacturerName><ManufactureCountry>לא ידוע</ManufactureCountry><ManufacturerItemDescription>אג'קס ספריי רב פעולו</ManufacturerItemDescription><SoldByWeight/><Quantity>600.00</Quantity><UnitOfMeasure>מ"ל</UnitOfMeasure><QtyInPackage>לא ידוע</QtyInPackage><UnitOfMeasurePrice>0.0282</UnitOfMeasurePrice><AllowDiscount>1</AllowDiscount><ItemStatus>1</ItemStatus><ItemPrice>16.90</ItemPrice></item><item><PriceUpdateDate>2016-06-27 19:06:39</PriceUpdateDate><ItemCode>8720100012445</ItemCode><ItemType>1</ItemType><ItemName>ג'נסן וופל טוסט 250</ItemName><ManufacturerName>ק.א.שוקולד</ManufacturerName><ManufactureCountry>הולנד</ManufactureCountry><ManufacturerItemDescription>וופל בלגי 12 יח250-גר</ManufacturerItemDescription><SoldByWeight/><Quantity>250.00</Quantity><UnitOfMeasure>גרם     </UnitOfMeasure><QtyInPackage>לא ידוע</QtyInPackage><UnitOfMeasurePrice>0.0516</UnitOfMeasurePrice><AllowDiscount>1</AllowDiscount><ItemStatus>1</ItemStatus><ItemPrice>12.90</ItemPrice></item><item><PriceUpdateDate>2016-06-06 06:47:01</PriceUpdateDate><ItemCode>8723400776901</ItemCode><ItemType>1</ItemType><ItemName>סוכריות מנטוס פופינס</ItemName><ManufacturerName>מנטוס</ManufacturerName><ManufactureCountry>הולנד</ManufactureCountry><ManufacturerItemDescription>מנטוס תות       37. גר</ManufacturerItemDescription><SoldByWeight/><Quantity>50.00</Quantity><UnitOfMeasure>גרם     </UnitOfMeasure><QtyInPackage>לא ידוע</QtyInPackage><UnitOfMeasurePrice>0.0980</UnitOfMeasurePrice><AllowDiscount>1</AllowDiscount><ItemStatus>1</ItemStatus><ItemPrice>4.90</ItemPrice></item><item><PriceUpdateDate>2016-06-06 06:47:01</PriceUpdateDate><ItemCode>8723400776918</ItemCode><ItemType>1</ItemType><ItemName>סוכריות מנטוס פופינס</ItemName><ManufacturerName>מנטוס</ManufacturerName><ManufactureCountry>הולנד</ManufactureCountry><ManufacturerItemDescription>מנטוס תות       37. גר</ManufacturerItemDescription><SoldByWeight/><Quantity>50.00</Quantity><UnitOfMeasure>גרם     </UnitOfMeasure><QtyInPackage>לא ידוע</QtyInPackage><UnitOfMeasurePrice>0.0980</UnitOfMeasurePrice><AllowDiscount>1</AllowDiscount><ItemStatus>1</ItemStatus><ItemPrice>4.90</ItemPrice></item><item><PriceUpdateDate>2016-06-22 07:09:58</PriceUpdateDate><ItemCode>8801055707966</ItemCode><ItemType>1</ItemType><ItemName>טסטרס  צ'ויס בריסטה</ItemName><ManufacturerName>אסם</ManufacturerName><ManufactureCountry>לא ידוע</ManufactureCountry><ManufacturerItemDescription>טסטרס  צ'ויס בריסטה</ManufacturerItemDescription><SoldByWeight/><Quantity>180.00</Quantity><UnitOfMeasure>גרם     </UnitOfMeasure><QtyInPackage>לא ידוע</QtyInPackage><UnitOfMeasurePrice>0.1939</UnitOfMeasurePrice><AllowDiscount>1</AllowDiscount><ItemStatus>1</ItemStatus><ItemPrice>34.90</ItemPrice></item><item><PriceUpdateDate>2016-08-02 06:32:03</PriceUpdateDate><ItemCode>8803733581202</ItemCode><ItemType>1</ItemType><ItemName>קופסא 1.5 ליטר לוק א</ItemName><ManufacturerName>לא ממותג</ManufacturerName><ManufactureCountry>ישראל</ManufactureCountry><ManufacturerItemDescription>קופסא 1.5 ליטר לוק א</ManufacturerItemDescription><SoldByWeight/><Quantity>1.00</Quantity><UnitOfMeasure>יח'</UnitOfMeasure><QtyInPackage>לא ידוע</QtyInPackage><UnitOfMeasurePrice>22.4000</UnitOfMeasurePrice><AllowDiscount>1</AllowDiscount><ItemStatus>1</ItemStatus><ItemPrice>22.40</ItemPrice></item><item><PriceUpdateDate>2016-08-02 06:36:05</PriceUpdateDate><ItemCode>884912012791</ItemCode><ItemType>1</ItemType><ItemName>מב דגני בוקר האני בא</ItemName><ManufacturerName>פוסט</ManufacturerName><ManufactureCountry>ישראל</ManufactureCountry><ManufacturerItemDescription>מב דגני בוקר האני בא</ManufacturerItemDescription><SoldByWeight/><Quantity>411.00</Quantity><UnitOfMeasure>גרם     </UnitOfMeasure><QtyInPackage>לא ידוע</QtyInPackage><UnitOfMeasurePrice>0.0436</UnitOfMeasurePrice><AllowDiscount>1</AllowDiscount><ItemStatus>1</ItemStatus><ItemPrice>17.90</ItemPrice></item><item><PriceUpdateDate>2016-08-02 06:36:05</PriceUpdateDate><ItemCode>884912014252</ItemCode><ItemType>1</ItemType><ItemName>מב דגני בוקר האני בא</ItemName><ManufacturerName>פוסט</ManufacturerName><ManufactureCountry>ארצות הברית</ManufactureCountry><ManufacturerItemDescription>קפה פילטר מליטה 250 גרם</ManufacturerItemDescription><SoldByWeight/><Quantity>411.00</Quantity><UnitOfMeasure>גרם     </UnitOfMeasure><QtyInPackage>לא ידוע</QtyInPackage><UnitOfMeasurePrice>0.0436</UnitOfMeasurePrice><AllowDiscount>1</AllowDiscount><ItemStatus>1</ItemStatus><ItemPrice>17.90</ItemPrice></item><item><PriceUpdateDate>2016-08-02 06:36:05</PriceUpdateDate><ItemCode>884912103703</ItemCode><ItemType>1</ItemType><ItemName>מב דגני פוסט וופל קר</ItemName><ManufacturerName>פוסט</ManufacturerName><ManufactureCountry>ארצות הברית</ManufactureCountry><ManufacturerItemDescription>תערובת דגנים וופל קריספ32</ManufacturerItemDescription><SoldByWeight/><Quantity>325.00</Quantity><UnitOfMeasure>גרם     </UnitOfMeasure><QtyInPackage>לא ידוע</QtyInPackage><UnitOfMeasurePrice>0.0551</UnitOfMeasurePrice><AllowDiscount>1</AllowDiscount><ItemStatus>1</ItemStatus><ItemPrice>17.90</ItemPrice></item><item><PriceUpdateDate>2016-08-02 06:36:52</PriceUpdateDate><ItemCode>8850180040028</ItemCode><ItemType>1</ItemType><ItemName>מב טמפורה 500 גרם</ItemName><ManufacturerName>לא ממותג</ManufacturerName><ManufactureCountry>ישראל</ManufactureCountry><ManufacturerItemDescription>מב טמפורה 500 גרם</ManufacturerItemDescription><SoldByWeight/><Quantity>340.00</Quantity><UnitOfMeasure>גרם     </UnitOfMeasure><QtyInPackage>לא ידוע</QtyInPackage><UnitOfMeasurePrice>0.0291</UnitOfMeasurePrice><AllowDiscount>1</AllowDiscount><ItemStatus>1</ItemStatus><ItemPrice>9.90</ItemPrice></item><item><PriceUpdateDate>2016-08-02 06:32:04</PriceUpdateDate><ItemCode>8850367990139</ItemCode><ItemType>1</ItemType><ItemName>מב רוטב חמוץ מתוק</ItemName><ManufacturerName>לא ממותג</ManufacturerName><ManufactureCountry>ישראל</ManufactureCountry><ManufacturerItemDescription>מב רוטב חמוץ מתוק</ManufacturerItemDescription><SoldByWeight/><Quantity>285.00</Quantity><UnitOfMeasure>מ"ל</UnitOfMeasure><QtyInPackage>לא ידוע</QtyInPackage><UnitOfMeasurePrice>0.0351</UnitOfMeasurePrice><AllowDiscount>1</AllowDiscount><ItemStatus>1</ItemStatus><ItemPrice>10.00</ItemPrice></item><item><PriceUpdateDate>2015-10-13 09:48:52</PriceUpdateDate><ItemCode>8850632604259</ItemCode><ItemType>1</ItemType><ItemName>חמצוצים יוגטה בצורת</ItemName><ManufacturerName>יוגטה</ManufacturerName><ManufactureCountry>ישראל</ManufactureCountry><ManufacturerItemDescription>יוגטה ממתק חמוץ  תות 50ג</ManufacturerItemDescription><SoldByWeight/><Quantity>50.00</Quantity><UnitOfMeasure>גרם     </UnitOfMeasure><QtyInPackage>לא ידוע</QtyInPackage><UnitOfMeasurePrice>0.1160</UnitOfMeasurePrice><AllowDiscount>1</AllowDiscount><ItemStatus>1</ItemStatus><ItemPrice>5.80</ItemPrice></item><item><PriceUpdateDate>2015-10-13 09:48:52</PriceUpdateDate><ItemCode>8850632604266</ItemCode><ItemType>1</ItemType><ItemName>חמצוצים יוגטה בצורת</ItemName><ManufacturerName>יוגטה</ManufacturerName><ManufactureCountry>ישראל</ManufactureCountry><ManufacturerItemDescription>יוגטה ממתק חמוץ  קולה50ג</ManufacturerItemDescription><SoldByWeight/><Quantity>50.00</Quantity><UnitOfMeasure>גרם     </UnitOfMeasure><QtyInPackage>לא ידוע</QtyInPackage><UnitOfMeasurePrice>0.1160</UnitOfMeasurePrice><AllowDiscount>1</AllowDiscount><ItemStatus>1</ItemStatus><ItemPrice>5.80</ItemPrice></item><item><PriceUpdateDate>2015-10-13 09:48:52</PriceUpdateDate><ItemCode>8850632604402</ItemCode><ItemType>1</ItemType><ItemName>חמצוצים יוגטה בצורת</ItemName><ManufacturerName>לא ידוע</ManufacturerName><ManufactureCountry>ישראל</ManufactureCountry><ManufacturerItemDescription>יוגטה ממתק תות ענבים בצור</ManufacturerItemDescription><SoldByWeight/><Quantity>50.00</Quantity><UnitOfMeasure>גרם     </UnitOfMeasure><QtyInPackage>לא ידוע</QtyInPackage><UnitOfMeasurePrice>0.1160</UnitOfMeasurePrice><AllowDiscount>1</AllowDiscount><ItemStatus>1</ItemStatus><ItemPrice>5.80</ItemPrice></item><item><PriceUpdateDate>2015-10-13 09:48:52</PriceUpdateDate><ItemCode>8850632606390</ItemCode><ItemType>1</ItemType><ItemName>יוגטה חיספוסים בטעם</ItemName><ManufacturerName>יוגטה</ManufacturerName><ManufactureCountry>ישראל</ManufactureCountry><ManufacturerItemDescription>יוגטה חיספוסים בטעם</ManufacturerItemDescription><SoldByWeight/><Quantity>50.00</Quantity><UnitOfMeasure>גרם     </UnitOfMeasure><QtyInPackage>לא ידוע</QtyInPackage><UnitOfMeasurePrice>0.1160</UnitOfMeasurePrice><AllowDiscount>1</AllowDiscount><ItemStatus>1</ItemStatus><ItemPrice>5.80</ItemPrice></item><item><PriceUpdateDate>2015-11-17 14:36:18</PriceUpdateDate><ItemCode>8852111005786</ItemCode><ItemType>1</ItemType><ItemName>דג סיירה במיץ טבעי 2</ItemName><ManufacturerName>לא ממותג</ManufacturerName><ManufactureCountry>ישראל</ManufactureCountry><ManufacturerItemDescription>דג סיירה במיץ טבעי 2</ManufacturerItemDescription><SoldByWeight/><Quantity>240.00</Quantity><UnitOfMeasure>גרם     </UnitOfMeasure><QtyInPackage>לא ידוע</QtyInPackage><UnitOfMeasurePrice>0.0321</UnitOfMeasurePrice><AllowDiscount>1</AllowDiscount><ItemStatus>1</ItemStatus><ItemPrice>7.70</ItemPrice></item><item><PriceUpdateDate>2016-08-02 06:32:04</PriceUpdateDate><ItemCode>8858271002870</ItemCode><ItemType>1</ItemType><ItemName>מב רוטב פאד תאי 250</ItemName><ManufacturerName>לא ממותג</ManufacturerName><ManufactureCountry>ישראל</ManufactureCountry><ManufacturerItemDescription>מב רוטב פאד תאי 250</ManufacturerItemDescription><SoldByWeight/><Quantity>250.00</Quantity><UnitOfMeasure>מ"ל</UnitOfMeasure><QtyInPackage>לא ידוע</QtyInPackage><UnitOfMeasurePrice>0.0400</UnitOfMeasurePrice><AllowDiscount>1</AllowDiscount><ItemStatus>1</ItemStatus><ItemPrice>10.00</ItemPrice></item><item><PriceUpdateDate>2016-06-28 06:24:07</PriceUpdateDate><ItemCode>8858271004799</ItemCode><ItemType>1</ItemType><ItemName>מב רוטב צ'ילי מתוק 7</ItemName><ManufacturerName>לא ממותג</ManufacturerName><ManufactureCountry>ישראל</ManufactureCountry><ManufacturerItemDescription>מב רוטב צ'ילי מתוק 7</ManufacturerItemDescription><SoldByWeight/><Quantity>700.00</Quantity><UnitOfMeasure>מ"ל</UnitOfMeasure><QtyInPackage>לא ידוע</QtyInPackage><UnitOfMeasurePrice>0.0113</UnitOfMeasurePrice><AllowDiscount>1</AllowDiscount><ItemStatus>1</ItemStatus><ItemPrice>7.90</ItemPrice></item><item><PriceUpdateDate>2016-08-10 11:21:45</PriceUpdateDate><ItemCode>8888021200256</ItemCode><ItemType>1</ItemType><ItemName>סוללות AA שמיניה אנר</ItemName><ManufacturerName>אנרג'ייזר</ManufacturerName><ManufactureCountry>ארצות הברית</ManufactureCountry><ManufacturerItemDescription>8 סוללות AAA    A</ManufacturerItemDescription><SoldByWeight/><Quantity>8.00</Quantity><UnitOfMeasure>בודד</UnitOfMeasure><QtyInPackage>לא ידוע</QtyInPackage><UnitOfMeasurePrice>4.2375</UnitOfMeasurePrice><AllowDiscount>1</AllowDiscount><ItemStatus>1</ItemStatus><ItemPrice>33.90</ItemPrice></item><item><PriceUpdateDate>2015-01-01 00:00:00</PriceUpdateDate><ItemCode>88888034</ItemCode><ItemType>0</ItemType><ItemName>מזון מהיר</ItemName><ManufacturerName>לא ידוע</ManufacturerName><ManufactureCountry>לא ידוע</ManufactureCountry><ManufacturerItemDescription>מזון מהיר</ManufacturerItemDescription><SoldByWeight/><Quantity>0.00</Quantity><UnitOfMeasure>לא ידוע</UnitOfMeasure><QtyInPackage>לא ידוע</QtyInPackage><UnitOfMeasurePrice>0.0000</UnitOfMeasurePrice><AllowDiscount>1</AllowDiscount><ItemStatus>1</ItemStatus><ItemPrice>0.00</ItemPrice></item><item><PriceUpdateDate>2015-01-01 00:00:00</PriceUpdateDate><ItemCode>88888050</ItemCode><ItemType>0</ItemType><ItemName>בית קפה מעלה אדומים</ItemName><ManufacturerName>לא ידוע</ManufacturerName><ManufactureCountry>לא ידוע</ManufactureCountry><ManufacturerItemDescription>בית קפה מעלה אדומים</ManufacturerItemDescription><SoldByWeight/><Quantity>0.00</Quantity><UnitOfMeasure>לא ידוע</UnitOfMeasure><QtyInPackage>לא ידוע</QtyInPackage><UnitOfMeasurePrice>0.0000</UnitOfMeasurePrice><AllowDiscount>1</AllowDiscount><ItemStatus>1</ItemStatus><ItemPrice>0.00</ItemPrice></item><item><PriceUpdateDate>2015-01-01 00:00:00</PriceUpdateDate><ItemCode>88888053</ItemCode><ItemType>0</ItemType><ItemName>די לילדים - זכיינות</ItemName><ManufacturerName>לא ידוע</ManufacturerName><ManufactureCountry>לא ידוע</ManufactureCountry><ManufacturerItemDescription>די לילדים - זכיינות</ManufacturerItemDescription><SoldByWeight/><Quantity>0.00</Quantity><UnitOfMeasure>לא ידוע</UnitOfMeasure><QtyInPackage>לא ידוע</QtyInPackage><UnitOfMeasurePrice>0.0000</UnitOfMeasurePrice><AllowDiscount>1</AllowDiscount><ItemStatus>1</ItemStatus><ItemPrice>0.00</ItemPrice></item><item><PriceUpdateDate>2015-01-01 00:00:00</PriceUpdateDate><ItemCode>88888068</ItemCode><ItemType>0</ItemType><ItemName>זכיינות חגורות</ItemName><ManufacturerName>לא ידוע</ManufacturerName><ManufactureCountry>לא ידוע</ManufactureCountry><ManufacturerItemDescription>זכיינות חגורות</ManufacturerItemDescription><SoldByWeight/><Quantity>0.00</Quantity><UnitOfMeasure>לא ידוע</UnitOfMeasure><QtyInPackage>לא ידוע</QtyInPackage><UnitOfMeasurePrice>0.0000</UnitOfMeasurePrice><AllowDiscount>1</AllowDiscount><ItemStatus>1</ItemStatus><ItemPrice>0.00</ItemPrice></item><item><PriceUpdateDate>2015-01-01 00:00:00</PriceUpdateDate><ItemCode>88888086</ItemCode><ItemType>0</ItemType><ItemName>אביזרי עזר מכלת</ItemName><ManufacturerName>לא ידוע</ManufacturerName><ManufactureCountry>לא ידוע</ManufactureCountry><ManufacturerItemDescription>אביזרי עזר מכלת</ManufacturerItemDescription><SoldByWeight/><Quantity>0.00</Quantity><UnitOfMeasure>לא ידוע</UnitOfMeasure><QtyInPackage>לא ידוע</QtyInPackage><UnitOfMeasurePrice>0.0000</UnitOfMeasurePrice><AllowDiscount>1</AllowDiscount><ItemStatus>1</ItemStatus><ItemPrice>0.00</ItemPrice></item><item><PriceUpdateDate>2015-01-01 00:00:00</PriceUpdateDate><ItemCode>88888106</ItemCode><ItemType>0</ItemType><ItemName>זכיינות עולם הבית</ItemName><ManufacturerName>לא ידוע</ManufacturerName><ManufactureCountry>לא ידוע</ManufactureCountry><ManufacturerItemDescription>זכיינות עולם הבית</ManufacturerItemDescription><SoldByWeight/><Quantity>0.00</Quantity><UnitOfMeasure>לא ידוע</UnitOfMeasure><QtyInPackage>לא ידוע</QtyInPackage><UnitOfMeasurePrice>0.0000</UnitOfMeasurePrice><AllowDiscount>1</AllowDiscount><ItemStatus>1</ItemStatus><ItemPrice>0.00</ItemPrice></item><item><PriceUpdateDate>2016-08-02 06:36:52</PriceUpdateDate><ItemCode>8902335028884</ItemCode><ItemType>1</ItemType><ItemName>מב עוגיות בטעם חמאה</ItemName><ManufacturerName>לא ממותג</ManufacturerName><ManufactureCountry>לא ידוע</ManufactureCountry><ManufacturerItemDescription>מב עוגיות בטעם חמאה</ManufacturerItemDescription><SoldByWeight/><Quantity>340.00</Quantity><UnitOfMeasure>גרם     </UnitOfMeasure><QtyInPackage>לא ידוע</QtyInPackage><UnitOfMeasurePrice>0.0294</UnitOfMeasurePrice><AllowDiscount>1</AllowDiscount><ItemStatus>1</ItemStatus><ItemPrice>10.00</ItemPrice></item><item><PriceUpdateDate>2016-06-28 06:24:07</PriceUpdateDate><ItemCode>8936028610315</ItemCode><ItemType>1</ItemType><ItemName>מב אורז לסושי אקיטה</ItemName><ManufacturerName>לא ממותג</ManufacturerName><ManufactureCountry>ישראל</ManufactureCountry><ManufacturerItemDescription>מב אורז לסושי אקיטה</ManufacturerItemDescription><SoldByWeight/><Quantity>1000.00</Quantity><UnitOfMeasure>גרם     </UnitOfMeasure><QtyInPackage>לא ידוע</QtyInPackage><UnitOfMeasurePrice>0.0109</UnitOfMeasurePrice><AllowDiscount>1</AllowDiscount><ItemStatus>1</ItemStatus><ItemPrice>10.90</ItemPrice></item><item><PriceUpdateDate>2015-10-22 09:58:40</PriceUpdateDate><ItemCode>89397344300</ItemCode><ItemType>1</ItemType><ItemName>דיניקולה רוטב פסטה 7</ItemName><ManufacturerName>לא ממותג</ManufacturerName><ManufactureCountry>ארצות הברית</ManufactureCountry><ManufacturerItemDescription>רוטב פסטה עגבניות ובזיליק</ManufacturerItemDescription><SoldByWeight/><Quantity>737.00</Quantity><UnitOfMeasure>גרם     </UnitOfMeasure><QtyInPackage>לא ידוע</QtyInPackage><UnitOfMeasurePrice>0.0240</UnitOfMeasurePrice><AllowDiscount>1</AllowDiscount><ItemStatus>1</ItemStatus><ItemPrice>17.70</ItemPrice></item><item><PriceUpdateDate>2015-11-17 07:38:01</PriceUpdateDate><ItemCode>89397344362</ItemCode><ItemType>1</ItemType><ItemName>דיניקולה רוטב פסטה מ</ItemName><ManufacturerName>לא ממותג</ManufacturerName><ManufactureCountry>ארצות הברית</ManufactureCountry><ManufacturerItemDescription>רוטב פסטה מרינה קלאסי 737</ManufacturerItemDescription><SoldByWeight/><Quantity>737.00</Quantity><UnitOfMeasure>גרם     </UnitOfMeasure><QtyInPackage>לא ידוע</QtyInPackage><UnitOfMeasurePrice>0.0240</UnitOfMeasurePrice><AllowDiscount>1</AllowDiscount><ItemStatus>1</ItemStatus><ItemPrice>17.70</ItemPrice></item><item><PriceUpdateDate>2016-06-27 19:06:40</PriceUpdateDate><ItemCode>9310072013855</ItemCode><ItemType>1</ItemType><ItemName>עוגיות טים טם שוקולד</ItemName><ManufacturerName>TIM TAM</ManufacturerName><ManufactureCountry>אוסטרליה</ManufactureCountry><ManufacturerItemDescription>ביסקויט טים טם  אבל 200ג</ManufacturerItemDescription><SoldByWeight/><Quantity>200.00</Quantity><UnitOfMeasure>גרם     </UnitOfMeasure><QtyInPackage>לא ידוע</QtyInPackage><UnitOfMeasurePrice>0.1095</UnitOfMeasurePrice><AllowDiscount>1</AllowDiscount><ItemStatus>1</ItemStatus><ItemPrice>21.90</ItemPrice></item><item><PriceUpdateDate>2016-05-31 09:34:34</PriceUpdateDate><ItemCode>9322969000015</ItemCode><ItemType>1</ItemType><ItemName>פריכיות תירס אוריגינ</ItemName><ManufacturerName>Realfoods</ManufacturerName><ManufactureCountry>ישראל</ManufactureCountry><ManufacturerItemDescription>פריכיות תירס טעם טבעי -15</ManufacturerItemDescription><SoldByWeight/><Quantity>150.00</Quantity><UnitOfMeasure>גרם     </UnitOfMeasure><QtyInPackage>לא ידוע</QtyInPackage><UnitOfMeasurePrice>0.0860</UnitOfMeasurePrice><AllowDiscount>1</AllowDiscount><ItemStatus>1</ItemStatus><ItemPrice>12.90</ItemPrice></item><item><PriceUpdateDate>2016-05-31 09:34:34</PriceUpdateDate><ItemCode>9322969000022</ItemCode><ItemType>1</ItemType><ItemName>פריכיות תירס סויה וז</ItemName><ManufacturerName>Realfoods</ManufacturerName><ManufactureCountry>ישראל</ManufactureCountry><ManufacturerItemDescription>פריכיות תירס עם סויה וזרע</ManufacturerItemDescription><SoldByWeight/><Quantity>150.00</Quantity><UnitOfMeasure>גרם     </UnitOfMeasure><QtyInPackage>לא ידוע</QtyInPackage><UnitOfMeasurePrice>0.0860</UnitOfMeasurePrice><AllowDiscount>1</AllowDiscount><ItemStatus>1</ItemStatus><ItemPrice>12.90</ItemPrice></item><item><PriceUpdateDate>2016-05-31 09:34:34</PriceUpdateDate><ItemCode>9322969000046</ItemCode><ItemType>1</ItemType><ItemName>פריכיות תירס שומשום</ItemName><ManufacturerName>Realfoods</ManufacturerName><ManufactureCountry>ישראל</ManufactureCountry><ManufacturerItemDescription>פריכיות תירס אורגניות עם</ManufacturerItemDescription><SoldByWeight/><Quantity>150.00</Quantity><UnitOfMeasure>גרם     </UnitOfMeasure><QtyInPackage>לא ידוע</QtyInPackage><UnitOfMeasurePrice>0.0860</UnitOfMeasurePrice><AllowDiscount>1</AllowDiscount><ItemStatus>1</ItemStatus><ItemPrice>12.90</ItemPrice></item><item><PriceUpdateDate>2015-10-22 09:59:26</PriceUpdateDate><ItemCode>9720188050109</ItemCode><ItemType>1</ItemType><ItemName>גבינת טופו בטעמים 22</ItemName><ManufacturerName>טופוטי</ManufacturerName><ManufactureCountry>ישראל</ManufactureCountry><ManufacturerItemDescription>גבינת טופו בטעמים 22</ManufacturerItemDescription><SoldByWeight/><Quantity>225.00</Quantity><UnitOfMeasure>גרם     </UnitOfMeasure><QtyInPackage>לא ידוע</QtyInPackage><UnitOfMeasurePrice>0.1000</UnitOfMeasurePrice><AllowDiscount>1</AllowDiscount><ItemStatus>1</ItemStatus><ItemPrice>22.50</ItemPrice></item><item><PriceUpdateDate>2015-10-22 09:59:26</PriceUpdateDate><ItemCode>9720188060108</ItemCode><ItemType>1</ItemType><ItemName>שמנת טופו בטעמים 340</ItemName><ManufacturerName>טופוטי</ManufacturerName><ManufactureCountry>ארצות הברית</ManufactureCountry><ManufacturerItemDescription>משחת קולגייט     מולטי75</ManufacturerItemDescription><SoldByWeight/><Quantity>340.00</Quantity><UnitOfMeasure>גרם     </UnitOfMeasure><QtyInPackage>לא ידוע</QtyInPackage><UnitOfMeasurePrice>0.0662</UnitOfMeasurePrice><AllowDiscount>1</AllowDiscount><ItemStatus>1</ItemStatus><ItemPrice>22.50</ItemPrice></item><item><PriceUpdateDate>2015-05-22 10:59:29</PriceUpdateDate><ItemCode>9770793973003</ItemCode><ItemType>1</ItemType><ItemName>שבועון מקור ראשון</ItemName><ManufacturerName>בר פוינט אוף סייל</ManufacturerName><ManufactureCountry>ישראל</ManufactureCountry><ManufacturerItemDescription>שבועון מקור ראשון</ManufacturerItemDescription><SoldByWeight/><Quantity>0.00</Quantity><UnitOfMeasure>יח'</UnitOfMeasure><QtyInPackage>לא ידוע</QtyInPackage><UnitOfMeasurePrice>0.0000</UnitOfMeasurePrice><AllowDiscount>1</AllowDiscount><ItemStatus>1</ItemStatus><ItemPrice>15.00</ItemPrice></item><item><PriceUpdateDate>2015-09-02 07:31:26</PriceUpdateDate><ItemCode>9771565038319</ItemCode><ItemType>1</ItemType><ItemName>עיתון רגיל יום א'</ItemName><ManufacturerName>ידיעות אחרונות</ManufacturerName><ManufactureCountry>ישראל</ManufactureCountry><ManufacturerItemDescription>עיתון רגיל יום א'</ManufacturerItemDescription><SoldByWeight/><Quantity>0.00</Quantity><UnitOfMeasure>יח'</UnitOfMeasure><QtyInPackage>לא ידוע</QtyInPackage><UnitOfMeasurePrice>0.0000</UnitOfMeasurePrice><AllowDiscount>1</AllowDiscount><ItemStatus>1</ItemStatus><ItemPrice>2.00</ItemPrice></item><item><PriceUpdateDate>2015-09-02 07:31:26</PriceUpdateDate><ItemCode>9771565038326</ItemCode><ItemType>1</ItemType><ItemName>עיתון רגיל יום ב'</ItemName><ManufacturerName>ידיעות אחרונות</ManufacturerName><ManufactureCountry>ישראל</ManufactureCountry><ManufacturerItemDescription>עיתון רגיל יום ב'</ManufacturerItemDescription><SoldByWeight/><Quantity>0.00</Quantity><UnitOfMeasure>יח'</UnitOfMeasure><QtyInPackage>לא ידוע</QtyInPackage><UnitOfMeasurePrice>0.0000</UnitOfMeasurePrice><AllowDiscount>1</AllowDiscount><ItemStatus>1</ItemStatus><ItemPrice>2.00</ItemPrice></item><item><PriceUpdateDate>2015-09-02 07:31:26</PriceUpdateDate><ItemCode>9771565038333</ItemCode><ItemType>1</ItemType><ItemName>עיתון רגיל יום ג'</ItemName><ManufacturerName>לא ידוע</ManufacturerName><ManufactureCountry>ישראל</ManufactureCountry><ManufacturerItemDescription>עיתון רגיל יום ג'</ManufacturerItemDescription><SoldByWeight/><Quantity>0.00</Quantity><UnitOfMeasure>יח'</UnitOfMeasure><QtyInPackage>לא ידוע</QtyInPackage><UnitOfMeasurePrice>0.0000</UnitOfMeasurePrice><AllowDiscount>1</AllowDiscount><ItemStatus>1</ItemStatus><ItemPrice>2.00</ItemPrice></item><item><PriceUpdateDate>2015-09-02 07:31:26</PriceUpdateDate><ItemCode>9771565038357</ItemCode><ItemType>1</ItemType><ItemName>עיתון רגיל יום ה'</ItemName><ManufacturerName>ידיעות אחרונות</ManufacturerName><ManufactureCountry>ישראל</ManufactureCountry><ManufacturerItemDescription>עיתון רגיל יום ה'</ManufacturerItemDescription><SoldByWeight/><Quantity>0.00</Quantity><UnitOfMeasure>יח'</UnitOfMeasure><QtyInPackage>לא ידוע</QtyInPackage><UnitOfMeasurePrice>0.0000</UnitOfMeasurePrice><AllowDiscount>1</AllowDiscount><ItemStatus>1</ItemStatus><ItemPrice>2.00</ItemPrice></item><item><PriceUpdateDate>2015-09-03 06:55:27</PriceUpdateDate><ItemCode>9771565039125</ItemCode><ItemType>1</ItemType><ItemName>עיתון לאשה יום ב'</ItemName><ManufacturerName>לא ידוע</ManufacturerName><ManufactureCountry>ישראל</ManufactureCountry><ManufacturerItemDescription>עיתון לאשה יום ב'</ManufacturerItemDescription><SoldByWeight/><Quantity>0.00</Quantity><UnitOfMeasure>יח'</UnitOfMeasure><QtyInPackage>לא ידוע</QtyInPackage><UnitOfMeasurePrice>0.0000</UnitOfMeasurePrice><AllowDiscount>1</AllowDiscount><ItemStatus>1</ItemStatus><ItemPrice>18.00</ItemPrice></item><item><PriceUpdateDate>2015-01-27 06:47:49</PriceUpdateDate><ItemCode>9771565051066</ItemCode><ItemType>1</ItemType><ItemName>עיתון ידיעות  יום ו'</ItemName><ManufacturerName>לא ידוע</ManufacturerName><ManufactureCountry>ישראל</ManufactureCountry><ManufacturerItemDescription>עיתון ידיעות  יום ו'</ManufacturerItemDescription><SoldByWeight/><Quantity>0.00</Quantity><UnitOfMeasure>יח'</UnitOfMeasure><QtyInPackage>לא ידוע</QtyInPackage><UnitOfMeasurePrice>0.0000</UnitOfMeasurePrice><AllowDiscount>1</AllowDiscount><ItemStatus>1</ItemStatus><ItemPrice>15.00</ItemPrice></item><item><PriceUpdateDate>2015-09-02 07:31:26</PriceUpdateDate><ItemCode>9771565058317</ItemCode><ItemType>1</ItemType><ItemName>עיתון רגיל יום א'</ItemName><ManufacturerName>ידיעות אחרונות</ManufacturerName><ManufactureCountry>ישראל</ManufactureCountry><ManufacturerItemDescription>עיתון רגיל יום א'</ManufacturerItemDescription><SoldByWeight/><Quantity>0.00</Quantity><UnitOfMeasure>יח'</UnitOfMeasure><QtyInPackage>לא ידוע</QtyInPackage><UnitOfMeasurePrice>0.0000</UnitOfMeasurePrice><AllowDiscount>1</AllowDiscount><ItemStatus>1</ItemStatus><ItemPrice>2.00</ItemPrice></item><item><PriceUpdateDate>2016-02-19 08:21:09</PriceUpdateDate><ItemCode>9771565062642</ItemCode><ItemType>1</ItemType><ItemName>פנאי פלוס יום ד'</ItemName><ManufacturerName>פנאי פלוס</ManufacturerName><ManufactureCountry>ישראל</ManufactureCountry><ManufacturerItemDescription>פנאי פלוס יום ד'</ManufacturerItemDescription><SoldByWeight/><Quantity>0.00</Quantity><UnitOfMeasure>יח'</UnitOfMeasure><QtyInPackage>לא ידוע</QtyInPackage><UnitOfMeasurePrice>0.0000</UnitOfMeasurePrice><AllowDiscount>1</AllowDiscount><ItemStatus>1</ItemStatus><ItemPrice>10.00</ItemPrice></item><item><PriceUpdateDate>2015-01-27 06:47:49</PriceUpdateDate><ItemCode>9771565066961</ItemCode><ItemType>1</ItemType><ItemName>ידיעות ירושלים יום ש</ItemName><ManufacturerName>לא ידוע</ManufacturerName><ManufactureCountry>ישראל</ManufactureCountry><ManufacturerItemDescription>ידיעות ירושלים יום ש</ManufacturerItemDescription><SoldByWeight/><Quantity>0.00</Quantity><UnitOfMeasure>יח'</UnitOfMeasure><QtyInPackage>לא ידוע</QtyInPackage><UnitOfMeasurePrice>0.0000</UnitOfMeasurePrice><AllowDiscount>1</AllowDiscount><ItemStatus>1</ItemStatus><ItemPrice>6.80</ItemPrice></item><item><PriceUpdateDate>2016-08-01 09:44:05</PriceUpdateDate><ItemCode>9771565663252</ItemCode><ItemType>1</ItemType><ItemName>מב מגזין " GO " יום</ItemName><ManufacturerName>לא ידוע</ManufacturerName><ManufactureCountry>ישראל</ManufactureCountry><ManufacturerItemDescription>מב מגזין " GO " יום</ManufacturerItemDescription><SoldByWeight/><Quantity>0.00</Quantity><UnitOfMeasure>יח'</UnitOfMeasure><QtyInPackage>לא ידוע</QtyInPackage><UnitOfMeasurePrice>0.0000</UnitOfMeasurePrice><AllowDiscount>1</AllowDiscount><ItemStatus>1</ItemStatus><ItemPrice>15.00</ItemPrice></item><item><PriceUpdateDate>2016-01-25 08:07:39</PriceUpdateDate><ItemCode>9771565736116</ItemCode><ItemType>1</ItemType><ItemName>עיתון כל העיר</ItemName><ManufacturerName>כל העיר</ManufacturerName><ManufactureCountry>ישראל</ManufactureCountry><ManufacturerItemDescription>עיתון כל העיר</ManufacturerItemDescription><SoldByWeight/><Quantity>0.00</Quantity><UnitOfMeasure>יח'</UnitOfMeasure><QtyInPackage>לא ידוע</QtyInPackage><UnitOfMeasurePrice>0.0000</UnitOfMeasurePrice><AllowDiscount>1</AllowDiscount><ItemStatus>1</ItemStatus><ItemPrice>6.50</ItemPrice></item><item><PriceUpdateDate>2015-01-27 06:47:49</PriceUpdateDate><ItemCode>9771565778031</ItemCode><ItemType>1</ItemType><ItemName>מגזין הפוסטרמניה "הח</ItemName><ManufacturerName>לא ממותג</ManufacturerName><ManufactureCountry>ישראל</ManufactureCountry><ManufacturerItemDescription>מגזין הפוסטרמניה "הח</ManufacturerItemDescription><SoldByWeight/><Quantity>1.00</Quantity><UnitOfMeasure>יח'</UnitOfMeasure><QtyInPackage>לא ידוע</QtyInPackage><UnitOfMeasurePrice>24.9000</UnitOfMeasurePrice><AllowDiscount>1</AllowDiscount><ItemStatus>1</ItemStatus><ItemPrice>24.90</ItemPrice></item></Items></root>
